2996 4432
1234 259 1278 290 IN

336 351 477 404 Quum
506 362 652 392 omnes
683 349 876 392 homines
910 350 1062 403 sponte
1091 350 1344 388 moveantur
1364 377 1376 399 ‚

275 423 382 476 quia
402 422 538 464 libero
559 426 657 463 sunt
677 419 861 476 praediti
878 418 1056 463 arlsstrio
1074 449 1085 471 ‚
1111 430 1236 460 nemo
1258 422 1379 459 natu-

275 494 425 535 raliter
446 494 512 535 vel
535 493 675 534 bonus
697 495 761 533 est
778 489 843 532 vel
865 489 1014 532 malus.
1044 491 1091 531 Et
1115 490 1316 544 quoniam
1344 489 1379 530 is

276 564 398 606 solus
418 565 491 618 qui
510 563 675 605 virtutis
696 565 758 603 est
782 572 960 615 compos
974 591 985 613 ‚
1024 562 1112 602 Deo
1134 560 1182 601 fit
1201 560 1379 601 familia-

279 636 366 687 -ris‚
390 635 579 689 quisquis
599 631 845 675 huiusmodi
863 636 951 683 est,
972 631 1181 673 hereditas
1197 631 1274 672 Dei
1298 635 1377 673 est.

280 706 494 758 Quamdiu
522 705 652 758 igitur
677 702 845 745 Israhel
868 702 1007 744 bonus
1027 703 1108 744 fuit
1125 733 1136 754 ‚
1160 702 1212 744 de
1241 714 1292 743 eo
1317 701 1381 743 di-

279 778 486 819 cebatur:
519 776 655 817 factus
677 779 740 817 cst
759 775 902 829 portio
926 774 1097 816 Domini
1123 774 1250 816 Iacob
1265 805 1276 826 ‚
1310 774 1381 815 fu-

282 847 448 889 niculus
464 845 711 888 hereditatis
727 847 815 888 cius
832 845 1007 887 Israhel.
1031 844 1109 887 Sed
1127 858 1213 886 non
1226 845 1379 887 sortito

281 922 446 959 tantum
469 917 530 959 ita
550 929 594 958 se
610 916 760 959 habuit
775 917 846 958 hic
860 947 872 969 ,
898 929 1045 960 verum
1066 917 1195 958 etiam
1214 915 1270 958 ob
1292 928 1382 957 mo-

278 1001 375 1030 rum
391 988 647 1042 probitatem
668 988 765 1030 talis
790 989 928 1030 extitit
943 1021 955 1043 ,
977 989 1107 1031 veluti
1128 987 1180 1030 de
1203 989 1295 1030 Deo
1314 988 1382 1030 lo-

280 1063 471 1114 quuntur
489 1061 623 1102 sancti
642 1060 859 1102 homines:
880 1060 1008 1115 elegit
1027 1059 1151 1102 nobis
1172 1059 1381 1102 heredita-

282 1135 367 1171 tem
389 1143 507 1172 suam
522 1161 534 1183 ‚
557 1132 737 1185 speciem
761 1132 890 1174 Iacob
915 1144 1044 1186 quam
1068 1131 1227 1173 dilexit.
1255 1130 1382 1182 Quod

206 1247 218 1260 ⁹
278 1201 313 1242 si
331 1201 630 1243 mandatorum
650 1202 917 1245 observantia
932 1207 975 1244 et
991 1202 1075 1244 fide
1094 1204 1138 1243 in
1154 1203 1290 1259 Deum
1303 1232 1314 1253 ‚
1333 1201 1382 1243 fit

276 1272 429 1326 aliquis
451 1272 529 1315 Dei
549 1272 785 1326 hereditas3
812 1274 887 1328 qui
907 1273 1089 1315 vicissim
1110 1273 1188 1314 Dei
1212 1284 1382 1327 pracce-

281 1346 352 1396 pta
383 1342 696 1396 transgreditur
713 1374 724 1396 ,
760 1348 803 1386 et
832 1357 856 1386 a
885 1343 968 1385 fide
993 1356 1091 1398 erga
1117 1356 1212 1385 eum
1248 1342 1382 1384 desci-

279 1413 387 1467 scit,
421 1413 506 1454 hoc
538 1413 702 1456 honore
730 1414 982 1470 depellitur:
1020 1413 1381 1469 quemadmodum

278 1488 429 1525 contra
445 1514 457 1537 ,
490 1485 564 1538 qui
598 1484 780 1527 declinat
807 1498 832 1527 a
852 1485 962 1527 malo
987 1489 1031 1527 et
1059 1485 1164 1530 facit
1185 1484 1348 1526 bonum
1364 1515 1375 1536 ‚

282 1554 333 1596 fit
358 1555 434 1597 Dei
460 1555 698 1609 hereditas,
724 1569 984 1612 quamquam
1007 1560 1130 1598 antea
1147 1568 1234 1598 non
1252 1560 1377 1598 esset.

279 1626 396 1677 Quae
413 1639 508 1667 cum
522 1626 582 1668 ita
598 1639 641 1668 se
654 1626 836 1669 habeant
848 1658 859 1680 ,
875 1628 951 1682 qui
964 1626 1150 1682 populus
1163 1627 1265 1668 olim
1278 1639 1382 1681 pro-

278 1701 375 1750 pter
406 1697 606 1750 pietatem
625 1696 748 1739 heres
776 1698 855 1739 Dei
878 1697 1071 1739 Israhelis
1100 1702 1213 1749 erat,
1244 1710 1267 1739 a
1289 1699 1379 1739 Deo

278 1780 448 1810 aversus
464 1799 475 1820 ‚
494 1773 609 1810 sorte
627 1781 705 1810 sua·
720 1769 876 1812 excidit
888 1800 900 1822 ‚
919 1770 1019 1824 quia
1040 1781 1127 1811 non
1144 1771 1310 1824 excepit
1327 1769 1380 1810 il-

282 1839 370 1880 lum
385 1870 396 1891 ‚
419 1840 493 1894 qui
509 1845 559 1881 ut
571 1837 611 1881 ei'
621 1841 887 1895 potissimum
904 1840 1014 1883 bene
1030 1841 1209 1894 faceret,
1227 1829 1379 1883 deinde

279 1911 408 1952 etiam
427 1912 517 1953 aliis
533 1911 804 1964 hominibus,
826 1899 1012 1954 salvator
1030 1911 1215 1954 advenit.
1242 1913 1382 1967 Opor-

280 1982 364 2023 tuit
386 1983 533 2037 itaque
558 1983 689 2024 alium
711 1982 930 2025 introduci
952 1983 1162 2038 populum
1179 2015 1192 2037 ,
1214 1996 1265 2025 ex
1287 1984 1379 2038 plu-

276 2052 396 2095 ribus
426 2054 659 2096 conflatum
681 2054 878 2108 gentibus
894 2085 906 2107 ‚
933 2055 1007 2109 qui
1033 2053 1089 2096 ad
1117 2054 1380 2108 evangelium

274 2123 506 2166 accederet.
534 2124 676 2166 Verba
696 2125 850 2178 igitur:
877 2124 1049 2180 postula
1068 2137 1094 2166 a
1113 2137 1180 2167 me
1196 2156 1208 2179 ,
1239 2129 1282 2166 ct
1303 2125 1381 2167 da-

276 2194 335 2235 ho
356 2195 458 2248 tibi;
479 2195 613 2237 nostri
630 2209 756 2238 causa
769 2226 782 2248 ‚
800 2208 890 2238 non
905 2195 980 2249 filii
992 2226 1004 2249 ‚
1023 2195 1138 2238 dicta
1158 2201 1271 2238 sunt.
1290 2197 1381 2251 Sig-

275 2263 451 2307 nificant
481 2266 592 2307 enim
618 2279 705 2307 non
736 2266 818 2320 ipsi
841 2265 930 2307 filio
958 2265 1059 2308 addi
1091 2266 1278 2321 aliquid,
1304 2266 1379 2308 sed

275 2335 566 2390 indigentibus
581 2336 656 2377 illo
675 2350 685 2377 ε
707 2336 819 2390 sicut
834 2336 1039 2390 magistro
1056 2341 1098 2379 et
1117 2336 1284 2380 medico
1306 2337 1381 2379 da-

275 2412 346 2448 tur
368 2407 527 2462 virtus,
554 2412 605 2450 ut
625 2408 817 2450 homines
844 2407 952 2450 fiant
973 2409 1064 2450 sani
1086 2421 1138 2450 ac
1167 2409 1381 2463 sapientes

277 2490 361 2532 ope
400 2478 527 2520 illius.
563 2478 644 2520 Sed
681 2483 724 2520 et
758 2478 889 2520 verba
916 2479 1226 2538 possessionem
1262 2484 1380 2522 tuam

275 2549 480 2591 terminos
515 2554 651 2592 terrae
666 2581 677 2603 ‚
713 2551 946 2605 simplicius
967 2551 1257 2605 intelligentur
1284 2552 1374 2593 sic:

279 2632 415 2674 usque
433 2620 487 2662 ad
507 2621 710 2673 terminos
735 2625 871 2666 terrae
889 2620 1083 2663 doctrina
1098 2626 1173 2664 tua
1187 2622 1272 2663 vim
1292 2622 1378 2664 ob-

274 2689 458 2743 tinebit,
486 2680 732 2746 praedicato
752 2692 955 2734 nimirum
977 2693 1198 2748 evangelio
1217 2698 1380 2736 creatu-

276 2773 350 2803 rac
363 2762 583 2804 universae
599 2774 707 2817 quae
719 2762 800 2804 sub
817 2763 932 2804 caelo
948 2766 1029 2805 est.
1045 2763 1239 2806 Fortasse
1254 2765 1379 2806 etiam

274 2831 488 2874 vocabulo
515 2833 732 2874 «termini»
761 2845 836 2874 eos
858 2833 1061 2875 hocloco
1088 2834 1306 2888 appellare
1326 2834 1404 2876 li-·

269 2908 372 2956 cet,
397 2904 470 2958 qui
500 2905 608 2946 vitae
633 2916 733 2945 suae
749 2903 993 2959 mentisque
1025 2904 1271 2947 excellentia
1293 2910 1379 2948 ter-

271 2986 403 3016 renos
432 2974 638 3016 terminos
669 2973 894 3016 excedunt.

334 3046 507 3101 Didymi
525 3046 649 3088 simul
669 3050 712 3088 et
728 3045 1003 3089 Theodoreti.
1032 3046 1159 3099 Quod
1176 3049 1211 3089 si
1234 3046 1287 3089 de
1309 3048 1379 3089 Iu-

267 3117 392 3159 daeis
422 3116 599 3159 dicitur:
631 3121 850 3171 tamquam
882 3130 953 3159 vas
981 3116 1105 3172 figuli
1135 3119 1380 3173 confringes

271 3202 378 3241 eos3
414 3189 563 3243 utiquc
591 3201 739 3231 verum
774 3189 926 3232 evadet
958 3191 1095 3234 illud:
1130 3191 1207 3233 filii
1241 3191 1379 3234 Sionis

271 3260 459 3316 inclyti,
498 3264 674 3313 argento
703 3259 1020 3315 superbientes,
1057 3262 1277 3317 quomodo
1305 3275 1378 3304 re-

275 3330 417 3386 putati
444 3334 544 3372 sunt
561 3342 640 3372 ceu
660 3343 760 3372 vasa
782 3330 896 3373 lutea
911 3361 923 3384 ,
947 3343 1079 3386 opera
1103 3344 1303 3375 manuum
1325 3332 1380 3375 fi-

272 3401 400 3457 guli?
433 3403 575 3456 Atque
605 3402 690 3444 hoc
723 3402 792 3444 aio
824 3407 1110 3456 congruenter
1142 3403 1381 3458 prophetae

273 3473 463 3515 dicenti:
488 3477 531 3515 et
550 3473 632 3515 erit
651 3473 774 3516 ruina
789 3504 802 3526 ‚
824 3474 1062 3528 peccatoris
1079 3474 1280 3516 nimirum
1301 3486 1382 3530 po-

270 3545 395 3600 puli,
425 3549 644 3599 tamquam
665 3543 785 3586 urbis
806 3548 977 3599 captae,
998 3548 1041 3586 et
1062 3548 1282 3599 tamquam
1304 3557 1380 3587 va-

275 3617 331 3659 sis
353 3617 459 3659 lutei
486 3617 728 3659 minutatim
748 3615 940 3658 contriti.
966 3615 1120 3658 Unde.
1151 3606 1169 3657 .’
1190 3648 1200 3658 .

1311 258 1515 289 PSALMUM
1554 258 1602 288 n.

1439 711 1559 758 ’χεν,

2473 245 2562 292 133

1522 342 1695 393 Πάντων
1728 346 1948 409 ἁνὲρώωων
1975 364 2264 432 ωρσαιρετικως
2294 367 2372 394 κινε
2377 342 2526 409 υμὲνων
2548 386 2561 404 .,

1454 416 1593 468 αι’)τεξε
1579 436 1699 462 Γυσιει
1737 432 1848 480 γάρ,
1889 413 2012 470 εὕδεις
2049 419 2138 467 κατ’
2176 415 2308 467 ευσίαν
2348 415 2505 481 ἀγαὲῒσς
2540 415 2566 470 ἦ

1453 486 1571 539 κακὲς
1606 487 1729 569 ἐστιν’·
1755 506 1822 531 και
1859 482 1941 534 ἐπει
1968 488 1987 533 ὁ
2015 489 2156 552 ἀρετῆς
2188 509 2371 551 κατεχων
2405 489 2518 537 ciuem
2522 493 2566 536 ’ῦ-

1454 577 1519 604 ται
1551 563 1636 618 Ξεῳ
1663 576 1758 617 μονε
1763 577 1780 608 3
1808 593 1820 610 .,
1856 577 1922 602 και
1957 559 2036 609 πᾶς
2069 557 2089 604 o‘
2126 579 2167 605 τε
2171 560 2294 612 tofa-03
2328 563 2441 623 κληρε
2446 559 2564 621 νομία

1454 631 1526 672 es:
1532 631 1554 672 ὖ
1589 621 1794 689 τυγχάνει·
1828 627 1896 673 ὅτε

1595 693 1754 760 ἐλέγετο
1790 717 1877 761 περι
1916 695 2054 744 αυτεῢ·
2089 695 2256 760 ἐγενηθη
2293 721 2398 766 μερις
2436 702 2538 766 κυρέ
2523 721 2564 749 ευ

1450 763 1620 826 Ἰακωβ
1620 804 1633 825 ,
1676 788 1751 828 σχε
1756 762 1896 829 ινιυμα
1933 770 2044 832 κλεηρ
2048 787 2086 814 νε
2090 765 2189 828 μίας
2228 770 2323 818 αὖτε
2326 773 2350 816 ’ὖ
2382 768 2562 858 Ἱσραηλ·

1455 834 1712 903 (παρίσταται
1745 835 1795 890 ὦς
1824 839 1889 884 οὐκ
1914 838 2237 904 ἀωοκληρωτικῶς
2268 838 2381 901 μένεν
2416 862 2459 889 το
2496 841 2562 890 {¹0-

1454 928 1518 963 νος
1552 909 1666 957 τσῧτο
1687 945 1701 963 3
1736 904 1845 955 ἀλλὰ
1878 905 1944 955 deo}
1967 906 2271 972 καλεκᾳγαὲίαν
2297 911 2415 964 οὕτως
2442 913 2562 977 ἐχρη-

1454 975 1649 1040 μάτισεν,
1690 979 1730 1025 ἔκ
1769 981 1837 1025 τσῦ
1868 999 1956 1044 περι
1991 983 2091 1027 θεοῦ
2127 977 2334 1044 λεγεμὲνου
2370 978 2442 1030 ὑπο
2484 1003 2562 1031 των

1455 1047 1579 1114 ἁγίων
1618 1051 1784 1114 ἀνδρῶν·
1823 1046 2030 1105 ἐξελέξατο
2065 1050 2162 1112 ημῖν
2203 1071 2271 1101 την
2310 1050 2559 1115 κληρονομίαν

1456 1122 1578 1168 aar&
1600 1157 1612 1178 ‚
1647 1116 1945 1170 την-καλλενῆν
1978 1118 2121 1180 Ἰακὼβ
2141 1158 2152 1179 ,
2189 1117 2237 1173 ’ἣν
2268 1118 2489 1186 ἠγάπησεν·
2527 1125 2558 1169 εἱ

1455 1187 1498 1237 δὲ
1532 1188 1690 1256 τηρήσει
1725 1192 1888 1238 ἐντολῶν
1919 1189 1989 1238 καὶ
2019 1190 2149 1241 πίστει
2174 1194 2222 1255 τῇ
2250 1193 2304 1245 εἷς
2337 1189 2436 1239 &cciv
2461 1196 2559 1242 κλη-

1452 1282 1544 1326 pov:
1519 1259 1611 1310 μία
1654 1282 1713 1315 τις
1758 1282 1911 1325 γινεται
1954 1264 2083 1322 θεοῦ,
2124 1262 2143 1309 ὃ
2181 1262 2444 1326 παραβαίνων
2487 1260 2559 1316 τάς

1457 1333 1541 1379 ἐντε
1544 1328 1618 1385 λας
1658 1354 1698 1380 τε
1705 1334 1727 1378 ῧ
1763 1330 2084 1387 &audacius-513
2120 1335 2175 1386 εἷς
2214 1353 2336 1382 αυτον
2378 1330 2558 1388 πίστεως

1453 1399 1749 1462 μεταπίπτων,
1797 1399 2039 1462 ἐκβάλλεται
2089 1407 2158 1457 τῆς
2203 1425 2244 1452 τε
2249 1425 2384 1458 ιαυτης
2423 1422 2557 1479 τιμης

1454 1474 1503 1525 ὡς
1534 1496 1584 1520 ocu
1617 1495 1635 1519 o
1671 1469 1848 1527 ἐκκλίνας
1879 1471 1958 1523 dizo
1997 1496 2064 1524 του
2095 1478 2238 1534 κακεῧ,
2271 1497 2338 1521 και
2373 1494 2417 1523 το
2451 1476 2558 1539 ἀγα-

1453 1548 1506 1589 &a
1510 1565 1528 1589 ν
1561 1564 1702 1601 πειων,
1735 1563 1888 1607 γινεται
1920 1547 2018 1592 θεοῦ
2046 1548 2208 1611 κληρσς,
2249 1543 2390 1609 καίπερ
2413 1547 2477 1592 cisae
2508 1541 2558 1592 ὧν

1415 1635 1420 1642 ·
1454 1612 1612 1680 πρᾶτερε
1598 1631 1653 1662 ν·
1701 1634 1850 1668 ταυτης
1893 1613 2079 1677 μενούσης
2117 1619 2183 1670 τῆς
2220 1617 2332 1663 ἀκσλε
2336 1611 2496 1669 υὲίας
2537 1619 2556 1663 o‘

1453 1681 1577 1733 πάλαι
1617 1680 1682 1732 ὂια
1718 1677 1951 1745 θεσσεβειαν
1987 1680 2038 1733 ὼν
2075 1690 2189 1751 κληρε
2192 1684 2311 1748 νόμος
2343 1689 2442 1733 ἓεεῧ
2471 1688 2559 1734 Ἰσ-

1452 1754 1553 1818 ρα-ἶιλ
1575 1793 1588 1810 ,
1624 1752 1859 1809 ἀποστάτης
1890 1759 1988 1827 32ch
2024 1753 2226 1821 γενόμενος
2248 1793 2260 1815 .,
2298 1753 2557 1818 μετέπεσεν,

1453 1826 1496 1870 οὐ
1499 1819 1736 1913 δεξάμενος
1763 1847 1805 1873 tc
1811 1847 1831 1872 ν
1855 1827 1915 1875 ἐπ’
1940 1828 1997 1875 εὖ
1983 1848 2140 1893 εργεσιᾳ
2164 1824 2460 1906 προηγουμένως
2485 1830 2558 1875 αὐ·

1453 1917 1496 1942 τΓ
1480 1898 1523 1941 εῧ
1563 1901 1662 1943 εἰναι
1699 1918 1790 1943 και
1809 1917 1883 1944 των
1922 1897 2058 1945 ἄλλων
2090 1895 2307 1963 ἅνθρωπαιν
2342 1893 2503 1947 {taho}
2508 1919 2559 1946 τα

1440 1969 1630 2033 ’σωτ-ῗιρα·
1663 1965 1741 2014 ἔδει
1774 1964 1900 2014 τοίνυν
1925 1966 2241 2031 ἀντεισαχθηναι
2268 1969 2421 2035 ἕτερον,
2458 1989 2558 2030 συμ-

1453 2036 1714 2104 πληρεύμενσν
1747 2039 1786 2084 ἐκ
1818 2034 2003 2087 πλειόνων
2038 2041 2163 2087 ἐὲνων
2194 2062 2262 2087 και
2293 2036 2559 2104 προσερχόμε-

1452 2129 1516 2154 vcv
1549 2111 1606 2171 τῷ
1642 2105 1875 2172 εὐαγγελίῳ·
1915 2130 1959 2157 το
1994 2105 2057 2157 οὖν
2095 2132 2265 2162 αιτησαι
2297 2109 2393 2176 ωαρ’
2428 2111 2495 2171 ἔμε
2479 2113 2556 2167 ῧ,

1452 2200 1518 2225 και
1552 2176 1665 2243 ὂωσω
1703 2201 1762 2226 σει
1784 2216 1797 2236 .,
1835 2178 1946 2241 ’ἦμῶν
1984 2181 2100 2228 ἕνεκα
2122 2218 2134 2239 ,
2169 2182 2260 2229 ἀλλ
2293 2182 2336 2227 σι’)
2367 2183 2435 2228 τεῧ
2472 2181 2558 2228 vici]

1453 2270 1619 2312 ειρηται·
1656 2252 1768 2301 einh<
1789 2246 1867 2315 γὰρ
1888 2253 1943 2306 ὦς
1975 2273 2039 2299 ευκ
2071 2252 2180 2314 αὐτῳ
2203 2246 2469 2315 πρεστιὲεται
2493 2271 2559 2309 τι,

1452 2317 1561 2366 ἀλλα
1598 2324 1680 2375 τοῖς
1718 2323 1781 2368 <icc
1764 2341 1912 2382 εμενσις
1950 2324 2084 2372 avi-03·
2123 2325 2174 2376 ὡς
2212 2319 2288 2387 γάρ
2330 2323 2453 2386 ιατρῷ
2493 2342 2557 2368 και

1452 2387 1678 2453 διδασκάλῳ
1711 2390 1794 2438 δίοΓ
1798 2413 1864 2438 ται
1886 2429 1899 2450 ,
1929 2394 1998 2439 ινα
2029 2390 2275 2457 ὑγιαίνοντες
2313 2413 2378 2439 και
2417 2387 2561 2447 ἐπιςῆ-

1451 2484 1499 2522 με
1504 2482 1563 2515 νες
1589 2460 1634 2516 ἕξ
1658 2481 1754 2511 αυτε
1759 2466 1782 2509 ῧ
1812 2482 2020 2525 γενωνται·
2048 2459 2156 2510 ἀλλα
2187 2485 2252 2511 και
2288 2485 2359 2521 το,
2384 2483 2459 2513 την
2488 2483 2561 2509 κα-

1452 2529 1647 2595 τοίσχεσίν
1681 2555 1725 2582 σΓ
1729 2555 1752 2580 υ
1786 2554 1839 2580 τα
1870 2530 2024 2600 πέρατα
2055 2537 2128 2588 τῆς
2159 2538 2258 2598 γῆς,
2291 2530 2560 2598 ἁπλουστερσν

1451 2602 1611 2655 νσηὲειη
1655 2604 1790 2657 ουτως·
1837 2603 1955 2669 μέχρι
2003 2625 2079 2653 των
2130 2601 2314 2667 ἐσχάτων
2364 2625 2436 2659 της
2482 2607 2560 2668 γ’ἥς

1449 2695 1474 2725 η
1522 2695 1573 2722 ση
1622 2671 1810 2740 κρατήσει
1852 2673 2128 2732 διδασκαλία,
2173 2671 2452 2739 κηρυττομένευ
2493 2677 2563 2723 τοῦ

1450 2742 1679 2810 εὖαγγελισυ
1711 2746 1751 2792 ἐν
1783 2743 1894 2809 πάσῃ
1932 2749 1982 2811 τῇ
2018 2743 2142 2796 κτίσει
2184 2749 2233 2810 τῇ
2273 2743 2347 2796 ὑπο
2395 2744 2464 2796 τᾶν
2495 2767 2562 2792 ou-

1448 2812 1584 2881 ρανόν·
1628 2817 1663 2863 εἰ
1704 2814 1873 2865 δυνατον
1915 2815 2070 2883 πέρατα
2111 2813 2189 2870 της
2227 2820 2301 2881 γῆς
2338 2819 2561 2865 καλεῖσθαι

1452 2886 1633 2933 ἐνταῦθα
1677 2883 1768 2941 τοὺς
1812 2884 1890 2949 βίη
1932 2908 2000 2934 και
2045 2884 2267 2953 φρονήματι
2303 2906 2563 2951 περάσαντας

1451 2976 1521 3004 την
1551 2977 1644 3020 ymo.

1510 3033 1570 3074 Δι
1575 3023 1740 3089 ὂυμευ
1720 3048 1816 3088 ομσυ
1841 3031 1917 3074 Ge:
1903 3024 2084 3092 Γόωρίτευ
2121 3028 2271 3091 1).Εἱ
2298 3022 2342 3073 δε
2369 3047 2456 3091 περι
2484 3028 2560 3075 τῶν

1450 3095 1648 3144 ’[ουόαιων
1680 3095 1772 3161 λέγε
1776 3118 1867 3153 ιτο,
1907 3096 1958 3151 ὦς
1996 3118 2128 3151 σκευᾶς
2164 3094 2360 3162 κεραμέως
2397 3093 2560 3163 συντρί-

1451 3172 1539 3230 ψεις
1572 3164 1740 3224 αὐτους,
1775 3164 2080 3246 πληρωθησεται
2112 3165 2180 3224 τὲ,
2206 3163 2334 3214 vio:
2303 3188 2403 3215 ριων
2428 3166 2461 3215 εἷ
2495 3164 2559 3217 τί-

1450 3259 1530 3299 μιΓι
1567 3235 1781 3323 ἑωῃρμὲνσι
1819 3239 2023 3304 ἅργυριῳ,
2063 3260 2149 3293 ιιι-ως
2150 3234 2467 3323 Νέλογισὲγιισαν
2506 3240 2560 3293 εἰς

1453 3309 1600 3373 ἀγγεῖα
1638 3304 1886 3374 ὄστρῶκινα,
1922 3307 2021 3373 ἔργα
2057 3329 2197 3375 χειρων
2234 3306 2471 3374 κεραμέωςς
2510 3308 2561 3363 ὦς

1449 3377 1626 3440 μηδὲν”
1607 3400 1667 3428 ετι
1701 3398 1896 3444 χρτσιμεν
1929 3378 1994 3429 ὑπ
2020 3381 2150 3428 αὐτῶν
2174 3375 2479 3430 ὑπολείπεσθαι·
2506 3399 2562 3426 ει-

1446 3468 1566 3513 ρηται
1604 3445 1648 3498 δέ
1685 3471 1750 3512 μοι
1788 3453 1917 3501 ταῦτα
1950 3470 2122 3536 συμφερ
2108 3471 2253 3514 μενως
2290 3453 2343 3514 τῷ
2378 3469 2561 3517 &peip-urzi

1451 3515 1624 3598 λεγίντι·
1658 3541 1724 3567 και
1762 3540 1879 3570 εσται
1918 3541 1963 3569 το
2002 3523 2186 3584 στῶμα
2223 3524 2291 3569 τοῦ
2329 3519 2564 3586 ἆμαρτωλσῧ

1452 3585 1553 3637 λαου
1585 3591 1680 3640 ὃηλΓ
1665 3586 1768 3638 Γνέτι
1789 3627 1802 3650 ,
1837 3591 1889 3645 ὦς
1919 3586 2075 3670 πόλεως
2113 3588 2335 3646 ἑαλωκυίας
2355 3627 2368 3648 ,
2405 3611 2473 3638 και
2509 3588 2560 3643 ὦς

1453 3656 1640 3726 συντριβη
1660 3680 1822 3715 σκευευς
1843 3658 2052 3726 ὲςρακίνευ
2078 3660 2136 3717 εἷς
2156 3659 2302 3712 λεπτά·
2321 3663 2361 3716 ἐξ
2378 3655 2558 3723 ὡν2)...

302 3812 307 3818 -
353 3793 382 3831 1)
404 3792 502 3833 Atqui
522 3792 607 3834 apud
631 3790 870 3823 Tlieodoretum
898 3791 978 3824 nihil
996 3791 1183 3824 huiusmodi
1201 3787 1330 3833 iegitur.
1348 3793 1476 3825 Scimus
1492 3795 1599 3825 tamen
1615 3802 1690 3826 euni
1709 3794 1840 3825 nonnisi
1860 3803 1898 3826 cx
1919 3795 2042 3827 catenis
2059 3794 2248 3837 decerptum
2268 3793 2360 3825 nobis
2383 3799 2562 3833 superesse.

348 3848 380 3887 2)
401 3849 524 3880 Desunt
545 3847 577 3879 in
601 3846 714 3879 codice
735 3847 869 3888 paginae
887 3850 1038 3888 quatuor.

2609 358 2640 379 v.

2609 387 2645 414 A.

2611 423 2632 450 1.

1922 646 1983 672 Γυν
2018 626 2035 673 ἕ
2065 627 2224 693 Ἰσραηλ
2251 626 2454 693 ἀγαθᾶς
2436 634 2563 696 υπῆρ*
2621 653 2630 657 ·

2662 355 2689 379 S.

2655 388 2687 451 τί

2602 2556 2635 2586 Β.
2654 2557 2676 2586 f.
2696 2562 2722 2585 a.

2602 3041 2637 3099 ar·

2653 3039 2679 3099 2⁸50

2730 388 2786 416 .l›.
2807 387 2879 416 PEB
