2996 4432
1252 261 1492 295 Boxizotus.
1631 255 1634 259 ’
2453 250 2511 296 5Ξ

246 376 415 430 neque
454 367 568 412 roca
596 351 840 427 plaustri
874 349 1216 421 sycaminum
1253 347 1558 410 circumiet,·
1604 348 1698 400 sed
1742 348 1802 401 in
1841 349 1981 420 virga
2017 349 2320 401 eaecntc‘etm*
2352 350 2468 422 gillo
2490 392 2507 414 ⁷

244 442 524 512 cyminum
538 439 605 491 ,ἰη
631 435 822 489 baculo
833 433 1005 506 panis
1020 433 1429 504 comminuetur.
1454 430 1533 482 Ac
1551 449 1653 500 pro
1671 431 2059 483 inconsiderata
2080 433 2347 484 humanae
2360 433 2510 503 fragi-

241 523 402 576 litatis
433 520 760 580 infirmitate‚
795 514 1039 569 sacerdos
1057 516 1098 568 si
1126 523 1434 586 suggerente
1471 510 1684 564 diabolo
1710 514 1766 564 in
1793 514 2195 567 fornicationem
2225 514 2500 578 ceciderit,
2560 572 2563 574 ‚

242 618 297 658 et
328 608 441 658 Deo
478 604 756 655 miserante
787 597 856 652 ad
883 599 1257 669 paenitentiam
1285 595 1608 666 confugerit,
1634 596 1807 647 tribus
1833 597 1987 648 annis
2016 598 2119 649 hoc
2144 597 2304 650 modo
2332 599 2505 669 expia-

243 688 422 741 bitur:
463 686 635 758 primo
660 703 672 715 ·
697 682 792 735 XL
821 701 833 712 ·
864 680 1052 734 diebus
1081 692 1131 733 et
1166 680 1414 733 noctibus
1449 697 1505 731 se
1534 678 1781 750 purificet
1803 690 1922 731 tuto
1954 692 2187 733 remotus
2214 683 2268 732 in
2300 683 2419 734 loco
2446 683 2502 734 in

245 770 361 822 solo
403 786 541 840 pane
581 777 634 818 et
670 783 839 836 aqua:
880 764 1077 835 quibus
1119 763 1355 825 exactiS,'
1378 762 1551 833 primo
1582 780 1726 814 anno
1764 762 1859 832 qui
1898 763 2138 832 sequitur
2175 764 2409 816 similiter
2446 765 2503 816 in

244 870 382 922 pane
417 862 468 902 et
501 867 639 920 aqua
675 849 814 912 luat,
854 848 1091 918 exceptis
1127 845 1402 898 dominicis
1439 857 1490 897 et
1531 844 1676 897 festis
1712 845 2012 915 praecipuis
2045 857 2098 897 et
2130 847 2461 916 paschalibus
2482 888 2499 909 ,

245 935 302 985 in
327 933 526 1004 quibus
562 932 687 983 vino
718 943 770 983 et
801 930 1049 983 omnibus
1079 929 1365 1000 pulmentis
1394 928 1472 980 uti
1500 928 1726 999 poterit,
1762 939 1985 998 excepta
2016 929 2126 980 sola
2156 948 2336 982 carne:
2367 942 2504 988 cete-

245 1016 318 1068 ris
347 1035 471 1068 vero
502 1014 691 1067 diebus
725 1014 839 1066 solo
868 1031 1007 1085 pane
1039 1024 1091 1065 et
1127 1031 1263 1084 aqua
1295 1012 1360 1064 sit
1396 1021 1695 1063 contentus.
1729 1010 1930 1062 Tamen
1962 1011 2288 1065 considerata
2318 1032 2499 1084 perso-

243 1118 344 1152 nae
369 1100 642 1170 qualitate,
683 1099 740 1149 in
767 1098 849 1149 his
885 1098 1039 1149 etiam
1073 1096 1216 1149 feriis
1240 1094 1578 1167 indulgeatur
1604 1093 1773 1147 eidem
1797 1092 2019 1146 ‘modico
2055 1094 2213 1158 vino,
2245 1096 2397 1158 lactc,
2428 1099 2502 1149 le·

245 1183 489 1252 gumine‚
529 1182 733 1253 pomiS,
783 1180 1072 1251 pisciculis,
1110 1179 1413 1241 holerihuS,
1464 1179 1598 1230 sicut
1640 1177 1928 1230 confessori
1976 1196 2073 1229 suo
2117 1179 2287 1230 visum
2323 1179 2496 1231 fuerit.

245 1267 482 1318 Decurso
514 1266 673 1335 igitur
708 1264 878 1335 primo
916 1281 1087 1326 ann0‚
1125 1262 1299 1314 statim
1334 1261 1655 1317 sacrosancti
1693 1261 1935 1332 corporis
1956 1272 2007 1312 et
2032 1263 2301 1332 sanguinis
2331 1264 2505 1315 'Domi-

246 1349 303 1400 ni
335 1349 599 1420 particeps
635 1347 727 1399 fiat
744 1388 756 1412 ,
784 1347 1012 1417 psalmos
1037 1365 1159 1398 cum
1183 1345 1433 1397 fratribus
1457 1345 1673 1396 ultimus
1699 1356 1853 1396 canat
1871 1384 1884 1406 ,
1914 1355 1965 1396 et
2000 1343 2068 1396 ad
2091 1365 2273 1416 pacem
2297 1348 2496 1411 veniat,

245 1431 453 1484 minora
489 1442 635 1502 gerat
663 1429 855 1483 officia.
896 1428 1141 1482 Secundo
1172 1447 1313 1480 anno
1345 1439 1451 1480 tres
1474 1429 1729 1498 legitimas
1753 1427 1907 1479 ferias
1942 1429 1998 1479 in
2022 1447 2345 1500 unaquaque
2372 1431 2500 1483 heb-

246 1513 472 1566 domada
506 1514 717 1585 expleat
746 1514 804 1564 in
837 1531 976 1584 pane
1009 1523 1061 1564 et
1086 1531 1240 1583 aqua.
1271 1513 1503 1584 Expletis
1534 1510 1746 1563 duobus
1780 1507 1955 1577 anniS,
1987 1512 2029 1563 si
2055 1513 2202 1564 iuxta
2234 1515 2497 1584 praefixos

243 1595 439 1666 gradus
486 1596 806 1668 paenituerit
835 1636 847 1660 ,
896 1595 1175 1667 episcopus
1225 1614 1346 1648 eum
1396 1596 1453 1647 in
1499 1614 1652 1647 suum
1705 1593 1925 1665 gradum
1979 1613 2227 1649 revocare
2279 1599 2491 1669 poterit.

1103 1678 1299 1731 Bonizo
1335 1679 1634 1750 episcopus.
2083 1685 2085 1687 ’

360 1765 474 1816 118.
516 1764 596 1815 De
636 1763 736 1815 hac
766 1762 1152 1825 controversia,
1191 1761 1258 1814 de
1288 1762 1622 1833 reparatione
1658 1762 1854 1814 scilicet
1888 1763 2152 1834 lapsorum
2172 1805 2184 1827 ‚
2213 1766 2362 1818 multi
2386 1786 2499 1820 non
2547 1777 2654 1808 cod-¹·
2678 1781 2718 1807 ⁵⁵·
2738 1776 2767 1806 ¹³-

244 1845 595 1916 intelligentes
619 1857 825 1916 putant
851 1857 1061 1898 sanctos
1086 1857 1258 1917 patres
1281 1845 1382 1897 sibi
1406 1845 1631 1897 invicem
1655 1845 1713 1896 in
1738 1846 1835 1896 hac
1861 1863 1916 1896 re
1943 1863 2052 1897 esse
2080 1846 2312 1900 diversos
2330 1890 2342 1912 ‚
2372 1868 2497 1901 cum

243 1929 431 1981 beatus
466 1929 706 1982 Clemens
740 1930 942 2001 primus
976 1940 1098 2001 post
1134 1939 1373 1981 sanctum
1408 1929 1623 1980 Petrum
1657 1946 1913 1979 romanus
1932 1922 2236 2000 episcopus,
2265 1941 2318 1982 et
2342 1931 2499 1984 admi-

242 2011 424 2064 rabilis
461 2011 648 2065 doctor
684 2013 1003 2083 Gregorius,
1050 2024 1102 2065 et
1137 2013 1247 2064 fere
1283 2030 1465 2064 omnes
1505 2029 1750 2063 romanae
1795 2011 2040 2064 ecclesiae
2077 2013 2351 2082 pontifices
2388 2026 2495 2067 tam

0 2081 10 2195 ἰ
243 2094 570 2147 confessores
605 2114 763 2166 quam
790 2107 1069 2166 martyreS‚
1099 2107 1152 2148 et
1176 2106 1355 2147 sancta
1387 2094 1607 2146 nicaena
1637 2093 1872 2164 synodus
1890 2133 1903 2155 ,
1943 2093 2100 2165 lapsis
2135 2094 2394 2148 redeundi
2431 2097 2499 2150 ad

241 2179 492 2250 pristinos
527 2178 720 2249 gradus
752 2179 1070 2232 interdicant
1095 2178 1325 2243 aditum3
1355 2178 1497 2230 solus
1520 2195 1647 2229 vero
1679 2177 1934 2229 Callixtus
1959 2177 2190 2248 inclytus
2215 2185 2419 2251 ‘martyr
2448 2193 2502 2233 et

243 2261 526 2332 episcopus
560 2279 625 2313 ex
664 2273 812 2314 tanto
850 2280 1074 2315 numero
1113 2279 1454 2314 romanorum
1489 2260 1802 2332 pontificum
1837 2279 1927 2313 eos
1963 2261 2134 2314 redire
2170 2281 2323 2333 posse
2355 2275 2501 2316 testa-

243 2355 334 2395 tur
375 2343 444 2396 ad
489 2342 736 2409 ordineS,
789 2355 842 2396 et
889 2343 1308 2397 contradicentes
1344 2344 1568 2397 affirmat
1618 2344 1906 2396 haereticos
1946 2344 2108 2410 Quod
2144 2364 2212 2397 ne
2259 2345 2500 2400 videatur

243 2427 567 2479 contrarium
585 2467 599 2490 ,
636 2447 803 2479 unum
835 2446 864 2480 e
887 2428 1093 2491 multiS,
1129 2427 1292 2480 sancti
1322 2427 1518 2479 scilicet
1543 2427 1821 2480 Clementis
1850 2427 2136 2498 capitulum
2167 2428 2234 2481 ad
2267 2430 2510 2483 medium⁴

244 2509 531 2563 deductum
563 2509 930 2575 discutiamus„
970 2522 1022 2563 et
1057 2510 1193 2582 quid
1228 2521 1404 2582 potest
1439 2510 1668 2581 inclytus
1693 2522 1894 2581 martyr
1919 2511 2174 2563 Callix'tus
2204 2513 2388 2575 tertius
2415 2513 2497 2568 de-

244 2595 411 2645 cimus
446 2604 568 2664 post
602 2593 894 2663 praefatum
930 2613 1179 2647 romanus
1212 2595 1494 2665 episcopus
1528 2612 1687 2664 super
1722 2594 1822 2645 hac
1858 2612 1916 2645 re
1952 2592 2174 2657 dixerit,
2219 2594 2498 2667 diligenter
2543 2608 2613 2638 0⁰¹¹·
2634 2609 2655 2638 f·
2676 2613 2718 2638 4⁶-
2741 2616 2767 2636 ²·

243 2675 662 2740 consideremus;
702 2688 755 2728 et
778 2677 1105 2730 inveniemus
1140 2689 1348 2730 sanctos
1384 2678 1527 2730 viros
1556 2695 1669 2728 non
1705 2677 1909 2729 diversa
1933 2677 2150 2729 sensisse
2175 2678 2266 2730 sed
2303 2699 2490 2731 unum.

248 2781 274 2807 α
316 2759 540 2810 Ministri
569 2759 744 2821 altaris
779 2759 1076 2829 presbyteri
1112 2760 1220 2812 sive
1244 2759 1454 2812 diaconi
1490 2759 1558 2812 ad
1583 2760 1848 2812 dominica
1883 2760 2012 2812 tales
2037 2760 2298 2831 eligantur
2322 2763 2496 2816 officia

249 2866 275 2892 »
316 2843 411 2913 qui
441 2854 563 2894 ante
596 2840 984 2893 ordinationem
1012 2842 1256 2912 proprias
1291 2842 1541 2913 coniuges
1577 2843 1906 2913 reliquerint.
1939 2841 2102 2908 Quod
2136 2843 2179 2894 si
2215 2844 2498 2913 contigerit

249 2949 274 2974 κ
314 2925 565 2997 propriae
599 2923 848 2977 invadere
884 2924 1057 2976 cubile
1094 2925 1301 2988 uxoris,
1339 2925 1551 2977 sacrarii
1588 2944 1701 2976 non
1728 2925 1887 2976 intret
1911 2924 2091 2978 limina
2115 2945 2214 2978 nec
2240 2927 2306 2978 ad
2338 2927 2498 2981 altare

252 3031 278 3056 n
319 3007 559 3074 accedat,
591 3019 644 3060 et
680 3020 868 3060 cetera.
895 3031 920 3056 >1
961 3007 1101 3060 Beati
1127 3026 1254 3060 vero
1290 3008 1500 3060 callixti
1535 3009 1637 3060 hoc
1673 3019 1768 3060 est.
1802 3030 1827 3056 «
1852 3009 2041 3060 Errant
2076 3009 2168 3079 qui
2190 3021 2382 3080 putant
2418 3029 2498 3063 sa-

251 3115 275 3140 »
309 3086 556 3144 ’0131110103
593 3092 808 3143 Domini
845 3101 967 3162 post
1011 3091 1216 3162 lapsum
1254 3111 1365 3144 non
1399 3109 1556 3162 posse
1592 3082 1765 3143 redire
1807 3090 1875 3143 ad
1917 3090 2156 3155 ordines,
2203 3093 2246 3144 si
2285 3092 2498 3163 dignam
2548 3088 2551 3091 ’

248 3200 274 3224 »
313 3176 515 3250 egerint
537 3176 936 3246 paenitentiam:
968 3186 1020 3227 et
1044 3193 1154 3226 non
1191 3174 1358 3229 solum
1397 3185 1604 3236 errant,
1633 3172 1724 3225 sed
1749 3174 1904 3226 etiam
1929 3174 2190 3245 clavigero
2216 3176 2366 3246 regni
2391 3195 2499 3229 cae·

250 3283 275 3308 »
315 3258 490 3310 lorum
531 3258 778 3309 nituntur
807 3257 1004 3309 inferre
1033 3257 1313 3322 iniuriam,
1354 3255 1483 3309 dum
1519 3251 1778 3328 quaedam
1817 3275 1928 3309 esse
1967 3256 2152 3310 dicunt
2193 3270 2406 3330 peccata
2442 3260 2498 3311 in

250 3366 276 3392 n
316 3343 469 3394 terris
500 3361 638 3413 quae
669 3343 800 3394 solvi
836 3361 866 3393 a
890 3341 1046 3394 beato
1077 3343 1232 3393 Petro
1260 3359 1372 3393 non
1390 3341 1594 3412 possint
1623 3341 1679 3392 in
1710 3341 1879 3416 caelis,
1911 3341 1957 3410 1)
1976 3363 2000 3389 2>
2026 3340 2213 3393 Beatus
2231 3361 2356 3395 vero
2383 3344 2498 3395 Cle-

244 3445 391 3477 mens
420 3426 476 3476 in
507 3415 773 3495 primitiva
799 3423 1012 3476 ecclesia
1050 3421 1182 3475 dans
1214 3435 1554 3495 praeceptum
1586 3424 1950 3475 interminatus
1984 3436 2060 3477 est
2093 3425 2341 3478 ministris
2371 3426 2497 3478 alta-

245 3509 316 3560 ris
338 3548 351 3569 ,
386 3508 551 3578 legem
592 3525 798 3578 ponens
819 3499 891 3559 'ne
931 3517 1240 3578 peccarent,
1281 3516 1466 3558 contra
1499 3506 1669 3559 claves
1695 3525 1821 3559 vero
1850 3507 2112 3560 caelorum
2154 3509 2309 3560 beato
2340 3511 2496 3561 Petro

243 3590 461 3643 traditas
499 3609 620 3650 11011
646 3589 950 3662 disputavit.
984 3588 1101 3640 Suis
1135 3588 1273 3640 enim
1308 3588 1637 3659 temporibus
1669 3590 1740 3641 ita
1774 3608 1894 3642 raro
1930 3591 2222 3661 peccabant
2254 3591 2495 3643 sacerdo-

331 3689 363 3728 1)
388 3685 484 3722 Sunt
513 3685 602 3722 haec
628 3685 670 3722 in
693 3686 731 3722 S.
761 3682 1085 3731 callixtijsecunda
1112 3682 1341 3721 collectionis
1365 3682 1588 3720 isidorianae
1615 3682 1768 3731 epistola
1798 3682 1878 3729 (ed.
1896 3684 2096 3731 Carafae),
2123 3694 2233 3732 quam
2259 3684 2495 3721 coustantius

247 3755 324 3782 nou
351 3743 514 3781 admisit.
546 3743 660 3792 Atqui
689 3754 842 3781 coaevus
865 3742 1022 3781 Callixto
1050 3747 1178 3779 auctor
1204 3741 1625 3791 philosophumenorum
1653 3753 1772 3790 nuper
1798 3754 1928 3790 graece
1951 3743 2134 3781 editorum
2159 3755 2195 3791 p.
2220 3747 2302 3780 290.
2327 3742 2424 3780 hauc
2441 3743 2496 3790 ip-

246 3814 328 3840 sam
353 3802 512 3840 Callixto
531 3802 690 3850 imputat
708 3802 914 3839 doctrinam
942 3805 1011 3846 (ut
1028 3801 1102 3838 iam
1126 3801 1316 3838 innuimus
1339 3812 1376 3849 p.
1397 3806 1455 3839 35.
1473 3801 1561 3839 adn.
1583 3804 1646 3847 1.)
1670 3802 1775 3839 Certe
1790 3813 1866 3840 non
1883 3804 2009 3841 omnia
2036 3802 2236 3840 isidoriana
2252 3802 2388 3851 spuriis
2406 3807 2496 3840 sunt

247 3860 547 3899 connumeranda
564 3889 575 3909 ,
604 3861 669 3900 sed
693 3861 811 3899 multa
837 3860 961 3909 potius
986 3859 1209 3909 interpolata
1235 3859 1444 3907 credenda3
1470 3859 1570 3910 quod
1597 3859 1750 3900 aliunde
1779 3861 1870 3900 satis
1898 3867 2127 3910 compertum
2157 3866 2222 3899 est.

2324 3929 2343 3945 ἰ
