2944 4426
280 673 310 694 v.
332 668 374 694 15.

127 705 197 736 eod.
218 705 240 736 f.
261 706 322 734 109.
342 702 374 732 b

99 1893 169 1925 *HL
177 1892 336 1929 Rengn
342 1895 378 1922 .6.

282 1953 312 1974 v.
334 1948 376 1973 17.

130 1983 200 2014 cod.
221 1981 244 2012 f.
265 1985 327 2011 110.
347 1987 375 2009 a.

290 2793 388 2819 v.31.

127 2827 258 2862 θοὰ-,Ι
277 2830 338 2856 115.
358 2825 388 2854 Ι).

120 3246 134 3263 *
149 3246 225 3277 Cod.
252 3233 393 3272 unsina.

417 212 479 259 Μ

413 330 641 397 πρακτικων
666 308 835 394 οἷρετῶν
854 310 1073 365 συνεςῶσα·
1107 304 1434 360 κατασκάπτεται
1467 307 1510 360 δὲ

413 404 477 430 και
516 377 748 449 ἀφανίζεται
787 381 835 444 τῇ
872 382 940 430 τοῦ
975 377 1136 447 ἄφρονος
1173 376 1405 446 προαιρέσει.

1438 223 1597 256 omnim
1599 223 1637 256 1s

1579 310 1785 356 virtutum
1797 313 2001 358 exercitio
2016 312 2287 369 proveniens
2307 310 2423 353 Haec
2437 320 2540 352 vero
2555 320 2673 352 ever-

1580 392 1686 468 titur
1710 394 1753 433 et
1777 387 2035 442 extinguitur
2068 398 2092 428 a
2126 383 2241 427 stulti
2265 381 2447 425 hominis
2474 379 2669 424 arbitrio.

1209 491 1264 571 (c
1295 519 1331 561 A
1362 520 1413 562 P.
1475 519 1606 561 xxx
1637 518 1755 572 vulg.
1787 516 1911 567 lat.)

417 630 641 744 Ηφθορᾶ
672 697 807 726 ταυτα
844 677 987 743 ἀγαπᾷ
1024 697 1076 727 τα
1083 674 1351 764 πράγματα,
1389 678 1510 738 ᾅδην,

415 747 577 834 ἔρωτα,
615 770 681 797 και
717 751 886 812 γυναῖκα
931 765 1131 815 ωορνικην·
1178 746 1264 797 οὐδὲ
1299 744 1372 815 γὰρ
1411 769 1515 797 ταυ-

414 840 469 868 τα
513 815 641 884 πέρας
685 816 768 866 οὐδε
814 816 921 884 κόρον
967 818 1066 881 ἔχει·
1113 817 1198 884 τρία
1241 815 1285 866 δέ
1330 820 1432 868 ἐστιν
1481 813 1510 865 ἂ

410 911 478 938 και
515 885 813 941 πλησθήσεται·
849 911 919 937 και
953 889 982 940 τῖ
1030 886 1196 954 τετάρτη
1217 927 1230 949 ‚
1282 889 1348 936 οὐκ
1394 884 1509 953 ηρκέ-

417 966 500 1012 σθη
553 963 682 1010 εὶωεῗν
731 956 879 1008 ικανῦν·
930 961 1022 1020 ᾅδης
1047 998 1060 1017 ,
1112 981 1178 1007 και
1237 957 1328 1025 ἔρως
1370 979 1510 1023 γυναι-

415 1031 516 1092 κὸς,
567 1053 634 1079 και
676 1032 727 1095 γῆ
771 1032 835 1078 οὐκ
879 1028 1198 1093 ἒμσιμωλαμὲνη
1241 1031 1401 1083 υόοιτος·
1446 1049 1547 1075 και7

414 1105 546 1168 ὕδωρ,
596 1122 661 1149 και
719 1104 835 1168 ωῧρ,
891 1100 957 1147 οὐκ
1006 1105 1115 1151 εἰπον
1169 1101 1290 1163 ἀρκει·
1345 1095 1404 1147 ἀει
1446 1095 1513 1147 τὰ

417 1172 635 1239 σωέρματα
672 1168 863 1234 δέχεται,
895 1167 959 1218 οἱα
998 1167 1064 1218 ἑαν
1100 1166 1335 1234 καταβαλῃς
1357 1206 1370 1226 ,
1405 1165 1512 1235 ἐφίε-

417 1258 500 1292 ται·
552 1263 650 1290 ουτω
693 1263 760 1288 και
806 1242 824 1288 ὅ
868 1239 1046 1294 θάνατος
1089 1262 1156 1288 και
1202 1237 1244 1288 2⁵3
1292 1260 1408 1305 nvp,
1456 1240 1512 1305 ἐφ’

396 1311 562 1379 οἷσπερ
601 1309 784 1379 ἐφίεται,
823 1308 1056 1377 ὃιαφθειρει·
1103 1308 1274 1360 τοιοῧτᾶν
1313 1332 1348 1360 τι
1385 1331 1450 1358 και
1486 1331 1512 1361 η

416 1403 558 1433 crema·
601 1378 825 1431 ἀναλωτικα
859 1384 988 1431 ταῦτα
1027 1403 1080 1431 τοι
1114 1402 1346 1447 πραγματα
1386 1382 1514 1431 τοιοῖ-

416 1452 484 1503 τόν
522 1476 558 1504 τι
594 1475 661 1501 και
699 1452 718 1499 0‘
762 1451 869 1506 ὄκνος
912 1474 979 1500 και
1016 1475 1041 1504 η
1085 1470 1218 1517 αργια·
1266 1447 1406 1502 ἓωειόη
1440 1472 1515 1518 γαρ

416 1523 617 1589 θαυμάζει
658 1522 756 1576 ἰ’σως
801 1543 892 1580 τις,
940 1518 1005 1571 δια
1041 1545 1079 1573 τι
1117 1520 1224 1590 κόρον
1269 1524 1335 1571 οὐκ
1371 1521 1456 1585 ἕχει
1493 1524 1514 1569 o‘

416 1597 512 1655 ᾅδης
532 1633 545 1655 ‚
577 1615 703 1643 καιτοι
736 1595 922 1642 ὂαωανῶν
960 1592 1025 1644 τὸν
1064 1591 1250 1657 ἄνθρωπε
1249 1613 1296 1652 ν,
1331 1589 1396 1641 ὃιοι
1426 1615 1518 1642 του-

420 1688 464 1714 το
476 1664 617 1757 φησίν
654 1660 739 1712 εὐόε
788 1685 923 1713 ταυτα
957 1662 1064 1730 κόρον
1096 1663 1180 1727 ἔχει
1202 1702 1214 1724 ,
1252 1660 1384 1712 0333*
1371 1683 1518 1713 ισταν-

420 1758 488 1786 ται
525 1754 619 1786 σου·
658 1739 729 1803 ἔρα
767 1731 809 1781 δὲ
848 1755 940 1784 τινα
977 1733 1190 1801 σαρεβαλε
1228 1731 1296 1786 τᾶν
1333 1756 1517 1800 ωορνειαν

421 1811 477 1871 τῷ
506 1809 600 1872 ἅδῃ·

492 1874 616 1928 Οὗτοι
640 1876 673 1925 οἶ
697 1873 879 1942 κόρακες,
899 1897 986 1929 τους
1005 1873 1077 1938 μὲν
1102 1874 1274 1931 δικαίους
1299 1875 1517 1943 τρεφουσι*

419 1953 616 2015 μυστικῶς
636 1986 650 2006 ,
687 1945 773 2001 τοὺς
806 1944 848 1994 δὲ
879 1943 1036 2001 ἀδικους
1059 1943 1288 2005 κολάζουσι
1322 1945 1412 2001 τοὺς
1444 1969 1519 2002 της

421 2019 573 2075 ἁδικιας
604 2015 812 2086 ἑφθαλμο
795 2040 838 2071 υς
871 2014 1160 2083 ἐξορύττοντες·
1196 2014 1293 2067 διότι
1325 2021 1393 2067 τοῦ
1421 2015 1521 2067 πάν-

420 2114 504 2143 των
529 2087 690 2176 πατρός
705 2110 772 2136 και
796 2092 891 2136 θεοῦ
917 2085 1215 2152 κατεγέλασαν,
1240 2111 1306 2138 και
1332 2109 1404 2140 την
1431 2109 1522 2152 γεν-

419 2167 551 2212 νῶσαν
575 2157 716 2213 αυτοὺς
742 2156 918 2249 ἀρχαιαν
943 2178 1085 2243 γνωσιν
1115 2177 1338 2221 ητιμασαν·
1373 2162 1522 2243 ὀφθαλ-

419 2231 493 2297 μός
516 2230 563 2280 δὲ
587 2253 654 2280 του
689 2226 842 2297 πατρός
867 2231 978 2289 ε’ςιν,
1005 2228 1023 2277 ὃ
1051 2229 1090 2276 ἐν
1110 2227 1339 2318 δικαιοσύνῃ
1364 2226 1523 2291 δεδομέ-

422 2325 485 2358 νος
509 2304 607 2366 ἧμιν
633 2322 715 2367 παρ
751 2303 870 2350 αὐτοῦ
892 2320 985 2363 νομο
970 2318 1024 2354 ς·
1059 2321 1123 2346 και
1149 2320 1239 2354 τους
1265 2320 1336 2363 μεν
1365 2296 1524 2376 ἐξορυσ-

422 2394 564 2427 σοντας
590 2395 631 2421 τε
636 2369 679 2425 ὺς
696 2368 931 2436 ὀφθαλμους
958 2394 998 2420 τε
1003 2374 1026 2417 ῧ
1056 2372 1252 2429 ἀσεβοῧς,
1277 2369 1446 2437 κόρακας
1473 2374 1523 2417 εἰ-

422 2463 509 2495 πεν·
539 2466 627 2498 τους
653 2438 694 2489 ὂε
719 2443 809 2489 ὅλον
836 2438 957 2491 αὐτον
982 2438 1287 2498 κατεσθιοντας,
1320 2438 1524 2503 ὠνομασεν

425 2510 565 2567 ἀετοὺς
588 2552 601 2570 ,
637 2509 702 2561 διὰ
733 2508 780 2560 2¹3
814 2509 899 2566 τοὺς
931 2509 1002 2575 μὲν
1036 2508 1109 2562 τῆν
1139 2510 1298 2576 μερικὴν
1318 2549 1331 2571 .,
1365 2507 1452 2565 τοὺς
1483 2508 1525 2559 δὲ

429 2583 502 2637 τὴν
533 2581 711 2632 καθόλου
742 2580 939 2648 κάθαρσιν
968 2585 1232 2637 ,πεπιςεῧθαυ
1266 2580 1368 2630 θέλει
1399 2580 1474 2647 γὰρ
1506 2580 1526 2629 ὃ

430 2652 531 2710 θεὸς
563 2677 629 2702 και
662 2675 752 2708 τους
785 2655 943 2714 ἀσεβεις
978 2650 1199 2707 σωζεσθαι.

500 2726 552 2775 ’O
583 2721 756 2812 ἀλέκτωρ
790 2721 834 2772 τὸ
867 2743 994 2790 ορνεον
1027 2725 1119 2788 παρ’
1148 2743 1240 2786 ημιν
1274 2721 1425 2773 ἄλεκτα
1458 2720 1529 2770 λε·-
1562 2776 1567 2786 s,

432 2818 564 2862 γεται
603 2816 719 2860 παρα
753 2795 792 2841 δε
831 2816 919 2849 ταις
966 2814 1168 2846 συνουσαις
1204 2795 1314 2856 αὐτῷ
1352 2790 1529 2848 θελειαις

431 2886 617 2933 γνωριςοι
658 2886 906 2932 ωαρεπονται
945 2861 987 2912 δὲ
1025 2863 1134 2927 αυτῷ
1169 2887 1211 2912 αι
1250 2886 1324 2914 των
1360 2862 1530 2930 ορνίθων

436 2936 606 3003 οἷγελαι,
640 2933 707 2984 δια
737 2934 780 2984 z·3
814 2933 955 2989 πάσας
984 2935 1083 2988 ἴσως
1117 2938 1356 3001 περινεστεῖν
1382 2938 1432 3000 τῇ
1464 2956 1532 2983 πε·

433 3029 469 3073 ρι
501 3005 621 3057 αυτὸν
651 3009 782 3071 ἦόονῇ·
818 3005 987 3075 ευψυχος
1025 3003 1066 3071 ᾄὲ
1100 3009 1183 3054 ἑστι
1221 3003 1369 3060 πάσαις
1407 3002 1532 3059 αὐτὸς

436 3082 492 3133 εἰς
538 3076 719 3143 ἀγάσην
764 3099 886 3131 ουτως
931 3080 986 3139 τῷ
1029 3073 1191 3126 σάντων
1243 3079 1327 3139 θεῷ
1370 3075 1413 3122 αἷ
1460 3078 1533 3123 τῶν

436 3141 614 3214 οἷγγελων
649 3146 779 3203 τάξεις
813 3169 854 3194 ου
886 3168 1000 3208 μονον
1033 3144 1145 3213 φόβῳ
1182 3144 1290 3194 ἀλλα
1328 3169 1395 3194 και
1428 3144 1534 3209 ayo}-

439 3241 497 3283 σῃ
535 3216 809 3268 υωεικουσιν*

442 3287 486 3338 τὸ
527 3285 774 3354 ωρόσταγμα
814 3289 934 3335 αὐτοῦ
972 3310 1036 3335 και
1080 3290 1224 3335 ποιεῖν·
1269 3284 1454 3340 ὦσαυτως
1494 3283 1536 3334 δὲ

441 3381 506 3408 και
543 3379 634 3423 σερι
687 3379 775 3410 ταις
825 3360 899 3406 τῶν
950 3355 1107 3406 δικαιων
1158 3362 1310 3421 ψυχαις
1347 3375 1534 3423 ωεφυκεν·

441 3452 533 3479 οσαι
569 3424 644 3494 γὰρ
687 3448 918 3478 υωοκεινται
960 3449 1014 3492 τῳ
1057 3449 1341 3510 ωροσταγματι
1387 3449 1481 3476 αυτε
1485 3431 1537 3487 ῧ,

445 3523 487 3548 ου
519 3498 633 3563 μόνον
667 3495 729 3547 τὰ
748 3500 785 3545 ἐν
819 3503 910 3553 ταῖς
942 3520 1112 3566 γραφαις
1148 3495 1430 3561 ἐναποκειμενα
1462 3520 1540 3560 μυ-

446 3592 588 3637 στηριοι
623 3591 690 3617 και
727 3565 839 3629 βάθη
879 3570 1020 3617 εὐδοκεῖ
1057 3564 1250 3634 γινώσκειν
1272 3606 1285 3629 ‚
1329 3566 1438 3616 ἀλλὰ
1471 3578 1546 3616 zat*

833 3254 846 3276 ⁷
879 3221 944 3266 ὅτε
976 3215 1089 3265 θέλει
1122 3214 1242 3271 αυτδς
1273 3238 1372 3265 νοειν
1405 3213 1535 3270 αὐτὰς

1585 633 1850 732 Corruptio
1869 688 1935 718 res
1955 672 2199 718 huiusmodi
2223 671 2412 714 adamat:
2435 668 2668 720 infernum,

1583 763 1703 794 amm
1704 761 1787 801 em,
1802 748 2019 790 mulierem
2036 744 2323 787 fornicariam:
2339 742 2442 784 haec
2457 740 2567 783 enim
2582 738 2678 782 nul·
2740 763 2750 774 ·

1572 823 1671 865 lum
1696 819 1855 863 habent
1876 818 2004 860 finem
2033 821 2106 859 aut
2135 816 2381 858 satietatem
2404 812 2501 855 Tria
2532 815 2676 854 tamen

1581 896 1680 935 sunt
1705 903 1814 947 quae
1834 887 2062 944 aliquando
2087 887 2313 938 satiantur3
2339 889 2523 927 attamen
2542 895 2675 939 quar-

1581 969 1672 1006 tum
1690 994 1701 1016 ,
1741 972 1975 1015 numquam
2003 971 2048 1001 se
2085 961 2331 1000 contentum
2366 954 2506 998 dicere
2542 954 2674 1003 valet.

1582 1033 1777 1076 Infernus
1790 1063 1802 1085 ,
1820 1036 1861 1074 et
1876 1042 1993 1073 amor
2019 1028 2204 1071 mulieris
2218 1058 2230 1080 ,
2255 1030 2298 1069 et
2317 1030 2431 1068 terra
2445 1036 2678 1080 numquam

1584 1107 1704 1161 aquis
1732 1107 1941 1156 saturata,
1972 1104 2015 1142 et
2044 1111 2155 1154 aqua
2171 1129 2183 1151 ‚
2209 1101 2252 1140 et
2280 1096 2417 1151 ignis,
2449 1107 2679 1150 numquam

1584 1178 1732 1221 dicunt
1763 1173 1937 1217 sufficit.
1970 1174 2142 1226 Semper
2172 1173 2286 1211 terra
2312 1167 2468 1210 semina
2502 1166 2677 1221 recipit;

1585 1247 1850 1305 quantalibet
1862 1244 2068 1297 inieceris,
2083 1242 2222 1285 adhuc
2235 1239 2460 1282 desiderat.
2474 1238 2540 1280 Sic
2552 1237 2680 1280 etiam

1584 1332 1699 1363 mors
1729 1323 1772 1361 et
1798 1317 1909 1373 ignis
1940 1310 2157 1371 quotquot
2188 1310 2471 1366 corripuerint
2490 1320 2683 1352 corrum-

1585 1395 1710 1448 punt.
1729 1391 1795 1432 Ita
1809 1389 1936 1431 etiam
1952 1389 2197 1442 paupertas.
2214 1383 2303 1425 Hae
2324 1382 2483 1437 quippe
2506 1393 2575 1423 res
2593 1380 2684 1423 vim

1587 1460 1863 1506 consumendi
1877 1457 2128 1502 hahent.1ta
2144 1467 2188 1497 se
2200 1453 2360 1496 habent
2375 1453 2503 1505 etiam
2514 1450 2684 1506 pigritia

1588 1540 1631 1577 et
1649 1533 1911 1576 otium.Nam
1925 1530 2025 1586 quia
2035 1528 2213 1570 fortasse
2230 1524 2383 1579 aliquis
2396 1523 2591 1576 miratur,
2607 1534 2686 1565 cur

1586 1604 1834 1648 insatiabilis
1860 1603 1914 1645 sit
1939 1600 2128 1643 infernus
2141 1628 2153 1652 ‚
2178 1595 2436 1652 quamquam
2466 1594 2685 1636 hominem

1589 1665 1831 1727 consumat,
1857 1672 2018 1716 idcirco
2041 1671 2122 1722 ait,
2149 1682 2202 1711 ne
2230 1668 2335 1710 haec
2363 1665 2538 1721 quidem
2563 1664 2688 1707 satie-

1588 1752 1720 1792 tatem
1739 1746 1898 1789 habere
1913 1775 1925 1798 ‚
1942 1755 2078 1798 neque
2097 1740 2343 1784 consistere.
2360 1735 2686 1781 Videsisautem

1591 1818 1810 1876 quomodo
1841 1814 2150 1871 comparaverit
2172 1810 2474 1854 scortationem
2497 1808 2692 1851 inferno..

1651 1890 1778 1933 Corvi
1803 1889 1849 1931 hi
1880 1889 2015 1930 iustos
2050 1886 2169 1928 alunt
2194 1883 2371 1939 mystice
2387 1912 2399 1934 ‚
2430 1884 2474 1923 et
2506 1880 2688 1938 iniustos

1591 1963 1797 2020 puniunt,
1830 1959 2043 2015 nequitiae
2083 1956 2232 2000 oculos
2269 1953 2519 1997 effodientes
2536 1984 2548 2006 ,
2587 1951 2690 2006 quia

1592 2038 1758 2090 patrem
1793 2030 2074 2075 universalem
2110 2040 2160 2070 ac
2188 2028 2327 2069 Deum
2363 2024 2586 2068 irriserunt
2601 2053 2614 2076 ‚
2646 2025 2709 2065 etr

1594 2106 1788 2161 ipsorum
1808 2103 2054 2158 genitricem
2073 2099 2290 2154 antiquam
2308 2097 2526 2140 scientiam
2543 2106 2687 2150 asper-

1592 2177 1681 2219 nati
1709 2178 1822 2217 sunt.
1857 2172 2016 2217 Oculus
2046 2182 2149 2212 vero
2173 2169 2306 2223 patris
2328 2171 2391 2209 est
2407 2198 2418 2220 ‚
2446 2165 2544 2208 data
2564 2162 2694 2207 nobis

1595 2246 1647 2287 ab
1678 2257 1730 2287 eo
1761 2256 1859 2286 cum
1896 2241 2055 2284 iustitia
2088 2240 2170 2282 lex.
2203 2240 2255 2280 Et
2293 2249 2366 2279 eos
2403 2236 2576 2291 quidem
2613 2235 2690 2290 qui
2757 2275 2764 2281 ,

1593 2315 1715 2370 impii
1735 2313 1883 2356 oculos
1904 2310 2114 2354 effodiunt
2127 2339 2139 2361 ,
2161 2308 2267 2350 dixit
2290 2319 2466 2350 corvos:
2491 2306 2567 2360 qui
2589 2317 2692 2348 vero
2718 2354 2722 2356 μ

1595 2390 1735 2429 totum
1757 2383 1972 2426 hominem
1991 2384 2169 2433 vorant,
2191 2378 2350 2434 aquilas
2373 2377 2569 2420 vocavit:
2593 2375 2693 2418 ideo

1599 2457 1780 2521 scilicet,
1815 2455 1915 2510 quia
1944 2452 2036 2494 aliis
2065 2456 2250 2507 partem,
2284 2450 2373 2491 aliis
2404 2446 2693 2491 omnimodam

1595 2528 1894 2585 purgationem
1916 2523 2141 2567 commisit.
2159 2521 2263 2564 Vult
2289 2520 2401 2563 enim
2429 2520 2542 2562 Deus
2564 2518 2693 2561 etiam

1598 2600 1754 2656 impios
1781 2597 1948 2640 salvari.

1598 2796 1602 2798 ‚
1660 2742 1803 2786 Gallus
1836 2723 2050 2797 (ἀλέκτωρ)
2082 2737 2171 2779 avis
2200 2748 2225 2778 a
2261 2733 2387 2777 nobis
2417 2734 2431 2785 ’(
2444 2730 2697 2775 Alexandri-

1601 2816 1692 2868 nis)
1722 2800 1869 2851 ἄλεκτα
1896 2813 1930 2864 1)
1946 2809 2128 2860 dicitur3
2149 2806 2183 2848 si
2202 2818 2304 2848 vero
2320 2804 2526 2847 referatur
2546 2802 2599 2845 ad
2618 2814 2696 2844 co-

1602 2891 1747 2930 euntes
1777 2895 1874 2927 cum
1894 2882 1970 2924 illo
1987 2879 2189 2931 feminas,
2210 2860 2406 2931 γνωριστά
2430 2874 2696 2928 (cognitor.)

1602 2959 1848 3011 Sequuntur,
1873 2953 1987 2994 hunc
2016 2949 2196 2992 altilium
2214 2959 2363 3003 greges
2379 2979 2390 3001 ,
2425 2947 2525 3001 quia
2550 2955 2698 2987 omnes
2749 2931 2751 2933 ¹

1603 3027 1795 3070 ambiunt
1824 3035 1975 3079 capere
2005 3034 2054 3063 ex
2085 3033 2136 3063 eo
2156 3020 2418 3074 voluptatem
2433 3050 2445 3071 ,
2467 3017 2542 3072 qui
2569 3015 2699 3059 alacri

1589 3154 1592 3158 ἥ
1606 3111 1706 3153 erga
1723 3109 1869 3140 omnes
1888 3106 2032 3137 amore
2046 3097 2124 3135 est.
2138 3093 2203 3134 Sic
2215 3090 2442 3133 universali
2459 3090 2550 3131 Deo
2571 3098 2698 3141 ange-

1603 3172 1745 3213 lorum
1761 3167 1929 3210 ordines
1951 3178 2040 3208 non
2058 3169 2174 3207 metu
2195 3167 2361 3205 tantum
2384 3160 2459 3203 sed
2482 3173 2531 3202 ex
2554 3169 2701 3201 amore

1607 3241 1733 3284 etiam
1757 3238 2050 3293 obsequuntur
2063 3269 2074 3290 ,
2103 3247 2200 3278 cum
2223 3233 2275 3276 ab
2301 3233 2360 3275 eis
2380 3232 2470 3287 ipse
2499 3227 2700 3285 cognosci

1607 3312 1701 3354 vult
1718 3308 1917 3352 mandata
1935 3319 2010 3350 sua
2030 3311 2072 3348 et
2090 3305 2212 3361 operi
2239 3294 2463 3358 compleriss
2486 3301 2551 3343 Sic
2573 3298 2700 3341 etiam

1609 3384 1719 3426 circa
1746 3382 1956 3423 iustorum
1985 3379 2142 3420 animas
2171 3376 2264 3418 fieri
2299 3375 2584 3429 comparatum
2615 3372 2698 3410 est.

1609 3456 1718 3497 Nam
1732 3455 1948 3508 quotquot
1963 3448 2171 3500 mandatis
2186 3448 2273 3489 eius
2287 3445 2596 3498 obtemperant,
2612 3451 2701 3481 non

1611 3523 1743 3567 modo
1775 3535 1884 3579 quae
1913 3522 1960 3563 in
1991 3519 2210 3574 scripturis
2239 3515 2459 3572 proposita
2476 3502 2576 3554 ¹sunt
2601 3521 2700 3565 my-

1614 3596 1740 3638 steria
1770 3599 1813 3637 et
1842 3606 1907 3637 res
1945 3592 2190 3644 abstrusae,
2223 3590 2364 3645 placet
2393 3585 2432 3627 ei
2459 3587 2508 3626 ut
2538 3592 2703 3636 cogno-

525 3723 556 3764 1)
578 3717 792 3755 Adnotandus
814 3720 863 3751 est
882 3720 934 3752 hic
960 3721 1050 3754 locus
1071 3722 1312 3763 grammaticis,
1329 3713 1533 3763 praesentim
1538 3728 1613 3752 cum
1630 3718 1775 3751 Sturzius
1789 3717 1831 3750 de
1851 3716 1981 3749 dialect
2003 3715 2073 3748 alex
2101 3722 2133 3754 p.
2151 3714 2220 3745 134.
2244 3719 2313 3751 seq.
2339 3706 2435 3750 primi
2459 3713 2554 3738 casus
2579 3701 2708 3735 nonnisi

448 3777 710 3811 terminationem
733 3775 773 3814 οῖς
799 3776 957 3807 memoret
978 3775 1047 3807 eius
1068 3775 1209 3808 dialecti
1234 3776 1274 3808 Et
1297 3775 1430 3816 quidem
1449 3782 1509 3806 nos
1527 3773 1567 3805 de
1590 3773 1660 3805 hac
1674 3781 1709 3804 re
1733 3769 1835 3804 locuti
1854 3777 1967 3803 sumus
1991 3767 2070 3801 olim
2097 3767 2130 3798 in
2145 3764 2219 3797 adn.
2237 3762 2279 3795 ad
2300 3759 2465 3795 Ciceronis
2480 3767 2538 3800 pro
2557 3765 2630 3797 rege
2645 3755 2709 3788 ale-

451 3832 613 3866 xandrino
630 3832 828 3874 fragmenta,
849 3838 932 3872 quae
952 3828 1136 3870 edidimus,
1155 3837 1253 3869 quem
1278 3836 1383 3870 regem
1408 3827 1534 3869 priscus
1558 3826 1717 3895 interpres
1741 3833 1801 3867 pro
1826 3821 2029 3858 Alexandro
2050 3819 2130 3853 dicit
2139 3812 2307 3852 Alexam.
