2996 4432
1268 288 1270 291 ,
1281 261 1505 294 nomzoms
1513 281 1524 293 .
2483 248 2546 294 35

269 350 608 411 autumnale,
649 359 899 419 quartum
939 345 1189 410 hiemale,
1231 345 1289 399 in
1326 345 1544 417 quihus
1571 347 1724 398 etiam
1771 347 2043 418 praecepit
2092 358 2144 400 et
2180 346 2543 399 ordinationes

264 435 413 497 fieri,
455 450 799 504 quamquam*
823 449 922 482 nec
967 429 1081 500 ipse
1118 447 1217 482 nec
1262 428 1394 481 alius
1431 428 1685 499 quislibet
1730 449 2070 483 romanorum
2119 431 2433 502 pontificum
2458 471 2470 494 ,
2511 449 2542 481 a

267 518 425 570 beato
463 519 620 569 Petro
657 532 828 584 usque
865 513 934 565 ad
970 513 1136 566 sancti
1171 512 1408 565 Silvestri
1444 524 1711 583 tempora,
1745 514 1956 586 ⁴legitur
1998 514 2288 568 celebrasse
2325 513 2540 572 ordina-

268 602 444 653 tiones
480 600 581 652 nisi
616 599 674 650 in
711 616 889 662 mense
926 596 1237 650 decembris.
1290 596 1404 648 Hic-
1426 594 1568 648 idem
1604 596 1991 648 accusationem
2038 597 2412 668 episcoporum
2448 617 2542 649 vo-

193 741 195 743 ,
265 684 367 736 luit
411 682 770 736 difficillimam
815 700 957 745 esse,
999 693 1052 734 et
1088 693 1150 733 ut
1194 679 1413 733 infames
1449 691 1502 731 et
1538 679 1770 748 suspecti
1819 690 1871 730 et
1913 679 2109 732 inimici
2155 681 2212 731 in
2249 699 2537 746 eorumne

264 766 620 837 suscipiantur
655 765 1045 816 accusationem
1069 805 1081 829 ‚
1122 764 1341 815 omnino
1377 762 1672 834 prohibuit.
1718 763 1821 813 Eos
1857 781 1984 814 vero
2031 764 2324 815 haereticos
2367 766 2539 817 nomi-

263 861 386 911 nat,
427 849 522 919 qui
559 847 748 901 dicunt
783 846 1085 899 sacerdotes
1121 859 1246 917 post
1282 847 1520 918 lapsum,
1562 846 1604 897 si
1642 844 1858 915 dignam
1893 846 2098 913 egerint
2131 847 2533 917 paenitentiam,

263 951 376 984 non
410 925 564 1003 posse
602 930 774 983 redire
810 930 880 982 ad
918 931 1175 1000 pristinos
1212 929 1427 981 ordines
1458 930 1524 998 1).
1555 929 1730 981 Huius
1754 947 1976 1000 quoque
2001 931 2332 999 temporibu's
2357 930 2538 995 divino

263 1014 512 1068 incendio
549 1025 884 1067 concremata
921 1025 1000 1066 est
1023 1033 1146 1085 pars
1171 1013 1421 1084 Capitolii
1446 1031 1476 1064 a
1501 1011 1793 1064 meridiano
1809 1053 1822 1077 ,
1841 1024 1908 1064 -et
1932 1013 2144 1064 sinistra
2181 1033 2368 1065 manus
2401 1016 2540 1088 Iovis

265 1117 428 1151 aurea
462 1098 684 1150 fulmine
718 1116 969 1168 percussa
1006 1097 1291 1168 liquefacta
1327 1108 1422 1149 est.
1463 1095 1567 1148 Sed
1605 1108 1657 1148 et
1695 1097 1782 1148 hic
1818 1096 2072 1167 martyrio
2110 1109 2400 1148 coronatus
2427 1110 2536 1163 est,

264 1192 319 1232 et
353 1181 591 1252 sepultus
627 1192 705 1232 est
740 1181 796 1231 in
834 1181 1180 1243 coemeterio,
1222 1178 1372 1251 quod
1407 1198 1506 1232 suo
1543 1179 1761 1231 nomine
1798 1178 1992 1231 dicitur
2027 1179 2257 1232 callixti.

377 1283 462 1334 77.
497 1263 745 1315 Urbanus
770 1263 983 1314 natione
1010 1281 1261 1314 romanus
1287 1273 1410 1333 post
1445 1262 1592 1314 hunc
1629 1264 1876 1316 ecclesiae
1906 1263 2137 1334 suscepit
2151 1263 2537 1334 ,gubernacula

264 1348 367 1399 Hic
403 1347 680 1399 constituit
716 1358 776 1398 ut
812 1347 989 1397 onmia
1025 1360 1149 1397 vasa
1186 1345 1532 1398 ecclesiastica
1579 1354 1738 1398 aurea
1780 1347 1969 1399 fierent
2006 1346 2088 1398 vel
2132 1357 2413 1416 argentea;
2458 1347 2539 1399 vel

264 1431 307 1482 si
342 1449 552 1501 pauper
587 1441 723 1481 esset
759 1429 976 1480 ecclesia
997 1469 1012 1493 ‚
1051 1440 1302 1491 stannea,
1344 1447 1412 1480 ne
1447 1429 1745 1482 sacerdotes
1783 1431 2128 1502 culparentur
2152 1430 2388 1482 avaritia.
2433 1431 2535 1482 Hic

263 1515 470 1584 primus
505 1513 766 1574 instituit,
808 1524 868 1563 ut
903 1511 1120 1563 ecclesia
1159 1512 1452 1582 susciperet
1486 1512 1703 1582 praedia
1724 1554 1736 1576 ,
1775 1532 1842 1565 ex
1876 1532 2110 1583 quorum
2146 1512 2408 1565 reditibus
2442 1513 2538 1577 cle-

262 1597 359 1648 rici
395 1596 744 1648 communiter
779 1595 1035 1646 viverent.
1079 1595 1252 1646 Huius
1289 1606 1529 1665 tempore
1565 1596 1738 1647 extitit
1763 1597 1986 1649 Caecilia
2023 1597 2171 1666 virgo
2196 1595 2538 1668 prudentissi-

264 1699 348 1732 ma
384 1699 523 1751 quae
559 1679 695 1732 duos
731 1679 919 1730 fratres
943 1679 1238 1742 convertit,
1268 1678 2041 1750 Pammachiumexsuperavit.
2074 1680 2224 1744 Quae
2253 1691 2538 1750 postquam

262 1762 482 1815 domum
519 1782 667 1814 suam
704 1763 862 1814 beato
902 1762 1122 1814 Urbano
1159 1759 1378 1813 tradidit
1414 1762 1471 1812 in
1509 1762 1778 1814 ecclesiam
1824 1761 2167 1815 dedicandam
2191 1803 2204 1824 ,
2252 1763 2309 1814 in
2355 1762 2538 1814 eadem

219 1863 223 1867 ·
261 1847 466 1917 inclyto
504 1847 661 1898 vitam
699 1846 872 1897 finivit
909 1846 1163 1916 martyrio
1185 1887 1198 1909 ‚
1240 1863 1402 1916 quam
1439 1845 1593 1897 etiam
1621 1846 1676 1897 in
1702 1847 2024 1898 catacumbis
2062 1858 2364 1897 sanctorum
2401 1866 2538 1916 pon-

261 1930 478 1982 tificum.
503 1931 758 2001 sepelivit.
802 1931 866 1981 Et
906 1931 991 1982 hic
1030 1930 1285 2000 martyrio
1322 1930 1483 1981 vitam
1522 1929 1725 1991 finivit,
1755 1942 1807 1981 et
1842 1930 2081 2000 sepultus
2118 1942 2197 1981 est
2222 1949 2342 1981 cum
2369 1931 2537 1982 fratri-

261 2013 364 2064 bus
389 2014 512 2065 suis.
546 2015 732 2064 Postea
758 2031 886 2064 vero
913 2013 1198 2064 christiana
1224 2006 1493 2064 crescente
1530 2012 1785 2082 religione
1801 2053 1816 2075 ‚
1845 2012 2034 2064 domus
2059 2012 2242 2064 heatae
2279 2014 2535 2067 Caeciliae

260 2098 318 2148 in
355 2097 626 2148 ecclesiam
662 2108 742 2148 est
779 2095 1052 2158 dedicata,
1093 2097 1150 2147 in
1187 2115 1295 2167 qua
1332 2095 1433 2148 sub
1459 2115 1584 2148 ⁴⁴uno
1622 2096 1771 2147 altari
1809 2096 2094 2166 quiescunt
2131 2097 2336 2148 humati
2375 2090 2538 2149 Urba-

261 2199 395 2242 nus,
436 2191 490 2232 et
526 2180 784 2243 Caecilia,
824 2179 1132 2242 Tiburtius,
1173 2192 1226 2231 et
1261 2179 1576 2231 Valerianus
1599 2220 1613 2244 ,
1654 2192 1707 2232 et
1743 2178 2002 2232 Maximus
2038 2180 2413 2260 cubicularius.

371 2264 460 2331 78.
492 2263 786 2314 Pontianus
823 2262 1040 2313 natione
1077 2281 1328 2314 romanus
1365 2263 1492 2315 huic
1528 2263 1775 2315 successit
1798 2264 1854 2315 in
1880 2263 2224 2334 pontificatu,
2260 2263 2353 2334 qui
2391 2264 2538 2318 iussu

258 2345 481 2397 Macrini
519 2357 573 2397 et
610 2343 902 2396 Alexandri
941 2345 1100 2396 exilio
1139 2344 1457 2417 dampnatus
1494 2358 1574 2415 est
1610 2347 1667 2398 in
1711 2348 1885 2400 insula
1920 2333 2195 2409 Sardinia,¹
2229 2358 2281 2399 et
2324 2346 2399 2398 ibi
2435 2367 2537 2418 pro

259 2429 457 2482 Christi
494 2429 710 2480 nomine
747 2440 949 2498 martyr
985 2428 1205 2481 effectus
1238 2429 1530 2501 ,requiescit
1566 2431 1623 2482 in
1659 2450 1808 2501 pace.
2492 2492 2494 2494 v

369 2534 454 2584 79.
499 2514 769 2564 Antherus
804 2513 1021 2564 natione
1058 2531 1277 2583 graecus
1312 2525 1436 2584 post
1473 2515 1617 2566 hunc
1653 2515 1794 2566 rexit
1819 2515 2106 2567 ecclesiam.
2138 2515 2239 2566 Hic
2264 2515 2539 2566 constituit

266 2611 326 2649 ut
361 2596 601 2667 episcopi
636 2595 873 2647 utilitatis
910 2614 1066 2647 causa
1103 2595 1183 2647 ‘vel
1223 2597 1544 2649 necessitatis
1581 2597 1790 2668 possint
1825 2598 2074 2649 tranferri
2112 2596 2177 2650 de
2201 2595 2336 2657 ,sede
2374 2597 2430 2648 in
2467 2617 2539 2649 se-

264 2680 401 2732 dem.
448 2679 548 2730 Hic
586 2689 728 2748 gesta
764 2689 1058 2749 martyrum
1084 2677 1361 2748 diligenter
1385 2699 1416 2731 a
1441 2681 1662 2731 notariis
1698 2681 1985 2750 exquisivit
2023 2691 2075 2731 et
2110 2681 2167 2731 in
2206 2680 2423 2732 ecclesia
2459 2699 2539 2732 re-

260 2761 520 2815 condidit.
562 2762 698 2813 Nam
733 2762 920 2832 priscis
955 2762 1287 2831 temporibus
1323 2780 1388 2814 ex
1426 2774 1709 2833 praecepto
1752 2763 2037 2815 Clementis
2080 2763 2238 2833 primi
2280 2775 2403 2834 post
2441 2764 2537 2815 Pe-

260 2859 404 2898 trum
439 2845 645 2897 romani
683 2845 980 2915 pontilicis,
1011 2845 1208 2896 notarii
1234 2856 1385 2897 erant
1409 2846 1467 2896 in
1504 2846 1639 2897 urbe
1676 2848 1844 2898 Roma
1869 2845 2022 2897 divisi
2048 2865 2146 2916 per
2181 2847 2452 2916 regione5‚
2481 2858 2541 2897 ut

259 2941 403 3000 gesta
440 2940 493 2981 et
529 2928 801 2999 passiones
838 2927 1132 2979 scriberent
1170 2939 1494 2998 martyrum3
1525 2947 1659 2999 quas
1683 2929 2012 2981 beatissimus
2038 2930 2124 2980 hic
2150 2928 2429 2999 diligenter
2455 2949 2540 2988 ex-

262 3015 509 3084 quisivit,
539 3023 591 3064 et
629 3011 917 3082 exquisitas
953 3011 1010 3062 in
1048 3011 1277 3062 ecclesiis
1314 3011 1630 3064 recondidit.
1661 3012 2004 3083 Quapropter
2028 3011 2341 3063 erubescant
2367 3013 2539 3083 hypo-

262 3098 424 3149 critae
460 3095 694 3165 magistri
730 3096 1034 3166 prurientes
1071 3094 1317 3156 auribus,
1359 3094 1453 3164 qui
1491 3093 1680 3145 dicunt
1715 3095 1988 3164 passiones
2025 3105 2328 3147 sanctorum
2365 3095 2423 3146 in
2462 3114 2540 3147 ec-

260 3181 414 3232 clesia
453 3199 564 3231 non
602 3178 883 3248 legendas,
912 3189 965 3229 et
990 3177 1130 3229 inter
1166 3177 1478 3247 apocrypha
1511 3175 1874 3248 deputandas;
1904 3175 2339 3249 scientes“procul
2366 3176 2534 3230 dubio

260 3283 372 3314 non
410 3281 524 3315 esse
561 3262 961 3332 apocryphum,
1003 3258 1152 3330 quod
1188 3272 1400 3317 sanctae
1437 3279 1685 3312 romanae
1722 3261 1967 3313 ecclesiae
2003 3272 2083 3313 est
2114 3262 2426 3314 auctoritate
2452 3281 2539 3314 ro-

260 3347 527 3397 boratum.
569 3346 758 3396 Beatus
795 3363 923 3395 vero
970 3343 1282 3394 Ambrosius
1327 3342 1518 3395 doctor
1561 3341 1884 3395 admirabilis
1920 3345 2189 3414 passiones
2231 3356 2537 3396 sanctorum

260 3441 550 3498 mart-yrum
580 3429 716 3480 intra
742 3428 1016 3479 missarum
1041 3426 1348 3497 sollempnia
1376 3427 1649 3479 interserit·
1667 3427 1724 3479 in
1755 3429 2177 3498 praefationibus
2213 3427 2533 3492 recitanda53

252 3524 321 3562 rut
358 3510 574 3562 evidens
612 3511 677 3561 sit
713 3521 764 3567 et
802 3509 1165 3573 manifestum,
1207 3527 1320 3560 nou
1359 3528 1470 3561 esse
1505 3511 1875 3580 apocryphum
1913 3510 2064 3581 quod
2100 3523 2315 3563 sanctus
2342 3511 2422 3560 vir
2456 3511 2537 3562 in-

260 3607 341 3646 ter
389 3594 662 3643 missarum
706 3592 1019 3662 sollempnia
1069 3592 1334 3643 interserit
1381 3591 1599 3662 populis
1641 3591 1992 3645 recitandum.
2044 3595 2109 3646 Et
2155 3594 2240 3646 hic
2284 3592 2536 3663 martyrio

221 3740 225 3741 ⁷
260 3687 547 3750 coronatus
584 3686 691 3738 est,
732 3686 785 3727 et
821 3675 1062 3744 sepultus
1098 3686 1176 3727 est
1212 3693 1333 3726 cum
1370 3674 1585 3745 collegis
1622 3675 1749 3727 suis.

346 3811 379 3850 1)
411 3807 509 3843 Hinc
536 3806 583 3843 ab
618 3816 805 3855 anonymo
832 3810 982 3842 auctore
1009 3804 1432 3853 philosophumenorum
1450 3833 1461 3851 ‚
1493 3805 1559 3853 qui
1587 3811 1666 3843 erat
1693 3804 1740 3844 de
1768 3812 1867 3845 secta
1891 3808 2087 3845 novatiana
2106 3834 2116 3852 ‚
2146 3804 2429 3855 reprehenditur
2454 3803 2537 3850 (ed.

257 3867 376 3903 Oxon.
408 3877 443 3912 p.
466 3870 570 3910 290.)
596 3866 817 3903 nominatim
844 3865 1046 3909 callixtus,
1074 3864 1139 3912 qui
1172 3865 1440 3912 paenitentiam
1472 3864 1589 3913 lapsis
1618 3864 1830 3907 huiusmodi
1861 3866 2099 3905 concedebat.

2589 861 2658 891 cod.
2673 862 2694 891 1'.
2712 866 2755 892 32.
2774 870 2806 891 a.
