2996 4432
1283 245 1420 278 mmzx
1453 245 1522 277 111.

264 339 466 376 Dioscorus
478 334 602 374 iunior
616 330 858 372 Alexandriae
872 328 1168 378 archiepiscopus
1180 330 1228 366 D.
1245 339 1282 378 p.
1297 333 1359 368 78.

267 397 415 446 Egberti
432 393 661 434 eboracensis
671 393 918 440 fragmentum
933 388 1168 437 praefationis
1189 387 1236 427 ad
1250 399 1361 427 suum

314 454 574 504 paenitentiale
586 482 597 501 ‚
627 462 714 491 curn
735 448 920 488 Theodori
948 449 1215 487 cantuariensis
1230 448 1360 487 defen·

315 515 419 552 sione
445 525 480 562 p.
509 517 570 552 76.

268 573 442 622 Episcopi
467 572 570 610 dotes
592 572 856 607 enumerantur
882 578 921 615 p.
937 572 973 604 5.
997 578 1099 616 seqq.
1121 567 1214 604 Item
1237 566 1360 604 debita
1382 596 1389 600 .

314 632 435 670 officia
452 643 489 680 p.
507 633 565 668 10.
581 627 807 675 Episcopalis
823 626 1052 676 eleemosyna
1076 632 1113 664 et
1135 626 1359 674 praedicatio

315 704 352 741 p.
386 696 442 729 12.
469 687 636 737 Episcopi
665 697 792 723 mensa
820 686 941 734 qualis
975 698 1011 734 p.
1037 691 1073 724 8.
1103 688 1230 724 Vestes
1255 697 1291 735 p.
1321 690 1359 723 9.

313 750 443 799 Qualis
459 749 548 785 item
563 746 596 783 si
612 756 654 782 ex
682 745 913 792 regularibus
932 750 1150 793 assumptus
1165 773 1176 791 ,
1195 744 1258 782 ibi.
1276 745 1362 792 Epi-

311 819 443 857 scopus
455 807 552 844 intra
565 805 738 854 quintum
756 816 918 842 mensem
934 805 981 842 ab
996 805 1176 842 electione
1188 815 1256 843 sua
1271 814 1361 842 con·

310 871 472 906 sectetur
496 876 534 913 p.
561 870 596 901 7.
617 864 786 912 Episcopi
811 864 983 912 exequiae
1007 875 1045 912 p.
1071 867 1133 901 25.

264 927 531 975 Episcoporum
561 923 695 960 diversi
723 923 859 970 gradus
887 934 925 971 p.
951 927 988 960 4.

262 982 674 1027 Excommunicatorum
704 982 955 1020 reconciliatio
988 992 1024 1030 p.
1044 985 1104 1019 66.

262 1042 671 1080 Excommunicationes
695 1046 732 1080 et
755 1042 1071 1080 reconciliationes
1086 1041 1127 1078 in
1152 1050 1266 1079 caena
1285 1041 1365 1078 Do-

311 1103 405 1139 mini
432 1113 470 1149 p.
491 1106 546 1138 19.

262 1161 420 1208 Eugenii
436 1162 507 1197 ΡΡ.
537 1161 568 1198 1.
592 1160 688 1198 liber
711 1159 983 1208 paenitentialis
1010 1170 1048 1207 p.
1075 1162 1136 1196 44.
1165 1159 1262 1203 (Nos
1279 1157 1364 1206 qui-

309 1219 395 1256 dem
428 1219 586 1267 Eugenii
617 1221 711 1265 PR,
741 1224 786 1256 ut
821 1224 918 1256 certe
949 1218 1022 1256 fert
1059 1218 1193 1255 titulus
1218 1245 1229 1263 ‚
1258 1217 1366 1254 libel·

309 1279 392 1316 lum
419 1289 489 1316 ms.
506 1278 567 1315 -de
590 1277 771 1326 dignitate
798 1277 902 1327 pallii
933 1288 1021 1326 prae
1051 1277 1222 1315 manibus
1250 1276 1365 1315 habe-

314 1339 437 1381 mus.)

262 1394 507 1442 Fredegunda
533 1396 761 1433 Francorum
787 1396 916 1444 regina
943 1395 1099 1433 scelesta
1124 1406 1161 1443 p.
1185 1398 1245 1432 61.
1270 1410 1272 1412 ’

264 1455 436 1493 Gelasius
467 1456 538 1491 ΡΡ.
568 1454 698 1492 doctor
724 1455 903 1492 mirificus
934 1455 1151 1492 innumeros
1185 1457 1366 1492 tractatus

312 1514 520 1561 composuit
533 1542 544 1560 ‚
570 1514 683 1551 veluti
700 1519 737 1551 et
751 1513 880 1551 beatus
901 1513 1117 1550 Ambrosius
1134 1524 1170 1560 p.
1186 1517 1249 1550 41.

263 1572 466 1620 Gregorius
503 1583 662 1619 magnus
694 1583 788 1609 num
823 1572 968 1610 electus
996 1571 1043 1609 ab
1069 1572 1291 1620 imperatore
1314 1572 1365 1610 D.

313 1643 351 1680 p.
377 1636 437 1668 81.
462 1633 643 1680 Negatur.
943 1648 947 1652 ¹
1154 1659 1159 1663 .

264 1691 467 1739 Gregorius
494 1690 686 1736 sacerdos,
705 1690 753 1728 ad
774 1701 885 1740 quem
900 1690 1029 1729 scribit
1052 1701 1147 1740 opus
1170 1701 1282 1730 suum
1297 1693 1368 1730 Bo-

315 1750 399 1787 nizo
424 1761 460 1798 p.
480 1752 550 1787 74.

265 1810 467 1848 Guibertus
491 1810 749 1848 schismaticus
773 1809 960 1847 decretum
986 1810 1130 1847 Nicolai
1161 1811 1209 1848 11.
1237 1821 1366 1848 corru-

313 1870 410 1918 pisse
435 1865 599 1906 creditur
622 1871 668 1905 D.
689 1880 725 1916 p.
744 1873 804 1906 82.
821 1873 881 1906 84.
901 1869 1080 1907 Guiberto
1101 1869 1281 1907 sacrificia
1305 1880 1370 1907 ce-.

311 1928 479 1965 lebrante
509 1928 668 1976 populus
690 1928 908 1976 diffugiebat
923 1931 969 1965 D.
996 1940 1033 1977 p.
1052 1933 1110 1966 94.
1130 1928 1232 1978 Idem
1254 1939 1367 1966 usur-

313 1992 400 2035 pato
426 1987 577 2024 nomine
605 1987 797 2032 Clemens,
828 1987 927 2035 apud
952 1989 1159 2035 Argentum
1185 1987 1364 2035 oppidum

313 2047 354 2083 in
380 2046 475 2083 turri
505 2046 675 2083 clausum
700 2057 739 2083 se
764 2047 912 2084 tenebat
929 2048 977 2083 D.
995 2058 1032 2095 p.
1050 2051 1110 2084 94.
1135 2048 1179 2084 In
1201 2058 1287 2084 eum
1302 2047 1366 2085 in-

310 2105 458 2142 vehitur
485 2104 689 2142 Deusdedit
715 2106 762 2141 D.
783 2109 898 2152 p.93.

263 2163 498 2201 Gumbodius
510 2169 639 2201 auctor
651 2164 850 2201 canonicae
863 2165 1069 2212 parmensis
1086 2176 1122 2213 p.
1139 2169 1199 2203 45.
1213 2167 1258 2203 V.
1274 2165 1364 2203 adn.

265 2223 449 2260 Henricus
473 2222 564 2270 imp.
590 2222 656 2270 diu
685 2223 913 2270 vituperatur
941 2226 988 2261 D.
1018 2235 1055 2272 p.
1074 2229 1132 2262 93.
1153 2227 1187 2261 Α
1210 2225 1366 2262 Mathil-

310 2280 357 2317 de
378 2281 563 2318 comitissa
578 2281 694 2318 victus
708 2283 756 2317 D.
773 2293 810 2330 p.
825 2286 885 2319 94.
901 2283 1000 2321 Mala
1016 2284 1213 2321 innumera
1230 2289 1267 2321 et
1281 2294 1366 2322 cae-

312 2339 378 2376 des
396 2339 467 2376 sub
491 2349 535 2376 eo
549 2367 561 2386 ‚
580 2340 733 2378 ibidem.

263 2397 509 2436 Hibernensis
534 2409 668 2445 magna
692 2399 856 2449 synodus
883 2403 962 2438 aevi
985 2401 1140 2439 carolini
1162 2413 1198 2450 p.
1219 2406 1279 2441 50.

266 2457 394 2495 lacobi
420 2459 579 2505 apostoli
599 2459 775 2506 epistolae
800 2461 899 2498 varia
919 2461 1028 2512 lectio
1053 2473 1089 2510 p.
1117 2466 1176 2500 65.

266 2515 458 2552 Ieiunium
479 2516 697 2554 triduanum
717 2524 803 2555 ante
817 2521 1070 2558 ascensionem
1085 2522 1236 2559 Domini
1251 2533 1288 2570 p.
1305 2526 1365 2561 64.

266 2573 454 2610 Ieiunium
478 2573 795 2621 quadragesimale
820 2588 841 2613 a
863 2578 998 2624 quibus
1017 2580 1232 2618 institutum
1248 2592 1285 2629 p.
1305 2587 1366 2619 33.

266 2633 497 2669 incestorum
522 2633 619 2669 varia
641 2643 774 2679 genera
797 2645 833 2680 p.
861 2639 921 2672 67.

266 2691 475 2728 101100011ῑί1
500 2691 620 2728 PP.1.
640 2691 794 2739 epistola
821 2691 870 2729 ad
892 2694 1134 2742 Exsuperium
1162 2694 1304 2734 diversa
1320 2697 1371 2735 ab
1426 2716 1428 2727 ⁴

313 2750 416 2787 edita
445 2761 481 2798 p.
499 2754 558 2787 47.

266 2809 452 2847 lohannes
479 2810 572 2854 (V.)
606 2810 679 2846 ΡΡ.
707 2815 837 2847 auctor
861 2810 947 2848 libri
981 2810 1027 2849 de
1057 2811 1238 2860 dignitate
1263 2813 1368 2862 pallii

314 2879 350 2916 p.
371 2873 430 2905 43.
460 2867 566 2913 (Vid.
583 2868 623 2904 in
650 2868 719 2906 hoc
746 2869 867 2907 indice
893 2881 968 2907 voc.
991 2873 1222 2919 Euyenius.)

267 2927 445 2965 Iohannis
479 2927 724 2976 chrysostomi
761 2929 945 2966 sententia
960 2957 971 2975 ‚
1007 2929 1108 2977 quod
1140 2931 1368 2978 paenitentia

313 2991 352 3023 et
375 2987 590 3023 communio
622 2997 645 3024 a
671 2987 779 3032 nullo
802 2987 875 3024 nisi
902 2998 924 3024 a
951 2987 1133 3026 catholico
1161 2990 1369 3037 suscipien-

297 3045 360 3083 da
386 3046 436 3083 sit
459 3047 506 3082 D.
526 3056 562 3093 p.
585 3049 646 3083 91.
1282 3042 1285 3045 ’

265 3105 388 3142 Laicis
415 3106 599 3142 variarum
628 3104 897 3153 professionum
923 3107 1062 3148 monita
1087 3117 1124 3154 p.
1150 3111 1210 3144 62.

265 3164 475 3212 Lapsorum
506 3164 757 3201 reconciliatio
785 3165 936 3202 variavit
957 3165 998 3202 in
1020 3165 1172 3203 ecclesia
1198 3177 1233 3214 p.
1260 3170 1320 3204 51.

265 3224 385 3271 Leges
413 3233 586 3260 romanae
619 3233 707 3260 cum
730 3223 875 3271 legibus
899 3224 1036 3274 Moysis
1062 3223 1250 3262 interdum
1276 3236 1368 3264 oon-

317 3282 513 3320 cordantes
537 3293 576 3330 p.
608 3286 669 3320 61.

265 3342 383 3389 Leges
410 3343 573 3387 saeculi,
603 3342 634 3380 si
661 3342 708 3380 ab
735 3342 993 3381 ecclesiasticis
1021 3349 1144 3392 aperte
1171 3343 1369 3383 dissentire

312 3400 507 3446 videntur,
538 3402 686 3449 penitus
710 3402 938 3450 respuendae
952 3404 999 3438 D.
1018 3413 1055 3450 p.
1077 3407 1158 3440 107.

264 3460 342 3497 Leo
369 3461 485 3505 (·Ill.)
507 3462 578 3503 ΡΡ.
598 3467 844 3508 cognomento
869 3463 1165 3499 sermocinarius
1188 3473 1225 3510 p.
1245 3466 1304 3500 44.

263 3518 342 3557 Leo
365 3528 459 3566 papa
486 3517 562 3556 dici
587 3519 703 3557 semel
724 3519 870 3557 videtur
897 3530 964 3567 pro
994 3521 1119 3558 Leone
1150 3520 1370 3560 bituricensi

311 3577 483 3625 episcopo
506 3579 553 3614 D.
568 3589 605 3626 p.
626 3582 708 3616 106.
733 3578 904 3616 Liberius
931 3580 1002 3616 ΡΡ.
1031 3579 1223 3618 ecclesiam
1253 3591 1369 3619 unam

309 3637 454 3673 Romae
479 3636 630 3674 Arianis
663 3637 802 3675 invitus
826 3638 1050 3676 concessisse
1077 3637 1216 3677 dicitur
1241 3650 1279 3688 p.
1305 3644 1367 3678 40.

309 3696 355 3733 V.
374 3694 463 3732 adn.
576 3743 580 3747 .

267 3754 474 3792 Marcellini
496 3756 568 3793 ΡΡ.
586 3755 739 3794 historia
757 3767 794 3806 p.
817 3761 877 3795 37.

263 3813 413 3854 Marcus
436 3815 470 3853 Ι.
499 3816 571 3855 ΡΡ.
589 3815 688 3856 inter
712 3816 874 3856 Felicem
898 3821 936 3857 et
962 3817 1234 3867 Eutychianum
1250 3829 1287 3869 p.
1303 3823 1362 3859 37.

2438 213 2534 280 iia

1429 327 1716 366 Mediolanensis
1740 326 1915 366 ecclesiae
1941 327 2094 366 ambitio
2119 330 2334 378 coarguitur
2363 341 2404 379 p.
2421 334 2484 368 31.

1410 388 1595 427 .Militum
1617 388 1699 426 laus
1725 392 1763 425 et
1788 387 1910 425 officia
1932 398 1968 435 p.
1987 392 2052 425 60.

1434 448 1569 485 Missae
1593 447 1783 485 sollemnis
1808 446 2031 484 describitur
2055 453 2223 486 accurate
2247 449 2341 487 ritus
2368 460 2406 498 p.
2425 453 2486 486 17.

1433 506 1678 544 Monachatus
1700 500 1862 554 origines
1889 517 1925 554 p.
1955 510 2015 543 55.

1434 560 1703 603 Menachorum
1727 565 1856 603 merita
1883 577 1919 614 p.
1949 570 2009 603 56.

1434 624 1610 662 Mulieres
1654 635 1724 662 nec
1759 620 1939 662 'ducatum
1980 629 2131 662 teneant
2175 635 2246 663 nec
2289 625 2535 674 principatum

1483 693 1520 730 p.
1547 687 1608 720 61.

1435 741 1579 779 Nicolai
1593 742 1642 778 II.
1666 743 1738 779 ΡΡ.
1758 741 1947 780 decretum
1961 742 2007 781 de
2021 742 2165 780 romani
2181 737 2365 791 pontificis
2381 743 2531 781 electio·

1483 811 1531 838 ne
1555 799 1622 838 diu
1645 801 1846 839 ventilatur
1869 804 1916 838 D.
1937 813 1974 850 p.
1994 806 2053 839 82.
2072 813 2150 850 seq.

1436 859 1583 908 Nuptiis
1609 860 1871 898 contrahendis
1895 860 2000 898 datae
2025 862 2174 908 regulae
2198 871 2234 909 p.
2264 865 2323 898 63.

1436 918 1655 956 Obedientia
1681 919 1902 957 humilitatis
1926 919 2003 957 filia
2024 926 2061 956 et
2082 920 2199 968 prima
2224 920 2340 957 virtus
2356 919 2535 970 Christia-

1484 973 1620 1015 n'orum
1644 988 1682 1026 p.
1709 983 1744 1015 3.

1437 1035 1699 1075 Ordinationes
1723 1048 1846 1075 sacrae
1870 1048 1907 1086 p.
1937 1041 1997 1075 22.
2023 1039 2079 1075 De
2106 1038 2408 1076 ordinationibus
2427 1038 2537 1077 aliter

1483 1107 1601 1144 quam
1624 1096 1670 1133 de
1695 1097 1879 1144 baptismo
1907 1097 2105 1135 dicendum
2130 1109 2168 1146 p.
2196 1101 2231 1135 1.
2261 1097 2452 1135 Ordinatio
2479 1100 2531 1136 si-

1486 1156 1653 1193 moniaca
1672 1167 1709 1204 p.
1733 1161 1790 1194 25.
1980 1163 1984 1166 “

1437 1215 1611 1252 Patareae
1634 1215 1784 1253 morbus
1811 1215 2012 1253 Mediolani
2041 1227 2076 1264 p.
2105 1220 2167 1254 46.

1437 1275 1566 1312 Patres
1593 1275 1767 1312 ecclesiae
1791 1275 2019 1313 calumniose
2047 1281 2084 1313 et
2110 1276 2350 1324 contemptim
2377 1276 2424 1314 ab
2449 1288 2538 1315 ano-

1485 1343 1600 1382 nymo
1626 1333 1824 1381 appellati,
1859 1345 1992 1382 nempe
2024 1336 2274 1384 Hieronymus
2310 1336 2536 1384 maliloquus

1426 1431 1438 1447 ο
1486 1392 1721 1438 hominibus,
1739 1394 1967 1440 Augustinus
1984 1393 2245 1442 multiloquus,
2262 1394 2426 1432 Isidorus
2440 1395 2538 1443 glos-

1484 1462 1612 1488 sarum
1632 1453 1854 1499 compositor
1881 1463 1916 1499 p.
1941 1456 2000 1489 76.

1438 1512 1564 1548 Patres
1591 1511 1837 1548 conciliantur
1858 1511 1952 1548 circa
1975 1512 2206 1549 iterationem
2220 1540 2231 1558 ,
2248 1512 2305 1550 vel
2327 1523 2433 1551 secus
2446 1540 2457 1558 ‚
2475 1523 2538 1550 sa-

1485 1574 1757 1607 cramentorum
1784 1572 1831 1606 D.
1855 1581 1892 1618 p.
1909 1574 1969 1607 90.
1986 1580 2062 1618 seq.

1438 1629 1737 1667 Patriarcharum
1761 1635 1899 1677 quanta
1924 1630 1973 1666 sit
1997 1630 2196 1668 auctoritas
2216 1632 2263 1666 D.
2283 1641 2319 1678 p.
2335 1634 2397 1668 86.

1438 1688 1617 1726 Paulinus
1645 1680 2012 1736 forosemproniensis
2039 1688 2387 1737 pseudo-episcopus
2414 1700 2451 1738 p.
2476 1694 2539 1727 60.

1439 1749 1678 1786 Peccatorum
1708 1749 1875 1785 remissio
1895 1754 1933 1785 et
1957 1748 2140 1786 absolutio
2158 1759 2236 1786 non
2260 1755 2425 1797 expectat
2438 1754 2535 1787 tem-

1486 1807 1587 1855 poris
1613 1808 1860 1856 prolixitatem
1890 1819 1925 1855 p.
1954 1813 2014 1846 65.

1439 1867 1580 1916 Pelagii
1627 1869 1699 1904 PP.
1741 1866 1989 1915 fragmentum
2027 1867 2127 1916 quod
2164 1867 2309 1906 videtur
2355 1867 2539 1907 ineditum

1487 1937 1524 1975 p.
1548 1931 1608 1964 60.

1438 1986 1579 2034 Pelagii
1605 1989 1676 2024 ΡΡ.
1705 1988 1902 2035 registrum
1927 1989 1973 2024 D.
1992 1997 2029 2034 p.
2050 1991 2109 2024 96.
2130 1990 2214 2026 113.

1438 2047 1570 2084 Petrus
1599 2047 1787 2094 apostolus
1813 2046 2073 2094 patriarchales
2101 2047 2274 2084 ecclesias
2300 2047 2340 2084 in
2371 2047 2537 2093 oriente,

1486 2111 1524 2144 et
1549 2106 1686 2153 primos
1711 2106 1901 2154 pontifices
1917 2106 1957 2143 in
1972 2105 2183 2151 occidente,
2207 2105 2389 2142 ordinavit
2411 2107 2464 2143 D.
2478 2110 2539 2143 77.

1438 2167 1568 2203 Petrus
1601 2166 1774 2202 Damiani
1801 2165 1909 2202 tacite
1946 2164 2127 2202 refutatus
2161 2164 2216 2202 vel
2248 2165 2490 2213 reprehensus
2518 2175 2540 2202 a

1486 2224 1690 2262 Deusdedit
1716 2237 1753 2273 p.
1777 2229 1835 2262 89.
1859 2224 1930 2261 Sed
1955 2224 2038 2261 vide
2064 2224 2151 2260 adn.
2175 2235 2212 2271 p.
2229 2227 2289 2261 90.

1438 2285 1609 2322 Pontifici
1625 2296 1778 2322 romano
1797 2295 1907 2332 supra
1931 2295 2059 2322 omnes
2084 2284 2258 2320 ecclesiae
2274 2283 2461 2330 praelatos
2476 2282 2542 2320 de-

1485 2344 1595 2382 betur
1617 2343 1825 2381 obedientia
1839 2371 1850 2388 ‚
1876 2349 2024 2391 propter
2044 2343 2290 2390 principatum
2318 2342 2391 2391 ipsi
2416 2353 2437 2379 a
2460 2343 2543 2379 Deo

1487 2403 1526 2440 in
1550 2405 1593 2440 Β.
1619 2405 1726 2440 Petro
1754 2403 1932 2440 collatum
1958 2405 2004 2438 D.
2033 2414 2069 2449 p.
2099 2406 2179 2439 103.

1438 2463 1663 2502 Pontificum
1684 2473 1779 2499 rom.
1805 2462 1992 2511 catalogus
2009 2467 2046 2499 et
2062 2461 2195 2498 notitia
2216 2471 2254 2508 p.
2272 2463 2392 2498 32-57.
2410 2461 2466 2499 De
2482 2460 2540 2498 his

1488 2529 1544 2561 ter
1569 2523 1698 2560 saltem
1727 2521 1865 2558 Bonizo
1894 2520 2040 2568 scripsit
2066 2531 2102 2567 p.
2130 2523 2191 2557 46.
2218 2519 2305 2556 adn.
2333 2521 2474 2564 (Immo
2504 2525 2543 2557 et

1488 2587 1636 2630 quater3
1662 2592 1749 2618 nam
1775 2585 1919 2628 praeter
1945 2579 2168 2616 documenta
2193 2579 2329 2624 citata,
2358 2579 2470 2615 etiam
2501 2579 2544 2615 in

1488 2641 1583 2678 libro
1597 2639 1651 2676 'de
1674 2639 1914 2676 sacramentis
1939 2649 1962 2675 a
1982 2637 2186 2674 Muratorio
2210 2636 2307 2673 edito
2330 2636 2543 2685 catalogum

1489 2698 1647 2736 eundem
1674 2698 1805 2735 scribit
1829 2699 2008 2740 Bonizo.)

1440 2757 1676 2804 Principibus
1702 2756 1910 2794 obedientia
1937 2755 2090 2792 debetur
2108 2759 2145 2792 et
2168 2755 2349 2792 tributum
2372 2765 2408 2802 p.
2433 2758 2493 2792 59.

1441 2817 1581 2853 Romae
1609 2826 1745 2860 novae,
1771 2815 1810 2852 id
1839 2821 1894 2852 est
1922 2813 2311 2861 constantinopoleos,
2342 2814 2543 2862 imperium

1489 2874 1663 2913 laudatur
1691 2879 1777 2923 prae
1805 2873 2022 2911 occidentali
2052 2873 2173 2911 infimi
2198 2874 2275 2910 aevi
2298 2885 2335 2921 p.
2363 2878 2423 2911 58.

1440 2937 1610 2974 Romana
1635 2933 1787 2971 ecclesia
1814 2933 1935 2980 coepit
1960 2933 2031 2971 sub
2056 2932 2212 2970 Urbano
2241 2934 2270 2968 1.
2291 2934 2362 2970 ΡΡ.
2392 2932 2540 2981 praedia

1489 2993 1676 3042 possidere
1705 3004 1740 3041 p.
1773 2996 1830 3030 35.
1852 2997 1910 3029 52.

1440 3054 1632 3090 Romanae
1657 3052 1832 3089 ecclesiae
1855 3051 2068 3089 excellentia
2091 3062 2128 3099 p.
2143 3055 2202 3088 29.
2220 3061 2298 3099 seq.
2320 3052 2376 3089 De
2391 3050 2461 3089 hac
2479 3062 2542 3090 ca-

1489 3111 1694 3160 pitulorum
1722 3111 1802 3147 XL.
1824 3110 1925 3146 tituli
1951 3121 1986 3157 p.
2006 3114 2065 3146 47.

1440 3172 1632 3208 Romanae
1659 3169 1837 3207 ecclesiae
1865 3169 2043 3217 possessio
2070 3168 2249 3206 immensa
2277 3179 2314 3217 p.
2331 3172 2391 3207 53.

1440 3230 1602 3268 Romani
1628 3228 1868 3266 occidentalis
1892 3227 2036 3275 imperii
2067 3226 2190 3265 medio
2214 3227 2270 3265 vel
2293 3228 2423 3266 infimo
2454 3239 2541 3267 aevo

1488 3288 1688 3336 dignitates
1704 3294 1740 3325 et
1754 3288 1855 3324 curia
1873 3298 1909 3334 p.
1927 3291 1985 3333 59.
2004 3297 2080 3335 seq.

1440 3348 1600 3384 Romani
1619 3347 1774 3394 *imperii
1801 3346 2001 3394 destructio
2029 3341 2244 3394 prophetata
2272 3357 2310 3394 p.
2337 3351 2398 3385 58.

1439 3405 1648 3451 Rosalenda
1669 3405 1999 3454 Longobardorum
2025 3408 2154 3453 regina
2180 3405 2333 3444 scelesta
2356 3408 2404 3443 D.
2423 3417 2460 3455 p.
2478 3411 2538 3446 61.

1441 3464 1644 3502 Sacerdotii
1673 3464 1865 3502 exordium
1892 3475 1929 3512 p.
1949 3468 2009 3501 25.
2036 3475 2114 3512 seq.

1441 3522 1700 3560 Sacerdotibus
1727 3522 1999 3560 admonitiones
2022 3523 2217 3561 Bonizonis
2239 3533 2276 3572 p.
2304 3527 2364 3563 53.
2380 3534 2456 3573 seq.

1440 3581 1634 3620 Seufridus
1657 3582 1889 3630 placentinus
1916 3582 2108 3630 episcopus
2135 3594 2171 3630 p.
2190 3587 2249 3620 45.

1402 3688 1412 3699 ι
1440 3640 1614 3679 Silvester
1640 3642 1752 3686 (·Il·)
1779 3642 1852 3678 ΡΡ.
1871 3641 2041 3681 omnium
2068 3642 2205 3679 artium
2231 3641 2444 3680 liberalium
2474 3654 2541 3691 pe-

1486 3700 1688 3739 ritissimus
1715 3712 1752 3749 p.
1772 3704 1832 3738 45.

1440 3759 1658 3810 Symbolum
1674 3787 1686 3805 ‚
1716 3759 1970 3807 evangelium,
1989 3771 2077 3800 crux
2091 3787 2102 3806 ‚
2130 3769 2207 3799 non
2234 3759 2463 3799 iterabantur
2478 3772 2538 3799 re-

1487 3817 1698 3857 conciliatis
1719 3827 1756 3866 p.
1776 3821 1837 3856 91.
