2996 4432
1009 235 1183 267 com-nx
1217 232 1459 265 invasonss
1493 234 1590 266 Ere.
1628 235 1715 267 mn.
1755 237 1823 268 111.
2468 223 2559 269 103

389 329 436 370 6.
472 327 525 369 Et
554 324 757 382 quoniam
788 320 1029 365 seeundum
1058 320 1164 363 haec
1194 331 1305 376 quae
1336 320 1629 375 praemisimus
1648 351 1660 374 ,
1694 333 1840 364 omnes
1869 319 2011 364 fideles
2038 322 2124 365 suis
2145 322 2325 378 quisque
2355 322 2558 378 praelatis

270 403 465 454 propter>
485 399 622 441 Deum
648 393 936 438 obedientiam
965 391 1147 446 debent,
1175 391 1527 434 maxime-autem
1556 404 1682 447 super
1713 405 1859 436 omnes
1888 393 2088 436 ecclesiae
2127 394 2342 450 praelatos
2376 405 2558 438 romano

274 469 503 524 Pontifici,
526 471 704 524 propter
723 464 1013 521 principatum
1033 463 1114 506 sibi
1134 476 1160 506 a
1181 464 1274 506 Deo
1302 462 1346 505 in
1371 461 1498 505 heato
1523 463 1649 505 Petro
1674 463 1903 519 collatum,
1928 464 2152 507 nonnullas
2177 465 2304 507 huius
2331 466 2392 507 rei
2421 467 2558 520 gratia

270 541 390 583 sedis
419 538 672 596 apostolicae
701 535 1027 587 constitutiones
1052 534 1318 578 subiicimns.
1350 533 1452 576 Pius
1489 545 1616 589 papa.
1665 552 1681 569 ·
1699 534 1782 586 Qui
1810 535 1923 578 iussa
1952 536 2210 590 apostolicae
2240 536 2351 579 sedis
2382 537 2560 579 licenter

278 617 578 666 transgressus·
594 608 749 662 fuerit,
781 606 951 649 infamis
982 605 1181 650 efficitur.
1200 626 1217 642 ι
1252 605 1505 661 Stephanus.
1544 623 1561 640 ι
1577 604 1760 647 Infames
1790 617 1858 648 eas
1886 618 2086 661 personas
2119 605 2297 649 dicimus
2312 637 2325 659 ‚
2348 619 2456 662 quae
2476 611 2560 650 sta-

276 687 373 726 tuta
402 679 682 725 ecclesiastica
716 682 1010 721 contemnunt.
1034 696 1052 714 υ
1082 678 1313 733 Gregorius
1341 676 1523 720 Iohanni
1553 668 1773 731 episcopo.
1819 696 1835 712 ·‹
1853 676 1934 730 Qui
1961 678 2092 720 sacris
2117 679 2250 720 nescit
2280 677 2454 721 obedire
2484 691 2558 720 ea-

274 753 487 806 nonibus,
532 763 613 794 nec
647 751 779 793 sacris
813 749 1107 793 administrare
1134 747 1204 791 vel
1233 748 1578 791 communionem
1614 757 1766 801 capere
1799 747 1854 788 sit
1889 746 2042 802 dignus
2074 748 2291 791 altaribus.
2314 767 2332 785 υ
2365 748 2486 791 Idem
2514 749 2559 791 in

270 824 433 867 ultimo
460 822 688 865 moralium
711 821 843 865 libro.
879 840 895 856 «
910 821 1007 864 Sola
1029 819 1275 863 obedientia
1303 821 1392 871 est,
1422 830 1532 874 quae
1549 816 1649 860 fidei
1671 817 1871 859 meritum
1898 817 2088 872 possidet
2103 851 2115 872 ,
2140 819 2231 861 sine
2263 831 2349 874 qua
2379 820 2558 875 quisquc

273 894 459 938 infidelis
485 906 576 937 esse
612 893 824 943 videatur.
856 894 910 935 Et
939 892 1066 949 paulo
1097 894 1213 946 post.
1251 888 1477 932 Sciendum
1505 900 1610 931 vero
1641 891 1730 942 est,
1777 888 1878 944 quia
1907 901 2137 944 numquam
2165 902 2244 945 per
2274 889 2559 933 obedientiam

278 966 435 1010 malum
462 966 580 1020 fieri,
613 964 846 1022 aliquando
880 968 1023 1007 autem
1052 962 1180 1005 dehet
1203 973 1281 1016 per
1309 959 1597 1003 obedientiam
1626 959 1790 1002 bonum
1817 958 1939 1015 quod
1967 960 2106 1015 agitur
2131 961 2370 1004 intermitti.
2393 981 2410 998 υ
2432 962 2552 1004 ‘Gre-

274 1038 431 1091 gorius
460 1038 617 1080 iunior.
657 1055 674 1072 α
695 1037 757 1079 Sit
786 1035 947 1078 alienus
973 1047 999 1078 a
1034 1033 1188 1076 divinis
1221 1036 1265 1075 et
1298 1031 1616 1088 pontificalibus
1646 1030 1823 1086 officiiS,
1855 1032 1931 1087 qui
1965 1031 2074 1074 nolit
2107 1034 2347 1088 praeceptis
2381 1033 2558 1076 obedire

272 1109 540 1164 apostolicis.
564 1127 581 1144 υ
621 1107 792 1162 Agatho
831 1107 876 1148 in
912 1106 1005 1148 ·v1·
1045 1103 1231 1160 synodo.
1273 1104 1372 1148 «Sic
1408 1116 1556 1146 omnes
1585 1103 1840 1159 apostolicae
1873 1102 1985 1146 sedis
2024 1103 2262 1146 sanctiones
2294 1103 2559 1158 accipiendae

200 1179 205 1185 '
273 1184 380 1222 sunt
397 1210 409 1233 ‚
445 1184 662 1235 tamquam
681 1178 816 1233 ipsius
847 1176 981 1219 divini
999 1176 1116 1218 Petri
1136 1187 1242 1217 voce
1268 1174 1477 1218 firmatae.
1507 1175 1736 1218 «Nicolaus
1755 1175 1918 1231 primus
1939 1175 1984 1216 in
2011 1174 2192 1229 registro
2215 1186 2293 1216 suo
2317 1173 2372 1216 ad
2395 1173 2559 1216 Lotha-

276 1252 393 1293 rium
415 1263 574 1306 regem.
605 1252 788 1292 «Petrus
810 1249 854 1291 in
878 1247 1042 1291 domini
1063 1247 1259 1303 passione
1280 1246 1385 1289 nihil
1411 1247 1455 1289 in
1479 1246 1648 1290 Malcho
1670 1246 1751 1289 nisi
1772 1245 2004 1288 auriculam
2025 1244 2230 1298 abscidit,
2258 1248 2306 1286 ut
2325 1243 2449 1286 nobis
2474 1244 2562 1286 eius

279 1323 418 1364 vicem
447 1320 691 1375 gerentibus
721 1319 896 1362 daretur
914 1318 1096 1372 intelligi
1114 1350 1126 1372 ,
1152 1318 1294 1360 nullos
1316 1330 1396 1360 nos
1426 1318 1564 1373 magis
1594 1317 1748 1361 debere
1777 1316 1971 1372 insequi,
2002 1328 2128 1371 quam
2147 1314 2437 1371 quorumlibet
2462 1315 2561 1357 ino-

276 1392 541 1435 bedientium
571 1390 727 1433 surdos
756 1389 944 1433 auditus,
966 1409 984 1427 ι
1008 1388 1262 1432 Ambrosius
1282 1401 1412 1445 super
1441 1389 1618 1432 Lucam.
1649 1407 1665 1425 α
1684 1388 1812 1431 Tollit
1838 1389 1990 1430 Petrus
2018 1400 2179 1430 aurem.
2214 1387 2355 1439 Quare
2376 1386 2560 1429 Petrus?

273 1463 379 1518 ⁴quia
416 1463 510 1517 ipse
543 1466 609 1504 est
642 1462 717 1516 qui
745 1461 886 1503 claves
915 1461 1034 1516 regni
1063 1460 1275 1503 caelorum
1301 1460 1464 1516 accepit
1479 1491 1491 1514 ,
1523 1465 1567 1503 et
1595 1460 1755 1515 ligandi
1785 1464 1828 1503 et
1853 1458 2048 1502 solvendi
2075 1458 2253 1514 adeptus
2279 1462 2343 1501 est
2371 1462 2562 1513 potesta-

277 1539 386 1578 tem.
417 1533 550 1576 Tollit
580 1545 727 1576 aurem
755 1531 862 1574 male
887 1531 1131 1584 audientis,
1155 1530 1271 1574 tollit
1299 1530 1445 1585 gladio
1469 1530 1675 1586 spirituali
1693 1540 1837 1573 aurem
1857 1530 2104 1573 interiorem
2131 1529 2242 1571 male
2267 1529 2556 1584 intelligentis.

281 1607 516 1648 Caveamus
546 1617 599 1646 ne
624 1604 693 1647 cui
721 1603 900 1646 tollatur
925 1602 1126 1645 auricula.
1153 1621 1169 1638 ι·
1203 1603 1264 1644 Ex
1296 1602 1599 1644 constitutione
1619 1601 1899 1644 Valentiniani
1919 1605 1962 1643 et
1982 1600 2212 1643 Theodosii
2233 1601 2557 1656 imperatorum.

281 1695 302 1713 «
324 1677 365 1718 Si
393 1676 491 1731 quis
520 1676 820 1731 episcoporum
851 1674 907 1717 ad
936 1673 1143 1716 iudicIum
1168 1673 1338 1715 romani
1368 1673 1566 1716 antistitis
1594 1677 1797 1717 evocatus
1827 1672 1972 1715 adesse
2001 1671 2259 1727 neglexerit,
2293 1684 2370 1727 per
2406 1671 2559 1714 mode-

277 1752 467 1790 ratorem
485 1746 685 1789 eiusdem
718 1745 964 1801 provinciae
998 1743 1145 1788 adesse
1173 1748 1370 1799 cogatur.
1395 1763 1412 1780 ··

1234 1863 1418 1903 QUARTA
1447 1863 1600 1896 SECTIO
1607 1884 1618 1894 .

400 1962 444 2003 6.
467 1962 590 2003 Nunc
611 1959 663 2002 de
687 1959 1027 2003 diffamatorihus
1048 1971 1123 2002 seu
1143 1957 1457 2001 detractoribus
1476 1959 1767 2001 ministrorum
1789 1958 1882 2001 Dei.
1898 1959 1949 2001 In
1972 1957 2138 2012 synodo
2159 1956 2382 1999 universali
2398 1956 2559 2000 ·CCX·'

276 2036 451 2087 patrum
476 2031 626 2073 habita
654 2043 735 2086 pro
760 2031 930 2084 Ignatio
961 2029 1232 2085 patriarcha,
1263 2041 1372 2084 quae
1402 2042 1427 2071 a
1457 2028 1714 2084 quibusdam
1744 2030 1879 2072 ·v111·
1907 2029 2079 2072 dicitur.
2116 2029 2346 2084 «Quisquis
2366 2033 2483 2071 tanta
2502 2029 2560 2071 ia·

275 2103 439 2145 ctantia
468 2115 571 2145 usus
600 2102 730 2144 fuerit
754 2105 799 2143 et
825 2101 1029 2156 audacia,
1063 2105 1107 2143 et
1136 2100 1371 2143 secundum
1394 2100 1599 2143 Photium
1628 2105 1671 2143 et
1693 2101 1948 2144 Dioscorum
1974 2103 2018 2143 in
2047 2101 2214 2155 scriptis
2245 2100 2315 2142 vel
2343 2100 2434 2142 sine
2457 2100 2559 2141 scri-

278 2175 363 2228 ptis
387 2173 562 2216 iniurias
582 2172 789 2228 quasdam
819 2176 970 2215 contra
999 2173 1200 2215 vicarium
1220 2176 1262 2214 et
1290 2171 1434 2214 sedem
1456 2172 1660 2228 principis
1682 2173 1976 2228 apostolorum
2005 2161 2121 2215 Petri
2147 2174 2338 2224 moveat,
2367 2170 2559 2213 eamdem

272 2258 411 2300 quam
439 2245 503 2287 illi
534 2244 932 2291 condemnationem
952 2244 1148 2300 accipiat.
1169 2263 1186 2280 ›-
1221 2244 1466 2287 Anacletus.
1502 2263 1519 2279 κ
1540 2234 1783 2287 Deteriores
1810 2249 1909 2286 sunt
1942 2245 2016 2299 qui
2044 2244 2271 2286 doctorum
2301 2243 2433 2285 vitam
2464 2254 2560 2284 mo-

276 2328 431 2371 resque
452 2319 759 2370 corrumpunt‚
792 2314 860 2357 his
885 2316 960 2370 qni
983 2315 1166 2358 aliorum
1195 2314 1476 2358 substantiam
1495 2315 1755 2371 praediaque
1781 2316 2012 2371 diripiunt3
2046 2320 2087 2357 et
2115 2315 2215 2358 ideo
2246 2316 2354 2356 iuste
2382 2314 2560 2356 infames

274 2391 405 2439 sunt,
442 2390 485 2429 et
514 2387 669 2429 merito
702 2386 756 2428 ab
789 2387 966 2429 ecclesia
995 2391 1187 2429 extorres
1216 2386 1342 2430 fiunt.
1364 2406 1382 2423 »
1417 2386 1554 2430 Idem.
1598 2406 1614 2422 κ
1639 2387 1821 2442 Oportet
1841 2399 2189 2442 unumquemque
2206 2385 2394 2437 fidelem,
2430 2387 2463 2426 si
2492 2385 2559 2426 vi-

274 2458 391 2500 derit
422 2463 496 2501 aut
525 2458 783 2512 cognoverit
811 2457 958 2514 plebes
987 2470 1085 2500 suas
1120 2457 1322 2501 adversus
1349 2463 1563 2513 pastorem
1590 2471 1715 2501 suum
1746 2463 2008 2511 tumescere,
2031 2462 2106 2499 aut
2134 2455 2467 2499 detractionibus
2488 2468 2559 2498 va-

274 2541 404 2582 care,
435 2528 521 2571 hoc
547 2529 701 2571 vitium
730 2542 810 2584 pro
835 2529 998 2572 viribus
1025 2530 1260 2585 extirpare;
1283 2542 1362 2573 nec
1388 2531 1510 2573 eisin
1532 2530 1873 2586 quibuscumque
1895 2529 2078 2584 negotiis
2104 2528 2271 2571 misceri
2298 2531 2556 2583 praesumat,

277 2603 376 2642 ante
405 2611 539 2654 quam·
562 2612 642 2642 suo
672 2601 968 2643 reconcilietur
997 2600 1183 2644 doctori.
1206 2620 1224 2638 »
1261 2600 1398 2644 Idem.
1444 2620 1461 2637 ι
1479 2602 1693 2644 Sententia
1722 2603 1851 2645 Cham
1885 2602 1962 2644 filii
1990 2603 2081 2644 Noe
2111 2605 2340 2651 notantur,
2374 2602 2449 2654 qui
2483 2599 2562 2640 Dei

282 2669 527 2712 sacerdotes
559 2674 604 2711 et
632 2669 850 2712 ministros
877 2670 1082 2713 infamare
1116 2677 1406 2727 praesumunt.
1427 2692 1444 2709 υ
1472 2673 1668 2715 Nicolaus
1696 2673 1916 2716 Ludovico
1941 2672 2199 2727 imperatori.
2236 2691 2251 2706 κ
2275 2671 2314 2712 Si
2345 2670 2398 2712 de
2420 2670 2560 2712 domi-

2597 1964 2615 1982 ·
2633 1964 2677 1995 ita
2694 1965 2764 1995 cod.

2602 2539 2669 2569 cod.
2688 2540 2707 2567 f.
2725 2542 2788 2567 146.
2832 2571 2834 2573 v

282 2743 349 2784 nis
379 2740 700 2795 sacerdotibuS‚
732 2742 807 2796 qui
845 2742 940 2783 iure
971 2747 1113 2798 patres
1139 2742 1366 2798 dicuntur,
1402 2743 1564 2798 aliquid
1598 2756 1678 2786 vos
1708 2744 1854 2787 audire
1891 2745 2144 2799 contigerit,
2183 2742 2302 2798 q'uod
2337 2742 2559 2783 confusio·
2631 2767 2638 2774 ·

279 2825 378 2855 nem
412 2813 495 2867 piis
527 2811 744 2854 mentibus
770 2812 937 2867 ingerat
956 2843 968 2864 ‚
999 2825 1089 2855 non
1118 2813 1323 2856 infrunite
1352 2812 1429 2856 sed
1465 2813 1699 2869 pudorate‚
1730 2815 1822 2857 Noc
1860 2814 1972 2857 filios
2007 2815 2243 2868 imitantes,
2272 2813 2450 2868 patriam
2484 2826 2560 2855 ve-

278 2883 527 2926 recundiam
556 2883 798 2938 contegite,
833 2888 882 2925 ut
911 2883 1137 2937 affluente,
1170 2883 1528 2939 quemadmodum
1559 2889 1603 2927 et
1623 2885 1710 2939 illi,
1732 2875 2024 2928 benedictione
2043 2898 2068 2927 a
2086 2886 2272 2927 Domino
2300 2885 2452 2940 repleri
2475 2896 2562 2926 me-

278 2953 472 2996 reamini.
492 2972 510 2990 n
545 2955 654 2997 Item
671 2985 683 3007 ,
708 2959 756 2996 ut
777 2955 836 2997 ait
865 2954 1070 2997 Eusebius
1097 2955 1143 2997 in
1171 2955 1352 2997 historia
1377 2956 1688 3011 ecclesiastica,
1718 2957 1763 2999 in
1794 2957 1969 2999 nicaena
1995 2956 2164 3012 synodo
2192 2957 2426 3012 imperator
2447 2956 2562 2998 Con-

283 3025 495 3067 stantinus
523 3025 841 3068 accusatoribus
877 3025 1146 3069 sacerdotum
1179 3026 1302 3068 dixit.
1341 3045 1357 3062 ιι
1380 3028 1489 3070 Vere
1509 3027 1546 3069 si
1575 3028 1762 3083 propriis
1790 3028 1926 3070 oculis
1951 3027 2143 3070 vidissem
2166 3027 2427 3070 sacerdotem
2459 3028 2560 3081 Dei,

277 3100 356 3138 aut
388 3096 574 3150 aliquem
604 3108 753 3142 eorum
772 3097 847 3152 qui
867 3096 1093 3140 monadico
1120 3096 1267 3140 habitu
1297 3097 1439 3140 amicti
1466 3102 1592 3152 sunt,
1623 3103 1865 3154 peccantem
1884 3130 1896 3153 ,
1922 3099 2191 3154 chlamydem
2219 3112 2353 3142 meam
2377 3100 2562 3155 explica·
2610 3123 2612 3126 -

280 3179 373 3208 rem
391 3197 404 3219 ,
434 3171 478 3208 et
498 3167 766 3222 cooperirem
799 3181 897 3210 eum
928 3181 980 3210 ne
1005 3167 1060 3210 ab
1091 3167 1238 3223 aliquo
1259 3168 1491 3226 videretur.
1515 3188 1531 3205 n
1567 3170 1765 3212 Silvester
1783 3183 1895 3226 papa
1912 3201 1924 3223 ,
1949 3175 1999 3212 ut
2025 3171 2070 3213 in
2092 3172 2220 3225 gestis
2241 3172 2330 3213 eius
2354 3171 2558 3224 habetur,

278 3251 307 3280 a
336 3237 649 3281 detractoribus
679 3252 802 3282 aures
819 3251 915 3281 suas
945 3239 1067 3294 quasi
1091 3251 1115 3281 a
1134 3240 1404 3295 serpentibus
1432 3241 1655 3296 separabat
1685 3241 1857 3296 dicens,
1895 3242 2014 3298 quod
2045 3242 2127 3284 hoc
2147 3254 2356 3284 venenum
2383 3254 2458 3296 per
2484 3254 2561 3283 au-

285 3322 352 3351 res
380 3309 612 3363 ingressum
636 3310 849 3354 occideret
866 3311 1025 3353 animas
1044 3311 1299 3354 audientis.»
1330 3313 1613 3368 Hieronymus
1636 3313 1681 3354 in
1709 3313 1972 3368 expositione
1994 3313 2146 3368 psalmi
2163 3313 2394 3355 centesimi.
2427 3333 2442 3347 u
2457 3314 2562 3354 Pro-

281 3380 397 3422 ximo
428 3393 506 3423 suo
539 3380 805 3436 detrahenti,
838 3383 954 3425 hunc
984 3383 1288 3438 persequebar.
1321 3384 1373 3426 In
1401 3388 1568 3427 tantum
1599 3397 1686 3427 non
1718 3389 1891 3440 oportet
1921 3386 2155 3428 consentire
2184 3398 2263 3427 nos
2294 3385 2559 3437 detrahenti,

281 3456 332 3494 ut
362 3452 487 3495 etiam
517 3456 726 3507 quantum
754 3454 799 3495 in
830 3453 955 3496 nobis
983 3458 1074 3507 est,
1106 3467 1414 3510 persequamur
1442 3456 1605 3510 talem3
1637 3456 1912 3511 providentes
1937 3457 1981 3499 in
2010 3460 2196 3512 utroque
2226 3457 2446 3499 utilitatem
2466 3487 2478 3508 ,
2512 3460 2561 3497 ut

286 3536 366 3566 nec
396 3523 579 3567 libenter
607 3523 852 3580 audiamus,
874 3537 954 3568 nec
982 3525 1104 3568 illum
1133 3528 1427 3582 permittamus
1447 3539 1638 3583 peccare.
1658 3528 1792 3570 Tanta
1822 3529 1934 3571 enim
1963 3528 2160 3572 distantia
2191 3533 2254 3571 est
2282 3528 2392 3570 inter
2417 3527 2559 3568 forni-

284 3599 454 3637 cantem
485 3598 528 3636 et
557 3593 849 3638 detrahentem
867 3625 880 3650 ‚
911 3601 962 3639 nt
990 3597 1063 3639 ille
1094 3597 1170 3652 qui
1198 3597 1468 3651 fornicatur,
1501 3611 1546 3640 se
1577 3598 1773 3653 occidat;
1805 3599 1876 3642 ille
1905 3604 2045 3642 autem
2082 3600 2157 3654 qui
2192 3598 2410 3651 detrahit,
2445 3602 2487 3639 et
2516 3611 2560 3640 se

213 3728 217 3729 ⁷
287 3671 331 3709 et
361 3666 481 3708 illum
511 3666 587 3721 qui
616 3665 768 3721 audit,
801 3665 1009 3722 demergit
1037 3668 1082 3710 in
1110 3668 1338 3712 infernum.
1362 3688 1378 3705 ι·
1403 3669 1682 3723 Augustiana.
1724 3670 1850 3713 »Non
1880 3670 2002 3713 fratri
2033 3683 2111 3713 suo
2143 3669 2271 3722 dicit,
2294 3668 2433 3721 fatue;
2460 3668 2558 3722 qui-

289 3749 475 3803 cumque
506 3737 591 3779 hoc
622 3736 754 3791 dicit,
779 3750 867 3780 non
889 3739 970 3794 ipsi
998 3738 1150 3794 fratri,
1173 3739 1248 3783 sed
1268 3745 1446 3796 peccato
1477 3741 1567 3784 eius
1595 3741 1782 3784 infensus
1803 3746 1881 3785 est.
1906 3742 2109 3797 Alioquin
2129 3753 2224 3783 reus
2247 3740 2326 3782 erit
2342 3739 2558 3793 gehenuae

282 3809 408 3862 iguis.
430 3829 446 3845 υ
482 3810 535 3852 Et
564 3813 668 3865 post
698 3821 850 3865 pauca.
889 3810 964 3854 «si
985 3811 1082 3867 quis
1101 3803 1439 3868 praeoccupatus
1467 3810 1596 3856 fuerit
1624 3811 1711 3856 hoc
1742 3811 1919 3869 delicto,
1946 3817 1994 3856 ut
2013 3811 2132 3855 fratri
2153 3823 2230 3854 suo
2255 3810 2389 3866 dicat,
2414 3809 2555 3864 satue3
