2944 4426
777 379 1289 451 Ὲῡῦἱῐΐὲῶῖὶὶὶῐὲ
1329 377 1964 447 &Mataei-ra&

346 694 384 740 Ι.
412 645 603 736 Altera
624 685 739 732 haec
764 684 1017 731 voluminis
1039 684 1187 730 nostri
1222 698 1330 745 pars
1352 689 1554 744 quatuor
1587 679 1912 742 complectitur
1939 680 2115 742 priscos
2143 682 2516 730 Proverbiorum

247 766 508 817 Salomonis
539 764 840 824 interpretes,
868 762 1119 822 Origenem
1143 762 1252 805 satis
1277 758 1492 810 uberem,
1521 757 1799 819 Didymum‚
1827 757 2137 818 Hippolytum
2157 792 2168 809 ‚
2197 766 2240 804 et
2268 759 2515 821 Apollina-

250 861 376 893 rem:
414 841 734 904 Apollinarem
767 834 927 884 rursus
951 846 996 884 et
1021 824 1383 899 Polychronium
1408 835 1655 881 Ezechielis
1677 833 2027 896 explanatores:
2058 836 2194 880 tertio
2220 835 2372 881 adhuc
2397 853 2512 883 eun-

251 918 704 980 demApollinarem
730 915 790 961 ad
816 917 1019 968 Esaiam,
1048 923 1093 960 et
1117 913 1318 974 denique
1344 911 1710 973 copiosissimum
1736 910 1946 956 omnium
1972 910 2224 972 Didymum
2248 912 2294 957 in
2321 923 2517 960 cunctos

251 997 473 1043 Psalmos.
512 996 567 1040 Et
601 993 648 1038 hi
683 993 873 1054 quidem
908 1008 1069 1038 omnes
1094 1007 1146 1037 ex
1174 1005 1283 1036 mss.
1311 989 1527 1035 vaticanis
1553 989 1723 1033 catenis
1748 1003 1841 1033 non
1868 987 1964 1032 sine
1988 987 2116 1048 gravi
2142 986 2305 1034 labore
2338 1004 2390 1035 ac
2415 998 2514 1036 stu-

249 1074 332 1120 dio
362 1071 556 1119 delibati
593 1071 795 1116 fuerunt.
833 1071 1013 1131 Agmen
1046 1069 1174 1114 ducit
1197 1068 1420 1130 Origenes
1443 1080 1498 1110 ex
1525 1065 1684 1111 codice
1707 1067 1802 1111 vat.
1837 1065 1975 1111 1802.
2005 1073 2246 1126 sumptus,
2275 1065 2512 1113 membra-

253 1165 344 1197 neo
369 1148 616 1212 splendido
641 1156 687 1193 et
711 1148 817 1192 satis
850 1147 1026 1208 prisco,
1056 1145 1180 1191 unde
1212 1144 1304 1190 iam
1327 1143 1708 1203 Chrysostomum
1724 1176 1736 1195 ‚
1763 1157 1903 1204 super
1927 1142 2090 1188 iisdem
2117 1141 2378 1189 Proverbiis
2411 1146 2517 1190 scri-

253 1227 440 1274 bentem
468 1261 479 1278 ,
508 1227 552 1271 in
578 1232 795 1286 quartum
823 1232 1035 1269 nostrum
1060 1222 1282 1268 volumen
1314 1219 1642 1266 derivavimus
1673 1218 2029 1280 Deperditarum
2060 1220 2184 1265 enim
2209 1220 2422 1281 Origenis
2455 1222 2515 1267 ad

256 1304 412 1350 divina
441 1300 687 1348 Proverbia
723 1298 1102 1345 lucubrationum
1137 1297 1356 1358 reliquiae
1391 1310 1561 1357 paucae
1594 1297 1641 1342 in
1667 1297 1808 1342 Ruaei
1834 1297 2050 1342 editionis
2075 1305 2203 1344 tomo
2230 1299 2368 1344 tertio
2390 1307 2516 1344 exta-

257 1379 400 1430 bant:
428 1393 626 1440 quarum
651 1377 733 1422 etsi
769 1376 946 1437 aliquot
974 1374 1196 1421 lemmata
1218 1374 1454 1420 vaticanus
1478 1388 1666 1434 quoque
1690 1372 1835 1419 codex
1863 1371 2078 1425 tenebat,
2105 1387 2190 1418 nos
2226 1366 2338 1419 haec
2364 1383 2518 1422 tamen

254 1459 498 1505 omisimus
514 1490 525 1507 ‚
552 1454 660 1515 quia
695 1461 849 1515 partes
883 1451 1209 1498 tantummodo
1241 1451 1436 1497 ineditas
1462 1451 1762 1497 constitutum
1788 1449 1924 1496 nobis
1947 1458 2045 1496 erat
2067 1451 2287 1512 vulgare;
2313 1461 2364 1497 ut
2390 1452 2518 1499 sutu-

258 1536 323 1580 ris
347 1533 563 1579 videlicet
589 1531 742 1591 magni
774 1529 1037 1575 Adamantii
1061 1527 1320 1575 editoribus
1345 1544 1438 1574 non
1467 1528 1792 1590 paenitendam
1825 1529 2089 1573 mantissam
2116 1542 2513 1590 praepararemus.

258 1609 645 1656 Laudatissimum
668 1621 781 1653 vero
806 1607 1055 1668 Origenem
1078 1621 1162 1651 cur
1185 1606 1277 1652 iam
1304 1620 1423 1668 opus
1450 1606 1505 1651 sit
1529 1619 1552 1650 a
1578 1604 1713 1651 nobis
1737 1604 1947 1651 laudari?
1977 1606 2141 1667 Utique
2167 1614 2347 1667 praeter
2367 1615 2519 1654 tantae

259 1687 438 1748 gloriae
469 1685 676 1745 tantique
708 1683 860 1729 meriti
886 1697 1084 1736 nomen,
1112 1683 1288 1728 suntin
1312 1682 1384 1728 his
1416 1682 1637 1728 vaticanis
1669 1682 1880 1743 Origenis
1906 1682 2083 1743 paginis
2116 1682 2308 1728 eximiae
2340 1684 2520 1746 pietatis

258 1765 460 1816 semina,
490 1761 608 1808 altae
641 1761 700 1807 de
732 1762 828 1806 Deo
862 1760 1136 1813 sententiae,
1165 1759 1438 1820 dogmatum
1461 1759 1696 1805 interdum
1721 1768 1882 1805 contra
1908 1759 2117 1806 haereses
2142 1759 2516 1815 adfirmationes‚

263 1841 447 1902 mystici
482 1839 653 1900 passim
686 1853 872 1891 sensus,
909 1837 1146 1883 suasiones
1168 1837 1376 1889 virtutis,
1404 1823 1626 1883 vitiorum
1650 1835 1998 1882 detestationes:
2023 1836 2194 1898 quibus
2218 1837 2407 1898 aliisque
2432 1838 2520 1885 hu·-

259 1917 463 1964 iusmodi
498 1915 776 1977 origenianis
799 1948 811 1968 ‚
849 1929 956 1960 cum
995 1929 1114 1976 opus
1154 1914 1274 1967 erit,
1312 1913 1599 1976 dogmaticae
1631 1913 1912 1976 moralisque
1953 1915 2167 1960 scientiae
2208 1915 2414 1976 magistri
2455 1911 2521 1962 uti

259 2000 501 2055 poterunt.
1412 1989 1418 1995 ⁷
1844 2003 1854 2010 ²

358 2069 418 2114 ΙΙ.
455 2069 496 2114 Α
529 2067 733 2128 Didymo
766 2082 955 2129 quoque
989 2067 1292 2114 alexandrino
1325 2068 1583 2114 Salomonis
1615 2066 1861 2114 Proverbia
1896 2069 2235 2114 commentariis
2266 2068 2403 2115 fuisse
2443 2086 2522 2116 ex-

262 2146 450 2209 planata
473 2179 484 2199 ‚
522 2145 762 2191 evidenter
797 2153 1022 2191 testa-ntur
1056 2154 1243 2193 catenae
1264 2181 1275 2200 ‚
1313 2146 1455 2192 latina
1489 2161 1656 2208 nempe
1690 2146 1888 2198 Peltani‚
1915 2161 2102 2208 graecae
2132 2155 2285 2192 autem
2310 2148 2523 2194 codicum

258 2224 584 2270 vaticanorum
623 2223 763 2267 1802.
794 2221 886 2283 (A);
924 2230 1017 2267 vat.
1058 2221 1210 2269 ottob.
1244 2224 1352 2268 117.
1393 2222 1480 2284 (B);
1509 2231 1601 2269 vat.
1629 2238 1728 2285 reg.
1755 2225 1835 2270 77.
1877 2223 1965 2286 (C),
1999 2239 2056 2270 ne
2088 2225 2174 2271 alia
2200 2223 2258 2270 ab
2284 2226 2524 2273 extranea-

263 2314 373 2347 rum
402 2297 796 2346 bibliothecarum
836 2297 1075 2345 codicibus
1109 2301 1372 2346 testimonia
1407 2300 1576 2346 frustra
1611 2315 1857 2347 accersam.
1901 2299 2083 2347 Habere
2123 2317 2170 2347 se
2210 2302 2394 2364 Didymi
2435 2304 2525 2350 hoc

259 2392 385 2440 opus
406 2411 420 2432 ‚
458 2375 608 2424 aiebat
641 2375 942 2421 Cassiodorus
976 2376 1084 2422 inst.
1114 2377 1211 2423 div.
1241 2377 1330 2424 litt.
1356 2392 1457 2439 cap.
1483 2379 1538 2424 V.
1583 2396 1605 2419 <‹
1627 2379 1679 2423 In
1712 2393 1808 2439 quo
1842 2376 1966 2424 libro
2001 2378 2422 2442 (proverbiorum)
2451 2383 2525 2427 Di-

271 2471 295 2498 »
334 2453 531 2514 dymum
565 2452 880 2514 expositorem
915 2452 965 2498 in
999 2467 1162 2514 graeca
1196 2454 1353 2516 lingua
1386 2455 1668 2517 repa-imm,
1705 2456 1785 2515 qui
1820 2452 1878 2500 ab
1913 2455 2061 2500 amico
2095 2463 2282 2508 nostr0‚
2319 2459 2422 2502 viro
2457 2459 2525 2504 di-

262 2546 294 2574 ·»
332 2530 584 2577 sertissimo
618 2515 905 2589 Epiphanio,
942 2530 991 2574 in
1025 2529 1222 2575 latinum
1256 2545 1522 2576 sermonem
1552 2530 1902 2593 diligentissime
1938 2532 2184 2578 translatus
2219 2542 2335 2579 est.»
2374 2536 2526 2590 Quum

265 2606 361 2651 iam
395 2622 481 2652 nos
502 2606 742 2652 volumine
776 2614 943 2666 quarto
967 2606 1222 2668 Didymum
1245 2608 1294 2653 in
1318 2608 1570 2654 secundam
1593 2608 1650 2654 ad
1676 2609 1961 2661 Corinthios,
1993 2618 2039 2655 et
2063 2609 2121 2655 ad
2149 2611 2364 2658 Iohannis
2387 2628 2527 2659 evan-

270 2681 469 2740 gelium,
505 2689 733 2744 quantum
765 2681 922 2735 licuit,
945 2683 1313 2744 ·collegerimus;
1342 2700 1466 2731 nune
1488 2685 1614 2731 haud
1638 2686 1769 2731 inviti
1793 2687 2010 2747 reliquias
2033 2688 2130 2740 eius
2156 2688 2214 2733 ad
2239 2683 2528 2737 divina'Pro-

269 2754 432 2802 verbia
465 2759 771 2810 corrasimus,
809 2773 929 2819 quae
961 2759 1228 2820 quindecim
1265 2761 1410 2807 ferme
1445 2763 1635 2823 paginas
1669 2761 1810 2808 nobis·
1837 2763 2150 2810 confecerunt.
2180 2820 2187 2827 .

374 2831 454 2876 111.
482 2834 789 2895 Hippolytum
817 2835 1042 2897 (quantae
1076 2838 1358 2899 antiquitatis
1382 2839 1626 2900 meritique
1648 2840 1801 2886 virum
1820 2840 1857 2902 l)
1883 2840 1942 2886 ad
1966 2841 2089 2886 idem
2117 2842 2375 2889 Salomonis
2410 2860 2528 2907 opus
2573 2876 2576 2879 Δ

275 2917 668 2955 commentantem
689 2913 926 2959 vaticanus
951 2913 1095 2960 codex
1125 2917 1267 2961 1802.
1295 2916 1388 2961 iam
1414 2914 1549 2962 nobis
1573 2915 1825 2979 obtulerat:
1854 2917 1933 2963 sed
1959 2934 2068 2965 mox
2094 2920 2178 2965 alia
2206 2936 2394 2982 quoque
2418 2938 2525 2969 mss.

276 2984 559 3046 exemplaria
593 2998 903 3042 accesserunt,
932 2991 994 3037 ita
1032 3000 1082 3038 ut
1116 2991 1315 3039 definito
1339 2993 1522 3055 pridem
1546 2993 1696 3054 spatio
1733 2994 2064 3054 comprehendi
2103 2998 2314 3057 nequiret
2348 3001 2530 3062 Hippo-

276 3061 426 3123 lytus,
456 3063 543 3107 nisi
568 3063 827 3110 minorib'us
851 3074 1071 3127 typorum
1101 3070 1262 3116 formis
1287 3079 1542 3116 uteremur.
1570 3071 1624 3114 Et
1654 3070 1855 3131 primum
1880 3071 2069 3131 quidem
2096 3073 2385 3136 alterumque
2411 3077 2530 3139 frag—

278 3147 489 3184 mentum
523 3138 744 3185 extabant
776 3141 867 3188 sed.
892 3143 1032 3191 latine
1068 3155 1247 3192 tantum
1272 3147 1395 3210 apud
1422 3148 1595 3193 Peltani
1622 3154 1827 3192 catenam
1846 3181 1857 3199 ‚
1885 3147 2085 3210 indeque
2119 3152 2240 3212 apud
2269 3153 2532 3201 Fabricium

276 3230 391 3276 opp.
421 3216 565 3276 Hipp.
594 3216 644 3260 T.
674 3216 709 3260 l.
734 3231 780 3277 p.
810 3219 923 3263 269.
951 3222 1063 3267 270:
1093 3238 1269 3285 nosque
1305 3239 1467 3286 graece
1502 3223 1845 3287 protuleramus
1869 3224 1916 3269 in
1943 3225 2107 3287 Script.
2130 3237 2221 3274 vet.
2250 3230 2326 3275 ed.
2355 3234 2396 3277 1.
2418 3234 2466 3279 T.
2491 3235 2526 3280 Ι.

279 3300 400 3352 part.
428 3293 476 3337 2.
515 3307 565 3353 p.
603 3292 715 3336 223.
754 3294 887 3339 Nunc
920 3310 1034 3342 vero
1067 3297 1178 3345 haec
1209 3316 1398 3363 quoque
1422 3302 1587 3348 ceteris
1619 3316 1738 3362 quae
1762 3309 1918 3363 postea
1952 3303 2210 3351 invenimus
2241 3309 2533 3371 adiungenda

279 3367 496 3414 fuerunt:
535 3383 734 3430 namque
771 3368 858 3414 alia
892 3370 1115 3432 prolyti
1151 3375 1324 3424 scholia
1359 3377 1418 3424 ab
1451 3379 1552 3425 aliis
1586 3377 1823 3438 evulgata,
1862 3377 2062 3439 ideoque
2096 3396 2121 3427 a
2158 3382 2291 3431 nobis
2326 3397 2534 3448 praeter-

280 3445 446 3497 missa,
476 3446 848 3490 enumeravimus
870 3445 916 3490 in
942 3447 1178 3507 praedicto
1196 3452 1483 3515 Scriptorum
1507 3462 1717 3500 veterum
1742 3462 1873 3499 tomo
1899 3469 1946 3515 p.
1976 3458 2083 3502 161.
2106 3467 2151 3504 et
2179 3476 2225 3522 p.
2247 3465 2358 3509 221.
2388 3467 2534 3512 Porro

279 3521 521 3566 notissima
558 3530 625 3567 est
659 3523 704 3566 S.
736 3521 978 3583 Hippolyti
998 3533 1143 3590 *vetus
1169 3535 1317 3575 statua
1341 3531 1388 3575 in
1422 3531 1630 3577 vaticana
1654 3529 1935 3576 bibliotheca
1963 3543 2198 3593 promam,
2227 3538 2308 3585 ubi
2332 3557 2532 3589 marmo-

280 3611 359 3642 rea
392 3599 440 3642 in
477 3598 589 3644 sella
623 3597 859 3659 catalogus
893 3613 1092 3660 operum
1122 3600 1243 3649 beati
1279 3605 1365 3651 viri
1399 3606 1607 3667 sculptus
1641 3615 1739 3659 est;
1775 3615 1822 3652 et
1854 3608 2043 3667 quidem
2078 3613 2125 3657 in
2159 3617 2364 3664 secundo
2397 3636 2533 3667 versu

282 3672 510 3733 acephalo
545 3675 712 3736 legitur
734 3711 744 3721 .
773 3712 782 3723 .
812 3711 822 3722 .
846 3679 964 3732 IAZ,
990 3678 1118 3739 quod
1145 3679 1394 3741 legendum
1419 3698 1516 3729 esse
1542 3684 1595 3736 εἰς
1629 3679 1707 3737 τὰς
1735 3679 1945 3749 παροιμίας
1979 3688 1998 3747 (
2013 3687 2063 3734 in
2085 3693 2368 3754 proverbia)
2398 3711 2533 3743 nemo

281 3745 543 3803 dubitabit;
571 3752 796 3812 siquidem
823 3755 872 3799 in
898 3764 1119 3818 sequente
1147 3741 1287 3804 sellae
1319 3760 1546 3810 versiculo
1571 3763 1739 3826 legitur
1765 3765 1819 3817 εἰς
1846 3764 2028 3828 ψαλμεῦς
2060 3767 2133 3824 (in
2165 3771 2425 3831 Psalmos)‚·
2454 3774 2534 3834 qui

279 3837 446 3884 reapse
479 3826 527 3871 in
562 3828 763 3889 publicis
796 3830 954 3878 bibliis
987 3835 1191 3895 contigui
1225 3833 1332 3881 libri
1367 3846 1490 3883 sunt.
