2944 4426
481 282 496 311 Ι
504 282 531 309 V
1203 307 1205 309 ,
1352 296 1354 298 -
1528 278 1728 311 ΕΒΙΤΟῙΠΒ

577 364 650 408 lV.
691 361 944 423 Didymum
977 361 1024 406 in
1058 360 1180 408 libro
1210 370 1372 408 nostro
1407 361 1707 425 subsequitur
1738 364 2022 427 Apollinaris
2048 367 2350 424 laodicensis,
2376 385 2572 434 magnae
2598 372 2749 425 famae

475 455 765 502 magnaeque
799 439 1038 485 doctrinae
1071 439 1242 492 homo,
1272 441 1403 485 cuius
1437 439 1657 502 reliquiae
1680 443 1764 488 etsi
1787 443 1967 504 oppido
1994 459 2167 506 paucae
2202 446 2261 492 ad
2295 448 2569 503 Proverbia,
2597 453 2750 514 negli-

477 517 655 580 gendae
680 531 774 561 non
800 514 1002 561 fuerunt.
1033 516 1241 577 Denique
1266 531 1323 561 ne
1350 516 1525 563 minuta
1551 518 1740 579 quidem
1767 519 1950 573 Iuliani,
1979 521 2203 575 Arethae‚
2225 522 2576 584 olympiodori,
2604 526 2742 589 Aqui-

479 595 573 645 lae,
601 601 646 639 et
671 591 935 652 Symmachi
959 591 1215 652 fragmenta
1242 594 1622 655 contempsimus.
1651 596 1804 657 Atque
1830 595 1915 641 hos
1941 597 2130 657 quidem
2157 598 2520 647 Proverbiorum
2553 618 2750 651 enarra-

476 680 602 717 tores
637 670 776 715 latina
813 684 1000 730 quoque
1025 670 1072 714 in
1098 677 1222 715 veste
1257 670 1585 730 producendos
1616 672 1894 718 curavimus.
1935 674 2155 735 Reliquos
2187 676 2427 723 omisimus
2448 712 2459 730 ,
2498 693 2667 741 nempe
2691 682 2743 727 in

476 749 635 810 priore
659 746 818 792 codice
844 750 884 792 1.
909 748 1226 806 Anonymum.
1250 748 1298 792 2.
1321 747 1555 792 Basilium.
1578 748 1624 792 3.
1646 748 1942 808 Procopium.
1965 749 2176 796 Ceterum
2203 767 2290 798 nos
2314 753 2525 816 Procopii
2550 756 2599 800 in
2623 757 2745 803 Pro-

474 823 636 870 verbia
662 824 1021 886 copiosissimam
1049 822 1422 883 explanationem
1446 824 1536 869 iam
1563 824 1878 885 impressimus
1903 823 2111 881 iniclass.
2141 826 2239 872 AA.
2276 836 2405 875 tomo
2439 846 2583 881 nono.
2621 833 2740 880 Fre-

473 902 803 964 quentissimus
832 901 1023 946 demum
1059 899 1333 946 occurrebat
1367 902 1415 946 in
1448 900 1609 946 codice
1640 901 1870 976 interpres
1900 900 2091 964 quidam
2114 936 2125 955 ,
2164 901 2290 948 haud
2318 906 2454 952 valde
2482 910 2731 971 antiquus,

477 993 607 1037 cuius
637 997 901 1036 constanter
924 1004 1096 1034 nomen
1127 989 1218 1035 hoc
1251 989 1532 1051 compendio
1564 988 1783 1035 scribitur
1814 984 1893 1045 ΣΞ).
1920 989 2050 1049 quod
2078 997 2183 1052 post
2212 991 2381 1038 multas
2419 994 2737 1045 dubitationes-

472 1076 518 1114 et
552 1068 840 1113 coniecturas
874 1065 1123 1126 legendum
1158 1064 1404 1111 credebam
1431 1062 1649 1114 Σικυόίτευ.
1684 1066 1866 1111 Etenim
1900 1065 2068 1125 Glycae
2092 1067 2320 1128 Sieyditae
2349 1077 2507 1116 catena
2530 1072 2580 1117 in
2602 1082 2742 1119 vetus

469 1151 796 1190 testamentum
830 1141 1024 1203 Neapoli
1050 1150 1202 1194 extat,
1240 1150 1290 1187 ut
1316 1157 1401 1187 nos
1427 1149 1551 1187 certe
1585 1143 1632 1187 in
1668 1141 1881 1188 codicum
1912 1140 2309 1198 farnesianorum,
2346 1147 2427 1207 qui
2459 1146 2557 1194 illic
2592 1157 2730 1202 sunt,

472 1220 684 1280 catalogo
714 1218 925 1278 legimus.
964 1218 1030 1262 De
1064 1217 1152 1263 hoc
1186 1217 1417 1278 Sicydita‚
1454 1217 1503 1263 id
1543 1225 1611 1263 est
1651 1217 1873 1265 Michaele
1907 1217 2071 1279 Glyca,
2110 1234 2263 1266 sermo
2297 1222 2409 1267 item
2442 1231 2512 1268 est·
2545 1225 2594 1269 in
2633 1225 2739 1271 edi-

477 1297 605 1342 tione
640 1296 906 1340 Damasceni
940 1295 989 1339 T.
1019 1294 1055 1339 Ι.
1085 1309 1134 1354 p.
1167 1294 1277 1339 653.

567 1373 620 1418 V.
660 1372 753 1415 lam
778 1371 886 1431 quia
913 1369 1151 1431 prophetis
1179 1369 1498 1416 illuminandis
1525 1378 1700 1417 tantam
1725 1371 1862 1417 huius
1886 1369 2137 1418 voluminis
2163 1379 2344 1433 partem
2367 1372 2689 1435 impenderam
2714 1411 2732 1431 ,

469 1448 589 1494 duos
627 1462 815 1509 quoque
848 1446 1095 1492 Ezechielis
1128 1444 1402 1508 interpretes
1436 1446 1786 1509 subiungendos
1818 1449 2012 1510 putavi,
2043 1463 2247 1509 quorum
2286 1449 2490 1510 primum
2524 1452 2728 1500 eundem

470 1525 787 1587 Apollinarem
821 1539 876 1570 ex
910 1524 1083 1585 ingenti
1121 1523 1280 1570 codice
1306 1532 1398 1570 vat.
1428 1524 1578 1571 ottob.
1609 1526 1742 1578 452„
1770 1524 1896 1571 unde
1926 1525 2041 1571 olim
2074 1524 2484 1587 longamssquoque
2512 1528 2559 1573 in
2589 1529 2732 1575 Dani-

467 1603 622 1648 helem
646 1603 831 1647 Patrum
865 1609 1071 1647 catenam
1105 1602 1342 1647 traximus.
1381 1601 1470 1647 Sed
1500 1604 1626 1648 enim
1662 1602 1719 1648 ad
1750 1602 2033 1648 Ezechielem
2060 1601 2190 1663 quod
2221 1603 2381 1648 attinet
2413 1603 2563 1650 multo
2597 1612 2734 1651 cete-

468 1680 532 1725 ris
566 1677 756 1724 uberior
789 1679 837 1724 in
872 1678 1037 1724 eodem
1074 1678 1232 1725 codiee
1265 1678 1412 1725 adfuit
1444 1679 1812 1740 Polychronius,
1849 1687 1894 1726 et
1927 1678 2056 1724 illam
2089 1694 2219 1726 suam
2254 1678 2313 1725 ad
2352 1680 2625 1727 Danihelem
2659 1680 2732 1727 lu-

468 1754 786 1801 cubrationem
827 1770 922 1801 non
955 1752 1224 1816 ‘exaequans
1267 1755 1418 1801 solum
1458 1755 1540 1801 sed
1582 1771 1821 1817 superans.
1869 1755 2167 1817 Polychronii
2205 1771 2353 1818 genus
2393 1758 2731 1819 interpretandi

466 1833 604 1880 valde
639 1832 788 1879 simile
818 1832 886 1877 illi
927 1840 994 1877 est
1029 1831 1260 1889 Theodori
1298 1831 1491 1886 fratris,
1527 1831 1733 1878 historici
1767 1847 1936 1894 nempe
1977 1847 2136 1878 sensus
2173 1839 2308 1883 tenax
2331 1867 2342 1885 ,
2392 1834 2689 1895 perspicuum
2711 1869 2726 1888 ,

466 1905 697 1961 liberum,
733 1916 777 1954 et
806 1907 865 1956 ab
890 1908 1151 1970 allegoricis
1175 1908 1618 1956 commentatoribus
1655 1909 1844 1972 (contra
1874 1923 1993 1970 quos
2025 1907 2297 1954 Theodorus
2326 1910 2533 1970 quinque
2575 1909 2727 1956 libros

467 1984 739 2047 scripserat)
782 1985 921 2046 longe
954 1984 1191 2030 recedens.
1234 1986 1393 2047 Itaque
1418 1993 1463 2031 et
1499 1985 1656 2031 locum
1690 1987 1787 2032 eius
1820 1986 2046 2047 insignem
2079 2000 2135 2031 ex
2162 1986 2329 2047 pagina
2370 1994 2528 2032 nostra
2563 2001 2727 2048 graeca

470 2064 580 2115 111,
613 2063 703 2108 huc
728 2062 867 2108 latine
896 2062 1232 2108 transferimus.
1266 2063 1445 2108 Scilicet
1473 2062 1532 2108 ad
1564 2062 1811 2108 Ezechielis
1843 2062 2123 2124 capitulum,
2151 2063 2231 2108 28.
2261 2061 2343 2108 ubi
2369 2062 2428 2107 de
2450 2064 2556 2124 Tyri
2588 2063 2723 2125 prin-

466 2141 566 2202 cipe
597 2154 751 2185 sermo
786 2146 882 2191 est,
921 2139 983 2187 ita
1018 2138 1353 2200 Polychronius
1387 2155 1545 2186 severe
1579 2140 1837 2200 acriterque
1866 2136 2041 2188 scribit.
2086 2138 2296 2184 «Volunt
2329 2139 2573 2193 nonnulli,
2609 2140 2724 2186 hae'o

470 2236 491 2259 »
531 2232 626 2262 non
659 2216 718 2261 de
749 2215 937 2261 homine
973 2215 1064 2261 dici
1098 2215 1179 2261 sed
1212 2216 1271 2261 de
1303 2214 1524 2269 diabolo:
1561 2217 1783 2262 nimirum
1821 2222 1986 2276 sponte
2022 2222 2277 2275 satagentes
2312 2216 2563 2276 quominus
2597 2212 2720 2261 divi-

463 2314 484 2334 »
526 2309 694 2339 narum
740 2292 1076 2354 scripturarum
1116 2301 1317 2338 mentem
1358 2299 1622 2345 sectentur,
1663 2292 1743 2337 sed
1787 2299 1837 2337 ut
1873 2291 1930 2336 ad
1970 2292 2210 2352 propriam
2248 2290 2540 2352 phantasiam
2575 2289 2721 2338 verba

461 2388 484 2413 ι)
523 2369 809 2432 pertrahant.
851 2370 1179 2415 Verumtamen
1210 2385 1264 2415 ex
1299 2369 1409 2430 ipsis
1433 2367 1587 2416 verbis
1621 2375 1933 2429 coarguentur
1966 2367 2158 2412 illorum
2180 2381 2434 2412 sermones.
2463 2368 2613 2411 Huius
2639 2382 2723 2413 ve-

460 2465 484 2490 »
525 2461 580 2492 ro
613 2446 859 2508 allegoriae
895 2446 1109 2508 princeps
1150 2445 1234 2491 fuit
1264 2446 1509 2506 OrigeneS,
1557 2459 1697 2506 quem
1737 2444 1880 2490 secuti
1915 2451 2024 2489 sunt
2055 2441 2274 2504 quidam,
2319 2443 2400 2503 qui
2443 2444 2719 2504 ceteroquin

461 2543 483 2567 ι»
522 2525 569 2569 in
599 2524 692 2569 suis
728 2523 1098 2575 commentariis,
1128 2530 1363 2584 tamquam
1393 2520 1452 2569 ab
1479 2522 1577 2583 ipsa
1613 2521 1805 2568 veritate
1831 2520 2002 2574 coacti,
2027 2518 2087 2565 de
2121 2519 2310 2565 homine
2334 2517 2479 2564 verba
2510 2518 2721 2580 prophe-

460 2619 483 2643 »
522 2592 623 2647 tam'
654 2600 802 2646 facere
837 2599 1033 2646 confessi
1067 2607 1207 2646 sunt:
1241 2599 1323 2645 sed
1361 2607 1515 2645 tamen
1544 2598 1604 2644 de
1637 2597 1830 2644 diabolo
1863 2611 2052 2658 quoque
2088 2593 2448 2655 intelligendum
2486 2609 2584 2640 esse
2620 2602 2723 2641 tex-

460 2697 481 2720 »
520 2686 618 2724 tum
643 2677 948 2724 contendunt.
977 2677 1114 2732 Quod
1143 2677 1257 2723 dum
1292 2685 1460 2738 agunt,
1494 2692 1588 2729 non
1625 2675 1770 2738 pudet
1803 2690 1883 2721 eos
1913 2682 1959 2720 et
1984 2672 2120 2719 simul
2147 2673 2388 2718 veritatem
2419 2686 2712 2733 proponere,

459 2775 480 2798 »
516 2764 562 2801 et
592 2755 786 2803 eandem
818 2770 1115 2816 oppugnare3
1141 2770 1248 2801 cum
1272 2755 1512 2816 perspicue
1538 2761 1634 2799 tota
1661 2753 1830 2798 veritas
1855 2750 2165 2802 demonstret,
2192 2748 2439 2809 Tyriorum
2473 2748 2596 2808 regis
2623 2761 2718 2793 am·

457 2853 478 2874 n
519 2831 741 2879 bitionem
775 2848 799 2878 a
835 2831 1064 2895 propheta
1100 2832 1365 2894 obiurgari,
1398 2832 1479 2893 qui
1509 2830 1573 2877 ob
1596 2845 1753 2876 rerum
1786 2836 2020 2890 gestarum
2046 2825 2440 2887 magnitudinem,
2470 2839 2716 2887 opumque

456 2929 477 2953 »
516 2911 726 2972 copiam,
754 2911 849 2957 Deo
873 2925 921 2956 se
946 2925 1106 2971 parem
1132 2907 1521 2972 imaginabatur.»
1551 2909 1617 2954 lta
1642 2905 2002 2968 Polychronius;
2027 2918 2169 2965 quem
2194 2917 2300 2948 cum
2332 2901 2472 2947 fratre
2495 2903 2718 2963 Mopsue-

450 2997 605 3040 steno,
635 2990 888 3049 genuinum
923 2988 1225 3035 antiochenae
1246 2987 1431 3034 scholae
1464 2986 1707 3032 alumnum
1733 2982 2047 3045 agnoscimus,
2084 2995 2203 3042 quae
2237 2988 2476 3040 tamquam
2510 2979 2709 3025 alexan-

451 3065 613 3110 drinae
649 3065 934 3115 adversaria,
972 3063 1217 3110 litteralem
1252 3078 1312 3109 ss.
1350 3061 1606 3110 bibliorum
1639 3076 1823 3108 sensum
1859 3058 2089 3105 adamavit
2121 3065 2167 3103 et
2199 3065 2374 3102 sectatav
2400 3064 2485 3102 est.
2524 3057 2597 3102 Sic
2630 3057 2715 3103 ni-

450 3141 623 3186 mirum
659 3156 852 3202 magnus
886 3141 1241 3200 Chrysostomus
1274 3147 1320 3185 et
1353 3140 1452 3200 ipse
1487 3138 1811 3190 antiochenuS,
1839 3136 1903 3181 sic
1927 3133 2162 3180 Diodorus
2184 3134 2400 3178 tarsensis
2433 3132 2710 3194 episcopus,

453 3217 608 3262 etalii
634 3217 693 3265 de
719 3218 879 3263 eadem
906 3217 1064 3262 schola
1090 3223 1373 3279 praestantes
1394 3216 1684 3276 interpretes.
1712 3213 1892 3259 Etenim
1918 3213 2017 3257 vice
2041 3225 2197 3262 versa,
2225 3203 2524 3255 alexandrina
2548 3207 2709 3254 schola

451 3301 741 3354 quantopere
770 3291 968 3354 mystico
1001 3293 1154 3338 sensui
1188 3292 1457 3344 indulserit,
1484 3285 1790 3337 demonstrat.
1803 3289 1941 3335 etiam
1974 3287 2158 3334 Macarii
2193 3285 2392 3347 aegyptii
2418 3299 2598 3336 sermo,
2625 3281 2706 3342 qui

449 3368 562 3413 mihi
599 3384 707 3429 prae
743 3368 957 3415 manibus
991 3377 1085 3422 est,
1114 3369 1205 3414 hoc
1237 3367 1392 3414 titulo.
1431 3365 1530 3432 Περι
1554 3370 1622 3415 τοῦ
1645 3388 1724 3419 πως
1759 3367 1817 3414 δε
1784 3388 1816 3413 ει
1848 3361 1982 3418 πάσας
2010 3362 2085 3418 τὰς
2117 3383 2271 3429 γραφας
2297 3363 2567 3423 πνευματικιῖς
2600 3357 2707 3404 ἀνοι-

446 3441 666 3505 λαμβάνειν
699 3467 794 3510 προς
832 3465 900 3496 την
935 3448 1125 3512 ωφελειαν
1158 3467 1229 3498 της
1251 3440 1394 3507 ψυχης
1425 3442 1556 3505 ἡμῶν,
1590 3444 1638 3489 δι’
1670 3461 1718 3492 ην
1742 3439 1876 3492 πάντα
1909 3436 2085 3506 ἐγράφη,
2116 3461 2182 3487 και
2207 3435 2325 3501 μηδὲν
2354 3456 2535 3501 σαρκικον
2565 3454 2591 3482 η
2620 3433 2704 3479 ἰου-

448 3517 623 3567 ὂαι“κόν’
610 3524 769 3568 εννοέῖν.
806 3521 943 3575 Quod
973 3532 1187 3584 oporteat
1220 3531 1418 3565 cunctas
1450 3518 1713 3582 scripturas
1752 3515 2019 3579 zntelligere
2052 3513 2122 3560 ad
2152 3528 2346 3560 ammae
2384 3520 2574 3555 nostrae
2607 3506 2708 3553 uti-

447 3595 656 3646 lemanem
697 3612 831 3641 cazas
866 3609 1034 3660 grana
1068 3612 1232 3644 omma
1256 3595 1437 3659 scripta
1460 3605 1590 3645 sunt,
1630 3605 1675 3638 et
1699 3592 1827 3639 ηιΙιιί
1853 3591 2049 3637 carnale
2073 3602 2161 3637 aut
2187 3588 2431 3635 mdazcum
2464 3582 2697 3646 congtare

446 3673 685 3718 Postremo
723 3672 893 3718 codicis
929 3675 1099 3735 egregii
1135 3688 1338 3727 memor,
1376 3686 1517 3734 quem
1546 3679 1677 3718 tomo
1711 3677 1841 3716 sexto
1873 3676 1994 3731 part.
2014 3670 2062 3714 2.
2094 3683 2142 3730 p.
2165 3667 2277 3712 21.3
2307 3663 2415 3709 satis
2449 3660 2699 3722 descripsi.

446 3748 730 3811 Apollinaris
763 3749 992 3810 quaedam
1026 3750 1083 3798 ad
1108 3751 1289 3797 Esaiam
1309 3745 1656 3813 ἀποσπασμάτια,
1685 3745 1911 3810 quantum
1941 3759 2110 3808 nempe
2133 3742 2230 3789 illic
2252 3742 2424 3793 inerat,
2450 3737 2704 3800 decerpere

446 3840 543 3874 non
581 3825 850 3874 detrectavi.
