2944 4426
1276 259 1539 292 PRABFATIO·
2506 267 2536 297 V

374 354 450 403 VI.
488 352 633 401 Venio
655 363 779 398 nunc
800 347 861 396 ad
884 345 1070 408 Didymi
1101 345 1150 392 in
1176 344 1381 408 psalmos
1404 359 1629 408 perquam
1653 345 1890 407 copiosam
1913 356 1959 394 et
1985 349 2110 411 piam
2136 349 2528 399 lucubrationem.

277 432 490 495 Namque
523 431 647 477 hunc
679 441 775 474 non
808 431 989 488 partem
1022 420 1104 470 sed
1128 423 1362 484 integrum
1387 421 1676 485 psalmorum
1709 437 1880 484 corpus
1907 426 2248 486 explanavisse,
2277 430 2533 477 certissimo

275 508 550 556 >testimonio
577 505 715 552 docet
747 502 1062 563 Hieronymus
1094 499 1154 546 de
1188 500 1277 546 vir.
1315 499 1385 546 ill.
1419 514 1521 561 cap.
1561 501 1669 551 109,
1709 507 1756 546 et
1780 500 1828 546 in
1857 502 2054 563 epistola
2088 504 2222 551 CXII.
2257 508 2360 559 20..
2390 507 2533 569 idque

280 588 451 651 passim
475 591 659 632 catenae
685 588 785 626 tum
811 594 921 625 mss.
953 586 1051 624 tum
1081 576 1231 624 editae
1259 576 1409 623 oculis
1435 591 1598 638 reapse
1625 574 1893 623 subiiciunt.
1918 578 2013 623 Iam
2042 581 2126 625 etsi
2148 581 2321 628 multae
2343 583 2533 645 Didymi

279 673 436 728 partes
466 663 515 709 in
549 656 848 706 corderianae
885 663 1072 702 catenae
1106 651 1423 700 voluminibus
1459 661 1597 706 sunt,
1633 660 1835 700 attamen
1867 653 2007 716 longe
2039 655 2197 716 plures
2232 658 2280 704 in
2311 659 2535 706 vaticanis

279 738 519 788 codicibus
547 743 702 788 erant,
728 749 848 796 quos
879 733 999 778 inter
1031 731 1230 795 praetuli
1255 730 1400 785 duos,
1425 745 1594 792 nempe
1622 737 1717 776 vat.
1742 731 1883 776 1789.
1908 739 2223 792 perveterem,
2245 732 2324 779 ubi
2345 735 2532 797 Didymi

279 814 577 864 auctoritates
606 811 816 874 prolixae
851 817 897 856 et
933 808 1195 855 luculentae
1232 816 1369 861 sunt,
1411 806 1494 854 sed
1533 821 1629 852 non
1668 806 1791 854 ultra
1824 807 2260 870 quinquagesimum
2299 810 2534 871 psalmum

278 891 499 953 Reliquas
533 905 646 937 vero
683 887 892 935 Psalterii
927 894 1081 949 partes
1117 885 1258 940 duaS,
1300 885 1396 931 sive
1426 883 1613 946 Didymi
1646 884 1695 930 in
1740 899 1816 931 eas
1853 886 2266 940 commentarium,
2305 886 2535 935 beneficio

278 968 452 1016 codicis
486 966 756 1014 recentioris
781 972 876 1010 vat.
913 965 1053 1016 1682,
1081 963 1155 1009 cui
1189 962 1479 1008 connectitur
1505 962 1646 1015 1683,
1674 962 1958 1009 continuavi.
1987 962 2194 1009 Corderii
2219 970 2426 1010 catenam
2454 966 2536 1010 ini·

276 1047 347 1093 tio
380 1045 589 1098 contuli,
626 1042 795 1090 deinde
830 1041 918 1088 hac
953 1041 1146 1095 omissa,
1180 1039 1430 1101 Didymum
1466 1047 1609 1101 prout
1640 1039 1687 1085 in
1713 1039 1960 1101 praedictis
1985 1039 2221 1086 codicibus
2253 1048 2380 1095 erat,
2408 1033 2533 1088 mul-

275 1131 382 1170 tum
415 1131 552 1185 atque
579 1119 868 1184 praeclarum
887 1153 899 1172 ‚
938 1133 1097 1164 secure
1132 1117 1416 1179 transcripsi.
1448 1116 1591 1163 Modo
1617 1117 1742 1163 enim
1766 1118 1815 1163 in
1847 1117 2123 1164 corderiano
2150 1116 2272 1164 libro
2295 1118 2411 1164 nihil
2435 1127 2534 1165 erat

278 1200 494 1262 Didymi,
529 1198 676 1245 veluti
710 1199 758 1243 in
793 1196 979 1259 psalmis
996 1198 1044 1242 2.
1065 1196 1112 1241 4.
1137 1195 1184 1240 5.
1213 1196 1288 1240 12.
1316 1195 1391 1240 14.
1419 1195 1494 1239 19.
1514 1196 1594 1240 20.
1618 1196 1698 1239 22.
1719 1194 1800 1239 25.
1823 1195 1903 1240 26.
1923 1194 2003 1240 28.
2023 1195 2102 1240 29.
2126 1194 2205 1240 30.
2230 1195 2309 1240 41.
2340 1195 2420 1240 42.
2448 1195 2528 1241 43.

277 1281 362 1325 45.
389 1279 469 1324 46.
502 1276 581 1322 48.
612 1276 690 1321 61.
721 1275 800 1320 62.
838 1273 916 1319 63.
947 1274 1028 1319 91.
1069 1272 1176 1319 115.
1214 1272 1323 1317 119.
1359 1270 1502 1317 Modo
1540 1285 1650 1332 prae
1682 1272 1853 1317 nostris
1885 1271 2064 1333 oppido
2097 1286 2243 1333 pauca
2265 1306 2278 1326 ,
2316 1271 2459 1319 veluti
2483 1273 2533 1319 in

277 1356 472 1420 psalmis
506 1356 552 1401 3.
581 1354 656 1399 10.
683 1354 757 1399 13.
779 1350 859 1396 23.
882 1351 962 1396 24.
985 1351 1066 1395 27.
1088 1349 1172 1395 31.
1204 1349 1283 1394 34.
1313 1348 1393 1394 36.
1425 1349 1506 1394 37.
1536 1348 1616 1394 38.
1654 1348 1734 1394 40.
1767 1349 1846 1395 47.
1875 1350 1956 1395 66.
1982 1349 2062 1395 94.
2092 1350 2170 1395 96.
2212 1347 2533 1406 114.‚Alicubi

277 1443 435 1481 tamen
468 1429 718 1478 Corderius
752 1442 874 1475 nova
907 1424 1109 1472 habebat
1143 1433 1188 1471 et
1218 1424 1382 1487 plura;
1416 1423 1498 1470 sed
1533 1440 1618 1470 nos
1647 1424 1737 1472 hoc
1770 1426 2031 1472 institutum
2065 1426 2298 1472 tenuimus
2320 1460 2332 1480 ,
2368 1425 2533 1473 saltem

278 1518 387 1573 post
413 1508 642 1570 psalmum
664 1506 746 1559 23,
776 1512 828 1550 ut
849 1519 904 1550 ex
932 1502 1207 1549 corderiano
1235 1501 1359 1547 libro
1384 1501 1495 1547 nihil
1514 1536 1525 1553 ,
1562 1516 1617 1547 ex
1652 1501 1890 1548 codicibus
1924 1503 2106 1556 omnia,
2147 1510 2197 1548 ut
2230 1503 2279 1549 in
2313 1503 2532 1565 margini-

279 1585 372 1632 bus
394 1585 570 1631 dictum
597 1590 665 1629 est
687 1616 699 1636 ,
730 1579 1096 1628 exscriberemus
1121 1580 1217 1626 sive
1251 1587 1361 1625 nota
1392 1578 1618 1625 Corderio
1651 1579 1747 1625 sive
1772 1594 1903 1626 secus
1923 1613 1936 1632 ,
1963 1594 2071 1625 nam
2096 1587 2141 1626 et
2173 1579 2427 1626 lectionum
2454 1596 2532 1628 va-

277 1673 353 1710 tas
375 1662 499 1709 utilis
521 1669 606 1708 est.
636 1660 721 1706 Ille
748 1668 818 1706 est
852 1658 975 1721 apud
1010 1658 1285 1705 Corderium
1318 1656 1525 1703 defectus
1558 1657 1809 1710 maximus,
1843 1656 1972 1718 quod
2007 1665 2112 1718 post
2150 1659 2257 1703 120.
2300 1657 2533 1719 psalmum

278 1739 396 1788 nihil
430 1739 616 1799 Didymi
650 1735 873 1790 habetur,
910 1735 1055 1783 nostri
1088 1750 1202 1781 vero
1235 1733 1416 1781 codices
1445 1749 1592 1796 usque
1626 1736 1675 1780 in
1710 1733 1850 1780 finem
1882 1734 2085 1796 psalterii
2120 1734 2373 1797 Didymum
2403 1734 2533 1781 exhi-

277 1815 408 1863 bent.
446 1814 631 1876 Didymi
666 1821 819 1860 autem
851 1827 970 1874 quae
1003 1827 1145 1867 mens*
1165 1811 1305 1858 fuerit
1338 1820 1385 1859 et
1419 1812 1680 1858 institutum
1712 1813 1761 1858 in
1801 1811 1990 1874 psalmis
2020 1811 2330 1874 explicandis,
2357 1827 2532 1875 cogno-

277 1894 448 1940 scimus
481 1908 536 1938 ex
569 1893 667 1938 eius
698 1890 967 1953 prooemio,
1002 1888 1084 1935 ubi
1117 1888 1315 1935 laudatis
1347 1890 1457 1935 novi
1491 1891 1751 1936 testamenti
1786 1888 1960 1953 verbiss,
1996 1904 2114 1951 quae
2145 1890 2434 1952 psalmorum
2457 1906 2533 1938 va—

274 1970 432 2015 ticinia
465 1969 526 2015 ad
558 1969 791 2016 Christum
831 1966 1067 2019 referunt,
1106 1966 1167 2012 ait
1199 1965 1318 2012 hanc
1353 1981 1509 2013 sacrae
1541 1967 1795 2030 scripturae
1827 1976 2005 2030 partem
2037 1968 2231 2030 spiritali
2262 1968 2533 2030 praesertim

276 2060 415 2092 sensu
449 2060 547 2091 esse
579 2043 948 2105 intelligendam.
984 2043 1200 2089 Ceterum
1231 2043 1379 2089 citatis
1404 2058 1429 2090 a
1463 2044 1666 2105 Didymo
1699 2045 1972 2091 testimoniis
2003 2045 2269 2091 addendum
2301 2053 2370 2091 est
2403 2044 2531 2091 aliud

275 2123 530 2169 maximum
563 2135 647 2168 ore
678 2122 824 2182 ipsius
857 2120 1023 2166 Christi
1056 2119 1293 2181 prolatum
1326 2121 1437 2167 Luc.
1470 2122 1630 2168 XXIV.
1664 2122 1744 2167 44:
1770 2137 1894 2183 quae
1921 2121 2102 2185 scripta
2125 2134 2235 2168 sunt
2260 2121 2308 2168 in
2325 2122 2531 2186 psalmis

275 2199 337 2245 de
369 2215 460 2244 me.
489 2199 544 2244 Et
579 2198 791 2259 priorum
822 2196 1014 2258 quidem
1048 2196 1315 2258 quindecim
1352 2197 1641 2260 psalmorum
1677 2199 2049 2261 explanationem
2080 2199 2266 2262 Didymi
2290 2208 2449 2246 nostra
2471 2200 2531 2248 la-

274 2277 456 2323 tinitate
486 2275 795 2328 donavimus;
832 2274 1065 2335 reliquum
1106 2289 1227 2335 opus
1264 2289 1428 2335 graece
1461 2283 1639 2322 tantum
1671 2276 1987 2338 impressimus
2007 2312 2020 2331 ,
2056 2279 2185 2324 cuius
2218 2278 2284 2324 rei
2318 2293 2526 2332 causam,

274 2371 384 2411 cum
415 2355 546 2401 iustis
578 2355 717 2401 etiam
749 2368 859 2415 erga
893 2352 1146 2414 Didymum
1179 2350 1428 2406 laudibus,
1469 2368 1517 2414 p.
1563 2354 1672 2400 178.
1707 2356 2015 2402 narravimus.

374 2433 470 2478 V11.
501 2433 829 2478 Verumtamen
851 2438 903 2476 ut
928 2429 987 2475 ad
1015 2429 1264 2490 Origenem
1287 2437 1516 2485 revertar,
1542 2429 1690 2477 lector
1714 2431 1828 2477 mihi
1858 2432 2096 2479 concedat.
2126 2433 2227 2479 Dixi
2262 2433 2383 2479 enim
2414 2432 2531 2479 infe-

276 2510 373 2556 rius
398 2525 446 2572 p.
476 2510 555 2555 91.
579 2516 735 2555 extare
759 2508 808 2553 in
831 2506 998 2554 eodem
1021 2521 1127 2552 cum
1151 2505 1410 2567 Apollinari
1435 2507 1494 2553 ad
1518 2508 1801 2555 Ezechielem
1827 2509 1985 2556 codice
2000 2544 2011 2563 ‚
2039 2519 2216 2556 certum
2247 2510 2530 2572 fragmento-

276 2601 383 2632 rum
407 2586 619 2648 Origenis
643 2600 886 2631 numerum
902 2618 915 2635 ,
942 2598 1062 2646 quae
1085 2584 1268 2629 Ruaeus
1291 2584 1340 2629 in
1364 2584 1567 2632 editione
1589 2601 1685 2632 non
1708 2585 1865 2633 habet.
1894 2588 2068 2650 Reapse
2093 2589 2217 2633 enim
2242 2587 2362 2634 dicta
2386 2588 2528 2634 editio

277 2661 330 2706 Τ.
356 2662 435 2707 111.
464 2678 510 2724 p.
545 2663 658 2708 437.
687 2676 797 2707 non
819 2660 939 2706 ultra
964 2659 1219 2721 capitulum
1243 2661 1385 2707 XXX.
1412 2676 1459 2708 v.
1488 2663 1535 2709 6.
1566 2662 1813 2724 procedit3
1840 2664 2028 2726 eiusque
2053 2664 2270 2710 ultimum
2295 2664 2528 2727 fragmen-

277 2748 378 2786 tum
399 2735 613 2803 Μαγδωλα
642 2741 751 2787 ἐστιν
785 2735 891 2802 ἀρχη
925 2740 995 2790 τῆς
1027 2734 1252 2802 Αἰγυπτσυ,
1276 2740 1483 2801 legitur'
1470 2756 1519 2787 in
1540 2739 1700 2787 codice
1722 2748 1884 2786 nostro
1902 2740 1935 2786 f.
1969 2742 2081 2786 220.
2112 2740 2162 2786 b.
2193 2742 2308 2787 Ecce
2335 2749 2522 2794 autem,

278 2823 463 2878 praeter
495 2833 636 2878 quam
666 2820 796 2880 quod
829 2820 878 2865 in
907 2816 1293 2881 praecedentibus
1322 2831 1510 2878 quoque
1543 2815 1667 2863 foliis
1697 2826 1848 2879 partes
1885 2817 2062 2879 aliquot
2096 2825 2227 2864 erant
2259 2807 2416 2864 Ruaeo
2452 2819 2526 2864 in-

277 2893 521 2954 cognitae,
547 2894 596 2939 id
618 2904 687 2941 est
718 2896 853 2942 editis
877 2894 935 2942 ab
960 2910 1016 2942 eo
1050 2894 1365 2950 intermixtae3
1394 2901 1498 2955 post
1530 2893 1662 2939 illam
1694 2902 1820 2940 certe
1853 2894 2024 2940 codicis
2048 2895 2264 2956 paginam
2295 2909 2440 2956 usque
2464 2894 2525 2941 ad

273 2969 535 3032 prophetae
568 2968 710 3017 finem
730 3007 742 3026 ,
778 2973 1033 3035 fragmenta
1065 2972 1247 3023 omnia,
1283 2970 1368 3015 etsi
1401 2948 1691 3031 perexigua,'
1713 2969 1885 3016 inedita
1919 2978 2057 3023 sunt;
2096 2985 2217 3032 quae
2253 2970 2356 3016 heic
2396 2980 2525 3017 tran-

278 3045 485 3094 scribere
507 3080 519 3099 ,
556 3061 615 3092 ne
647 3046 820 3094 diutius
851 3050 1021 3095 lateant
1056 3057 1134 3096 aut
1168 3053 1394 3110 pereant,
1431 3059 1525 3091 non
1560 3046 1704 3107 piget.

373 3121 489 3168 Cod.
519 3121 552 3167 f.
582 3124 694 3168 221.
722 3138 764 3169 a.
792 3124 901 3187 Cap.
928 3128 1069 3172 XXX.
1097 3127 1178 3172 25.
1213 3120 1430 3188 Βραχίονες
1460 3118 1538 3171 εἶσὶ
1569 3118 1718 3187 Φαραὼ
1743 3121 1770 3173 ἦ
1800 3119 1919 3170 >euxia
1952 3125 1990 3170 ἐν
2023 3119 2158 3187 πράξει
2192 3121 2390 3190 ἁμαρτίας
2410 3161 2424 3184 ,
2456 3121 2523 3171 καῖ

275 3199 316 3245 ἓν
341 3195 534 3262 δόγμασιν
564 3197 754 3259 ἅσεβεῖας
787 3198 830 3248 τὸ
856 3199 1030 3267 φρόνημα
1052 3207 1124 3258 τῆς
1149 3203 1307 3272 σαρκός·
1337 3201 1403 3260 οὓς
1425 3202 1645 3271 βραχίονας
1668 3207 1691 3252 ὅ
1719 3202 1807 3259 θεὸς
1840 3203 2039 3272 συντρίβει
2063 3206 2113 3261 ὡς
2138 3203 2306 3271 ἀγαθός·
2333 3205 2352 3254 ὃ
2377 3204 2523 3272 Φαραῶ

274 3282 346 3328 τςῧ
377 3276 562 3340 διαβόλου
596 3276 684 3329 ἐστὶ
716 3278 911 3343 σύμβολον
947 3286 1016 3333 τοῦ
1050 3284 1239 3350 ἄρχοντος
1272 3290 1341 3341 τῆς
1378 3287 1418 3334 ἔν
1454 3284 1672 3352 ἀνθρώποις
1708 3284 2202 3354 ἀμαρτῖας.--Συντρι’βει
2239 3288 2257 3337 ὅ
2296 3286 2415 3356 κύριος
2452 3288 2520 3339 τᾶν

272 3358 472 3427 βραχῖονα
503 3367 578 3411 τῶν
609 3362 848 3430 ἆμαρτωλων
866 3400 879 3423 ,
912 3387 976 3412 ινα
1005 3387 1064 3426 μη
1094 3363 1318 3416 dovor-cac*
1341 3366 1609 3429 ε’πιλαβεσθαι
1638 3391 1856 3434 μαχαιρας.

2563 3378 2631 3408 'ita
2657 3378 2725 3408 cod
2750 3381 2841 3414 opto

2562 3428 2596 3456 ω.
2607 3425 2684 3455 uttn
2697 3423 2765 3455 cod.
2774 3423 2842 3454 bu).

385 3446 498 3493 Cod.
526 3447 559 3494 f.
587 3449 701 3494 222.
728 3463 770 3495 a.
799 3450 981 3496 XXXII.
1011 3450 1058 3495 6.
1087 3444 1169 3496 Koa
1201 3453 1313 3498 τοῦτο
1343 3452 1383 3498 ἓν
1414 3452 1494 3505 τοῖς
1522 3449 1707 3513 μάλιστα
1738 3472 1810 3504 την
1842 3449 2086 3525 ἀλληγοριαν
2111 3450 2279 3504 δείκνυσι
2317 3461 2391 3510 τῆς
2422 3477 2519 3522 γρα-
2560 3461 2626 3491 ”²-

272 3529 368 3592 φῆς·
402 3528 421 3574 ὃ
453 3529 545 3591 γοῦν
576 3523 726 3593 Φαραω
755 3531 989 3588 σωματικῶς
1020 3530 1085 3576 cdx
1115 3549 1163 3576 αν
1193 3529 1272 3580 ἀπο
1305 3535 1376 3581 τῶν
1407 3530 1724 3599 προχωρημάτων
1758 3537 1880 3584 αὐτου
1915 3557 2075 3586 ποτισαι
2112 3558 2184 3590 την
2220 3542 2326 3604 γῆν,
2359 3541 2450 3588 ἀλλ’
2487 3562 2514 3591 η

273 3607 582 3670 σκυβαλῶὂης”
562 3631 728 3676 εκκρισις
760 3631 828 3659 του
857 3607 1122 3674 ἀντικειμένου
1153 3609 1303 3667 ποτίζει
1335 3610 1390 3663 τὰ
1416 3635 1554 3678 γηινα.

382 3694 496 3741 Cod.
526 3695 560 3741 f.
588 3698 699 3742 222.
727 3696 777 3743 b.
806 3699 1010 3744 XXXIII.
1039 3701 1118 3746 22.
1158 3696 1211 3743 ‘O
1243 3695 1401 3762 ἔβραῖος
1434 3697 1475 3746 ἓν
1504 3694 1615 3760 μήκει
1646 3697 1841 3749 tabanos*
1819 3720 1922 3765 εχει·
1957 3724 2002 3752 το
2034 3726 2110 3771 γαρ
2140 3703 2298 3774 ἰαργιχ
2300 3727 2406 3755 κατα
2446 3726 2517 3756 την

269 3769 469 3838 Ἑβραιων
492 3795 616 3842 φωνην
641 3771 790 3830 δασέως
816 3772 1117 3843 προφερ3’μενον,
1142 3800 1208 3827 και
1232 3799 1380 3845 μηρον,
1403 3802 1471 3830 και
1495 3784 1615 3845 μῆκος
1640 3779 1843 3847 σημαινει·
1868 3783 1911 3836 rb
1947 3784 1987 3834 δὲ
2018 3787 2140 3843 αὐτῆς
2173 3810 2263 3854 προς
2296 3786 2365 3839 τὴν
2397 3809 2518 3838 συνα-
