2996 4432
213 2122 282 2151 cod.
309 2123 330 2151 ῐ.
345 2126 390 2151 82.
411 2121 440 2150 b.

490 257 553 304 36
1465 270 1525 301 nx
1559 270 1690 302 nmio
1724 271 1788 302 iv.

602 358 688 407 80.
719 352 982 404 Fabianus
1019 353 1235 404 natione
1272 369 1523 407 romanus
1559 367 1680 426 post
1718 356 1863 406 hunc
1887 374 2135 409 romanus
2160 357 2442 429 episcopus
2462 359 2628 412 factus
2654 372 2750 414 est.

495 439 596 490 Hic
633 436 908 488 constituit
946 447 1002 486 ut
1038 436 1182 487 omni
1218 455 1360 487 anno
1397 437 1452 488 in
1489 457 1653 489 caena
1690 438 1906 489 Domini
1941 440 2164 492 chrisma
2201 441 2270 492 ab
2294 443 2547 513 episcopo
2577 462 2757 496 conse-
2822 492 2825 498 ,
2868 469 2885 480 κ·

495 531 731 572 craretur
752 557 766 581 ‚
807 530 859 569 et
895 530 1044 569 vetus
1080 518 1136 569 in
1172 519 1402 570 ecclesiis
1439 531 1777 572 cremaretur.
1809 521 1909 571 Hic
1933 522 2174 591 regiones
2199 523 2375 575 divisit
2406 523 2717 578 diaconibus
2737 570 2750 592 ‚

494 614 547 655 et
583 602 705 654 fecit
746 602 883 652 -VH-
923 600 1306 667 subdiacones,
1336 603 1431 673 qui
1462 603 1599 654 ·V11·
1629 602 1850 654 notariis
1885 603 2218 658 imminerent
2240 647 2253 671 ‚
2283 618 2342 658 ut
2378 620 2517 679 gesta
2559 622 2758 682 marty-

492 704 613 737 rum
650 686 706 736 in
732 686 940 755 integro
978 685 1300 755 colligerent.
1344 687 1410 737 Et
1445 685 1532 737 hic
1569 685 1824 756 martyrio
1862 699 2149 740 coronatus
2182 700 2290 754 est,
2330 701 2382 742 et
2417 691 2550 743 iacet
2585 692 2653 744 ad
2677 712 2759 746 ca-

493 767 785 820 tacumbas.
2072 816 2074 818 ,
2147 765 2152 769 ’

601 853 687 903 81.
730 851 1006 903 Cornelius
1031 851 1248 903 natione
1285 869 1535 902 romanus
1570 863 1693 921 post
1718 851 1861 902 hunc
1886 854 2114 922 suscepit
2137 854 2514 925 episcopatum.
2547 858 2648 910 Hic
2674 877 2758 911 sa-

489 934 798 987 cerdotibus
835 935 1094 986 concessit
1130 953 1230 1004 pro
1269 945 1410 985 recta
1447 933 1552 985 fide
1589 934 1781 985 iurare.
1825 934 2001 986 Huius
2033 946 2270 1006 tempore
2304 957 2530 1009 corpora
2555 953 2755 994 sancto-

492 1038 612 1069 rum
650 1017 1006 1089 apostolorum
1034 1018 1173 1069 Petri
1210 1028 1262 1068 et
1299 1017 1448 1068 Pauli
1473 1016 1541 1069 ab
1579 1017 1926 1069 orientalibus
1962 1017 2092 1068 viris
2111 1019 2363 1088 religiosis
2387 1033 2551 1080 noctu
2583 1024 2753 1077 furata

491 1112 648 1165 sunt3
691 1120 802 1172 quo
839 1101 1008 1165 facto,
1049 1112 1225 1152 tantus
1267 1110 1437 1151 terrae
1483 1111 1658 1151 motus
1706 1119 1980 1152 romanam
2023 1088 2655 1175 civitatemff(00neussit)
2694 1121 2755 1160 ut

492 1204 660 1256 paene
698 1203 880 1236 omnes
917 1184 1051 1235 mori
1100 1183 1409 1253 cogitarent.
1458 1182 1655 1253 Sicque
1699 1183 1895 1235 factum
1939 1195 2049 1246 est,
2091 1195 2152 1236 ut
2194 1203 2381 1237 omnes
2414 1197 2522 1237 tam
2563 1191 2755 1259 pagani

493 1288 652 1339 quam
690 1268 992 1328 christiani,
1034 1279 1138 1318 tam
1175 1267 1275 1318 viri
1320 1285 1482 1337 quam
1527 1267 1801 1329 mulieres,
1842 1279 1951 1319 tam
1992 1268 2203 1339 parvuli
2251 1287 2411 1340 quam
2460 1288 2642 1336 senes,
2682 1274 2754 1326 ita

490 1352 765 1403 unanimes
797 1361 1044 1421 prompta
1080 1349 1350 1401 voluntate
1387 1368 1477 1401 eos
1513 1362 1964 1420 persequerentur
1999 1349 2237 1403 indidem
2273 1363 2385 1404 tota
2420 1353 2577 1420 :urbe
2598 1354 2762 1407 demi-

491 1453 660 1504 grare.
699 1432 802 1485 Sed
847 1433 944 1484 Dei
977 1444 1126 1483 ‘nutu
1170 1433 1242 1485 ita
1287 1444 1462 1484 actum
1499 1444 1606 1496 est,
1646 1443 1698 1484 et
1745 1444 2048 1485 sanc-torum
2095 1453 2321 1505 corpora
2367 1436 2588 1505 Romam
2626 1457 2750 1490 cum

489 1519 695 1570 honore
731 1528 1000 1587 reportata
1036 1528 1186 1568 sunt:
1229 1529 1282 1569 et
1318 1516 1600 1568 orientales
1636 1516 1736 1568 viri
1771 1516 2031 1586 religiosi,
2073 1518 2168 1587 qui
2205 1516 2261 1568 id
2297 1526 2483 1570 amore'
2512 1520 2751 1574 fecerant

486 1600 730 1671 pietatiS,
771 1600 982 1670 penitus
1018 1619 1129 1652 non
1165 1600 1397 1662 inventi,
1438 1619 1469 1651 a
1506 1599 1743 1651 cruciatu
1781 1611 1833 1651 et
1862 1611 2057 1664 morte,
2087 1600 2184 1652 Dei
2210 1599 2596 1665 misericordia,
2627 1615 2754 1655 sun-t
2802 1666 2805 1672 Ι

489 1684 714 1736 liberati.
754 1682 1068 1735 Sanctorum
1105 1701 1231 1735 vero
1274 1701 1502 1754 corpora
1544 1701 1641 1753 por
1677 1701 1879 1734 annum
1901 1701 2089 1733 *unum
2126 1682 2274 1753 apud
2308 1685 2642 1737 catacumbas
2680 1687 2754 1738 ia-

490 1785 645 1818 cuere
682 1766 974 1817 inhumata.
1009 1766 1219 1818 Interea
1255 1784 1322 1817 ex
1359 1776 1645 1837 praecepto
1678 1765 1826 1816 Decii
1852 1776 1902 1816 et
1929 1765 2094 1816 totius
2127 1778 2339 1818 senatus
2364 1768 2608 1819 consulto
2635 1788 2755 1821 con-

488 1851 625 1903 sulto
663 1869 972 1903 concessum
1009 1861 1088 1901 est
1128 1867 1348 1900 romano
1386 1849 1625 1919 pontifici
1663 1848 1957 1919 ceterisque
1994 1849 2311 1901 christianae
2343 1850 2609 1921 religionis
2643 1853 2769 1904 cul--

489 1933 696 2005 toribus
733 1934 899 1986 libere
939 1932 1007 1985 ad
1041 1933 1336 2004 sepulturas
1373 1932 1738 2004 apostolorum
1774 1930 2041 1983 faciendas
2080 1931 2360 1996 insudare,
2400 1945 2451 1986 et
2487 1935 2556 1986 ad
2589 1934 2645 1986 id·
2680 1936 2756 1988 fa·

491 2014 738 2067 ciendum
765 2015 885 2068 data
911 2027 1035 2067 sunt
1059 2016 1133 2067 eis
1159 2014 1224 2067 de
1250 2015 1375 2066 fisco
1401 2015 1478 2065 rei
1504 2014 1748 2085 publicae
1779 2012 2061 2066 adiutoria.
2092 2015 2325 2066 Primum
2363 2015 2578 2087 quidem
2613 2016 2755 2069 beati
2780 2028 2783 2031 “

490 2099 639 2152 Pauli
673 2117 881 2170 corpus
904 2099 1133 2150 levatum
1169 2097 1236 2150 de
1270 2097 1576 2149 catacumba
1615 2096 1842 2166 suscepit
1876 2096 2064 2148 beatus
2095 2097 2373 2150 Cornelius
2393 2099 2416 2161 ,’
2438 2109 2490 2150 et
2514 2099 2756 2170 sepelivit

490 2202 612 2235 eum
652 2202 758 2234 una
802 2202 920 2234 cum
958 2182 1114 2234 beata
1154 2181 1354 2232 Lucina
1391 2182 1447 2232 in
1483 2179 1703 2251 praedio
1740 2178 1973 2231 eiusdem
2012 2180 2097 2231 via
2135 2180 2351 2232 ostiensi
2393 2180 2462 2233 ad
2498 2182 2623 2234 litus
2659 2182 2753 2235 ubi

489 2266 776 2319 decollatus
802 2277 896 2318 est.
920 2266 1066 2317 Beati
1092 2283 1219 2316 vero
1246 2265 1387 2316 Petri
1413 2281 1608 2334 corpus
1633 2263 1836 2332 aceepit
1861 2262 2132 2332 praefatus
2156 2264 2464 2334 episcopus»,
2497 2276 2548 2316 et
2573 2266 2754 2335 posuit

486 2349 632 2400 iuxta
676 2349 851 2400 locum
897 2348 1007 2400 ubi.
1037 2347 1320 2400 crucifixus
1358 2358 1465 2409 est,
1506 2347 1646 2410 inter
1688 2364 1916 2415 corpora
1955 2356 2259 2397 sanctorum
2284 2346 2653 2418 episcoporum
2695 2349 2751 2399 in

485 2432 683 2502 templo
716 2432 979 2502 Apollinis
1011 2432 1068 2482 in
1098 2442 1277 2483 monte
1309 2449 1470 2483 aureo
1504 2429 1733 2481 vaticani
1762 2429 1938 2498 pal-atii
1972 2429 2272 2480 neroniani.
2310 2429 2408 2481 Hic
2443 2428 2582 2482 idem
2606 2431 2752 2483 iussu

485 2516 632 2583 Decii
667 2516 823 2572 exilio
860 2514 1227 2567 Centumcellis
1263 2513 1587 2584 dampnatus
1617 2523 1723 2572 est,
1765 2522 1816 2562 et
1854 2512 2106 2581 martyrio
2143 2512 2303 2563 vitam
2340 2512 2547 2577 finivit3
2596 2514 2751 2565 cuius

487 2616 681 2668 corpus
716 2598 773 2649 in
803 2637 816 2648 .
844 2599 894 2649 X
925 2636 937 2647 .
967 2597 1188 2649 miliario
1229 2597 1298 2648 ab
1334 2596 1469 2647 urbe
1505 2597 1670 2647 Roma
1707 2595 1763 2646 in
1796 2594 2018 2665 praedio
2051 2613 2147 2646 suo
2179 2594 2433 2648 decenter
2467 2597 2751 2667 requiescit

485 2682 776 2732 humatum,
1601 2694 1606 2699 ·

515 2776 518 2778 ’
591 2765 676 2815 82.
708 2763 903 2815 Lucius
936 2762 1150 2814 natione
1180 2779 1432 2813 romanus
1461 2771 1583 2831 post
1617 2760 1762 2812 hunc
1786 2760 2091 2812 cathedram
2116 2761 2343 2831 suscepit
2368 2761 2744 2833 episcopalem.

484 2846 584 2897 Hic
622 2845 899 2898 damnatus
932 2846 1089 2897 exilio
1130 2844 1230 2896 fuit
1252 2884 1266 2907 ‚
1307 2855 1360 2895 et
1395 2855 1579 2914 postea
1616 2855 1754 2896 nutu
1791 2844 1889 2895 Dei
1927 2843 2206 2895 incolumis
2244 2842 2312 2895 ad
2349 2844 2621 2897 ecclesiam
2669 2863 2752 2896 re-

482 2946 662 2979 versus
700 2940 797 2980 est.
835 2930 936 2980 Hic
961 2927 1232 2998 praecepit
1259 2938 1329 2993 vut
1365 2926 1475 2979 duo
1512 2926 1814 2998 presbyteri
1842 2938 1894 2978 et
1931 2938 2036 2977 tres
2063 2925 2273 2977 diaconi
2298 2926 2355 2977 in
2389 2928 2434 2995 1)
2462 2926 2608 2977 omni
2632 2926 2756 2978 loco

482 3030 594 3063 non
632 3011 933 3064 desererent
972 3013 1168 3081 Papam
1201 3021 1424 3081 propter
1448 3010 1851 3062 ecclesiasticum
1876 3008 2264 3072 testimonium3
2295 3008 2391 3078 qui
2416 3009 2571 3061 etiam
2596 3027 2628 3060 a
2651 3008 2752 3060 Va-

481 3095 680 3145 leriano
724 3095 893 3166 capite
929 3105 1206 3146 truncatus
1242 3105 1347 3156 est,
1390 3105 1441 3146 et
1477 3093 1760 3163 requiescit
1797 3111 1918 3144 cum
1956 3091 2171 3161 collegis
2207 3091 2319 3143 suis
2352 3092 2639 3163 episcopis·

588 3178 674 3229 83.
717 3166 1017 3249 Stephanus
1055 3178 1269 3229 natione
1305 3195 1558 3229 romanus
1591 3187 1713 3246 post
1740 3177 1880 3227 hunc
1906 3194 2087 3227 curam
2113 3175 2347 3245 suscepit
2372 3175 2746 3246 episcopalem.

481 3260 582 3311 Hic
619 3261 891 3312 constituit
928 3261 1222 3313 sacerdotes
1259 3272 1311 3312 et
1346 3261 1531 3312 levitas
1568 3260 1803 3313 vestibus
1838 3259 2053 3311 sacratis
2089 3258 2144 3309 in
2182 3276 2284 3311 usu
2322 3256 2591 3310 cotidiano
2635 3275 2748 3309 non

482 3343 589 3403 uti,
632 3343 733 3392 nisi
770 3344 826 3393 in
862 3343 1077 3395 ecclesia
1113 3354 1335 3395 tantum.
1379 3344 1443 3395 Et
1481 3343 1566 3395 hic
1601 3341 1892 3394 decollatus
1920 3353 1997 3393 est
2022 3360 2090 3393 ex
2113 3351 2401 3412 praecepto
2437 3340 2584 3392 Decii
2609 3339 2751 3392 inter

481 3425 759 3476 missarum
796 3426 1136 3496 sollempnia,
1178 3424 1397 3497 quando
1434 3425 1859 3478 communicabat
1893 3443 2011 3476 cum
2037 3423 2319 3476 duodecim
2345 3422 2672 3494 presbyteris
2696 3434 2750 3474 et

481 3519 681 3578 septem
717 3507 1067 3571 diaconibusr
1102 3509 1363 3562 sexdecim
1401 3508 1619 3561 clericis,
1661 3509 1728 3559 Et
1765 3508 2001 3579 sepultus
2026 3518 2104 3559 est
2133 3507 2191 3558 in
2222 3505 2408 3566 eodem
2435 3506 2555 3558 loco
2580 3504 2649 3558 ad
2674 3523 2754 3557 ca-

480 3591 751 3644 tacumbas
788 3611 908 3643 cum
944 3592 1066 3644 sede
1102 3593 1160 3644 in
1197 3611 1305 3663 qua
1342 3592 1575 3645 residens
1612 3591 1905 3644 decollatus
1942 3603 2037 3643 est.

587 3675 674 3737 84.
714 3674 893 3726 Sixtus
930 3686 1053 3744 post
1081 3675 1227 3726 hunc
1255 3674 1556 3746 intrepidus
1582 3676 1797 3727 accessit
1833 3674 1901 3727 ad
1937 3672 2323 3745 pontificatum.
2368 3672 2470 3724 Hic
2506 3689 2618 3724 non
2642 3688 2752 3722 me·-

479 3769 634 3809 tuens
658 3757 963 3829 principum
981 3756 1147 3808 minas
1163 3796 1177 3818 ,
1210 3775 1307 3809 nec
1331 3758 1530 3829 veritus
1556 3758 1726 3830 impia
1744 3769 2021 3830 praecepta
2041 3797 2055 3822 ‚
2084 3755 2220 3810 dixit
2245 3755 2537 3819 adelerum
2562 3771 2746 3807 suum:

565 3867 597 3908 1)
624 3862 783 3902 Inferius
808 3862 1046 3902 diaconibus.
1073 3861 1207 3903 Recole
1234 3873 1271 3911 p.
1300 3866 1359 3901 18.
1378 3862 1467 3901 adn.-
1490 3866 1523 3901 1.
