2996 4432
316 889 347 910 v.
370 885 411 910 16.

277 2075 308 2103 Β.
326 2074 346 2103 s.
367 2076 410 2110 3¹7.

314 3075 342 3095 v.
369 3070 411 3096 18.

321 3216 349 3237 V.
372 3212 414 3237 1⁹.

328 3406 414 3430 ⁸518.

268 3439 303 3466 Α.
326 3438 348 3466 f.
365 3442 413 3467 54.

239 3474 263 3502 B
289 3474 309 3502 L
327 3477 371 3502 37.
382 3473 412 3501 b.

134 3510 169 3538 c.
192 3509 211 3538 f.
224 3514 265 3538 18.
279 3508 412 3539 etcord.

460 272 479 315 Ι
495 270 556 314 ὁὶ

450 375 583 426 σΞ-αι,
619 368 659 414 ἐκ
693 388 733 414 τε
739 369 762 413 ῧ
797 388 813 409 α
847 387 876 413 ει
914 388 974 420 τι·
1001 362 1068 414 τὸν
1101 363 1198 414 ναὲν
1230 370 1299 417 uf]
1329 371 1420 416 θεοῦ
1445 365 1557 436 φ’θει-

462 463 479 482 η
517 457 587 503 ρει·
624 459 691 485 και
716 438 757 484 ἐκ
781 458 823 485 τε
827 438 850 483 ῧ
875 437 915 484 ἑν
942 439 995 500 τῷ
1016 457 1193 504 πρεφητῃ
1202 435 1426 522 λεγεμενευ
1458 460 1556 504 προς

456 531 545 563 τους
592 505 776 575 anaaukan
827 529 844 550 «
873 507 1000 554 ’ἕνεκεν
1025 504 1272 591 oc’epSapocag
1315 507 1562 576 διεφθειρητε

464 581 664 646 »cp-&ephi-
689 601 708 622 n
745 599 923 662 συμφωνσ
907 598 946 625 ν
972 598 1120 633 τευτεις
1144 600 1209 627 και
1237 601 1299 639 το,
1327 581 1377 645 τῇ
1403 584 1562 646 ὂιαφθο·

453 653 504 716 ρᾷ
537 671 608 698 σου
637 646 819 734 Ἰσραηλ,ι
832 645 894 702 τῖς
931 650 977 707 βε
980 646 1143 707 noviom
1176 672 1203 702 η
1235 651 1333 701 οὕτω
1371 653 1415 697 λε
1399 670 1560 715 εγομενη

457 716 657 788 διαφὲσρα
693 723 733 767 ἑν
767 722 822 783 τῷ
855 717 1116 785 ωράττεσὲαι
1155 737 1198 768 το
1238 716 1336 770 εἰναι
1373 719 1559 783 ἐ’χευσα,

457 813 551 841 πεπε
539 793 702 841 ιῆσθαι
733 789 808 839 ὑπο
842 793 916 840 τῶν
949 787 1120 854 ἐχοντων
1152 787 1278 842 αὐτην
1310 787 1560 856 ὲπαγγὲλλε·

457 880 539 910 ται·
574 881 689 927 φησιν
723 860 742 908 ἆ
774 857 891 926 λέγος
929 861 1207 925 ἐμωεωῆχθαι
1240 859 1293 910 τὰ
1327 859 1425 913 ἔθνη
1464 863 1500 909 ἓν
1530 867 1557 926 ᾖ

458 929 644 983 ἐποιησαν
678 934 882 1017 διαφθορᾷ·
908 933 952 979 οὗ
972 953 1048 998 γαρ
1081 931 1203 987 ἄλλος
1229 935 1280 998 τῇ
1310 930 1436 980 αλλσυ
1466 934 1560 1017 co’toe-

454 1000 547 1064 βειᾳ
576 1025 642 1051 και
676 1000 856 1067 ἁμαρτιᾳ
880 1000 1080 1066 ἐνέχεται.
1115 1004 1256 1058 ἔκαςσς
1280 1000 1358 1087 γὰρ
1388 1004 1439 1066 τῇ
1465 1000 1559 1050 ἔαυ-

455 1077 524 1122 τεῢ
553 1069 726 1138 ἁμαρτιᾳ
748 1074 1021 1122 &cncomitat-
1048 1067 1115 1122 εἶτ’
1146 1070 1229 1122 ἐπει
1262 1094 1296 1120 οι
1327 1094 1438 1120 κακει
1464 1072 1559 1138 πρό·

408 1202 415 1215 Χ
456 1165 539 1228 τερε
523 1166 562 1192 ν
599 1143 714 1194 {aare
719 1142 758 1197 ὺς
795 1141 1072 1231 βλαΜψαντες,
1099 1165 1166 1191 και
1204 1139 1354 1208 ἕτερσυς
1393 1164 1448 1197 εις
1486 1163 1558 1195 την

458 1212 582 1266 αὐτην
605 1212 763 1275 βλαβην
790 1215 837 1262 δι
863 1210 1019 1267 ἀπάτης
1044 1234 1155 1278 αγειν
1179 1215 1411 1280 πειρῶνται,
1439 1234 1559 1261 σκευ-

455 1283 621 1340 σζουσιν
648 1282 917 1367 κεκρυμμένως
962 1281 1137 1369 παγιδας
1175 1285 1212 1331 ἓν
1255 1286 1340 1337 τέῖς
1385 1286 1535 1349 ὂσλερς
1521 1307 1559 1340 ις

456 1376 522 1422 φρσ
506 1375 695 1419 νημασιν
727 1377 792 1402 και
828 1351 956 1418 λογοις
990 1356 1119 1404 αὐτῶν
1141 1393 1155 1410 ,
1194 1351 1255 1404 ἐπι
1289 1356 1346 1416 τῷ
1367 1355 1559 1420 ἀγρεῧσαι

457 1447 524 1475 τον
563 1422 815 1491 ἀωρπράτως
853 1423 1016 1488 ἔχοντα·
1054 1426 1158 1490 αὐτῇ
1193 1423 1237 1473 δὲ
1270 1446 1321 1490 τῃ
1358 1421 1561 1490 παγῖδι
1530 1448 1558 1491 ῃ

454 1495 625 1560 ἔκρυψαν
659 1499 930 1561 τιμωρεῧνται·
959 1491 1070 1549 ὂικας
1084 1493 1174 1582 γάρ
1205 1491 1379 1544 διδόασιν
1410 1518 1478 1543 και
1512 1497 1558 1545 δι’

455 1589 515 1620 ους
544 1563 773 1618 ηποίτησαν·
807 1586 972 1635 γινεται
985 1563 1024 1614 δὲ
1053 1587 1096 1615 το
1120 1568 1262 1617 παθειν
1284 1566 1430 1625 εὕτως,
1464 1567 1558 1614 δια-

455 1658 579 1703 κρισει
605 1640 674 1685 τοῦ
696 1656 764 1702 πρε
750 1657 971 1699 νοευμενου
995 1639 1097 1685 θεοῦ·
1131 1659 1215 1692 πως
1246 1634 1324 1704 γὰρ
1360 1637 1404 1684 εὐ
1432 1634 1560 1704 κρίμα

456 1709 602 1767 αὑτσῧ,
637 1729 681 1757 το
716 1709 754 1755 ἐν
788 1711 867 1762 τοῖς
872 1706 1023 1794 ἔργοις
1053 1708 1175 1757 αυτοῦ
1199 1702 1557 1770 συλλαμβάνεσθαι

457 1799 524 1826 τον
556 1776 796 1862 ἁμαρτωλον
817 1816 830 1835 ,
871 1776 1018 1842 ἔχοντα
1050 1776 1123 1829 triv
1154 1775 1378 1864 πρόφασιν
1384 1779 1452 1826 τεῦ
1481 1799 1559 1826 κα·-

455 1845 737 1903 ταδικάζεσθαι
762 1850 803 1905 ἐξ
827 1845 877 1897 ὡν
903 1848 1067 1916 ἔδρασεν
1092 1871 1139 1899 πε
1124 1869 1285 1915 νηρωςς
1311 1869 1436 1910 τουτῳ
1460 1868 1558 1898 συν-

454 1917 536 1978 ᾴόει
575 1941 619 1969 το
657 1915 778 1986 ὀλιγῳ
814 1917 1001 2005 (πρότερον
1045 1916 1232 1981 λεχὲεν,
1277 1918 1372 1983 ἔχεν
1406 1915 1499 1967 ὡόε·
1537 1918 1558 1967 o‘

454 1987 627 2078 ὀρύσσων
646 1987 785 2056 βοθρεν
806 1995 860 2053 τῷ
878 1987 1057 2044 πλησίον,
1080 1991 1315 2052 ἐμπεσειται
1335 1990 1392 2044 εἰς
1416 1986 1555 2040 αὑτᾶν.

527 2058 625 2128 Περι
663 2065 731 2110 τοῦ
769 2059 1047 2125 διαψάλματος
1086 2058 1273 2147 εἷρηκρτες
1317 2058 1431 2119 andin,
1469 2081 1558 2126 περι

458 2154 531 2186 της
565 2153 605 2181 τε
609 2136 632 2180 ὔ
664 2129 946 2195 ὂιαψάλματσς
978 2133 1081 2195 ᾠδῆς
1113 2152 1196 2178 νυνι
1229 2127 1361 2180 λεκτεε
1347 2148 1404 2179 ν·
1438 2131 1558 2197 ἀρξα-

454 2203 571 2286 μένεν
601 2205 670 2253 τοῦ
693 2222 937 2268 πρσκειμενου
968 2205 1128 2265 ψαλμεῧ
1153 2199 1235 2251 α’πο
1267 2204 1336 2251 τεῧ
1368 2202 1558 2263 ἐξομολο-

454 2295 630 2338 γησομαι
678 2295 737 2322 σει
773 2270 908 2339 aupes,
949 2271 1181 2354 ωαρέτεινεν
1215 2274 1242 2323 ἦ
1278 2269 1556 2336 ἀπαγγελια,

455 2346 527 2397 ἕως
562 2365 629 2391 τευ
661 2340 883 2432 συνελῆφθη
916 2346 935 2392 ὅ
968 2338 1218 2409 ἆμαρτωλος·
1252 2344 1348 2404 μεθ’
1374 2362 1422 2391 ην
1454 2339 1557 2399 λε’ξιν

452 2415 558 2478 ῳῖἦς
591 2411 815 2479 ἀρχομένης
847 2411 929 2463 οἷπο
961 2416 1031 2463 τοῦ
1054 2409 1425 2480 ἆπσςραφητωσαν,
1459 2411 1558 2462 ἀκο-

455 2490 598 2533 >imfimo
633 2487 687 2546 τῷ
719 2481 972 2548 ὃιαψαλματι
1005 2482 1228 2546 συμπλέξαι
1266 2485 1337 2538 τῆς
1373 2484 1478 2548 ῳόἧς
1512 2505 1555 2533 το

454 2553 592 2618 ὄνομα·
628 2553 660 2603 εἱ
691 2576 766 2634 γαρ
799 2557 885 2609 ἕλος
918 2555 935 2602 o‘
967 2552 1134 2618 ψαλμος
1163 2550 1246 2617 ῳδη
1276 2552 1429 2619 εἴρηται
1462 2552 1556 2643 ‘epo'-

455 2647 515 2687 πῳ
546 2647 609 2673 και
643 2623 836 2688 δυναμει
871 2622 943 2685 κᾴν
976 2645 1046 2690 προ
1082 2621 1210 2673 αὐτου
1238 2622 1399 2678 πάντως
1429 2621 1559 2676 ε’τατ-

455 2716 546 2745 τετο
577 2717 602 2747 η
634 2696 738 2758 ῳόἧς
772 2718 841 2763 πρε
845 2716 1033 2761 σηγσρια,
1060 2697 1111 2749 ὥς
1145 2692 1212 2745 ἐπι
1235 2693 1426 2744 πλειονων
1451 2700 1558 2760 ψαλ-

455 2769 537 2828 μῶν
567 2764 864 2817 αποόεικνυται·
900 2769 954 2828 τῷ
985 2762 1028 2813 δὲ
1059 2788 1116 2828 μη
1150 2767 1268 2820 εὖτως
1301 2764 1409 2829 ἔχειν
1430 2801 1444 2825 ‚
1477 2768 1556 2837 α’ρ-

456 2857 539 2920 χζην
565 2834 604 2885 δὲ
637 2834 855 2899 λαμβάνειν
885 2858 990 2900 μετα
1014 2857 1057 2886 το
1090 2834 1303 2900 διαψαλμα
1340 2836 1385 2886 τὲ
1417 2832 1557 2901 ᾆσμα,

458 2905 617 2963 εἰκότως
641 2906 721 2959 ωόἢ
746 2905 1027 2972 διαψαλματσς
1052 2904 1207 2969 μεταξυ
1225 2903 1414 2967 τεθειται·
1442 2911 1559 2972 δειχ-

457 2974 626 3029 θήσεται
666 2975 716 3033 ὦς
753 2979 857 3041 ῳόἦς
895 2974 1067 3027 διανοιαν
1105 2976 1190 3041 ἔχει
1229 2999 1283 3028 τα
1320 2978 1443 3037 ἑξῆς,
1481 2983 1558 3029 τῶν

458 3045 596 3104 λεξεων
628 3070 756 3098 αυτων
789 3050 1029 3099 ἐκτεθεισων
1066 3072 1083 3092 «
1113 3047 1489 3117 ἀποστραφητωσαν
1522 3050 1559 3099 οἷ

467 3142 485 3162 »
523 3116 753 3183 ἆμαρτωλοι
784 3121 840 3174 εἷς
876 3123 942 3169 τὸν
975 3121 1099 3180 ᾅδην,
1133 3118 1265 3168 πάντα
1300 3118 1351 3169 τοὶ
1380 3118 1479 3172 ἔθνη
1505 3142 1559 3169 τα

469 3211 486 3232 a
525 3187 879 3250 ἐπιλανθανομενα
911 3192 977 3240 τιῧ
1005 3193 1119 3237 θεοῦ·
1151 3191 1215 3239 ἔτι
1247 3192 1314 3238 min
1346 3212 1406 3246 εις
1443 3188 1558 3247 τέλος

468 3281 485 3302 n
524 3255 840 3310 ἐπιλησθῆσεται
869 3262 890 3308 ὅ
923 3257 1100 3323 πτωχός·
1126 3259 1152 3312 ἦ
1177 3258 1354 3324 ὑπομονὴ
1379 3263 1456 3310 τῶν
1480 3282 1557 3312 πε-

458 3325 586 3381 νήτων
612 3331 684 3377 -ειῖκ
716 3332 928 3379 dmm-:tvm
961 3331 1018 3385 εἷς
1058 3329 1183 3386 τέλος.

526 3397 924 3486 Ἀποστρσιφγῖτωσαν
956 3401 991 3449 εἷ
1013 3398 1270 3467 αμαρτωλοι,
1303 3425 1337 3451 οι
1362 3401 1556 3466 πολεμιων

457 3468 563 3521 δικην
596 3467 860 3533 ἐπιτηθὲμενε
846 3494 901 3531 ι,
935 3474 994 3526 εἰς
1028 3495 1096 3523 τον
1118 3473 1232 3533 ᾅδην·
1267 3493 1482 3539 ερμηνενων
1513 3470 1558 3521 δέ

457 3559 555 3595 τινες
585 3562 620 3588 ει
651 3538 900 3607 αμαρτωλοι,
926 3539 1144 3634 ἐπήγαγεν·
1171 3544 1224 3598 ὥς
1255 3564 1307 3594 τα
1333 3544 1557 3595 ἐπιλανθα-

456 3607 599 3674 νέμενα
645 3609 746 3662 ἔθνη
784 3613 849 3659 οὐκ
884 3609 1119 3677 &wewam
1154 3611 1272 3676 μόνον
1292 3651 1306 3676 ,
1345 3610 1455 3664 ἄλλα
1491 3635 1554 3663 και

460 3677 650 3747 ἀσάρκονς
682 3678 865 3745 δυνάμεις
896 3683 1080 3745 ἐκλαβεῖν
1112 3687 1189 3733 δέῖ·
1224 3685 1256 3735 εἶ
1289 3683 1364 3773 γὰρ
1393 3707 1451 3748 μη
1481 3707 1558 3737 ση-

461 3750 589 3814 μαίνει
625 3750 764 3802 εὖσιαν
799 3750 908 3800 ἀλλα
942 3774 1050 3803 ποιον
1085 3757 1110 3806 ἦ
1140 3754 1379 3841 ἆμαρτωλος
1416 3776 1557 3824 φωνη,

463 3820 689 3887 παρωνυμίαι
718 3845 814 3874 ovea
845 3820 921 3874 ἀπο
954 3827 1026 3881 τῆς
1057 3822 1286 3890 ἁμαρτιας,
1309 3848 1432 3881 ουτως
1465 3827 1554 3875 ὄνο-

1521 275 1681 314 murm

1629 369 1861 425 nequitiam
1889 370 2175 425 corruptionis
2194 369 2365 412 nomine
2391 368 2631 424 indigitari,
2665 373 2735 415 vel

1628 440 1729 483 hinc
1760 445 1952 485 constat:
1975 441 2010 483 si
2029 442 2124 496 quis
2145 440 2351 495 templum
2374 441 2451 482 Dei
2477 442 2732 496 corruperit.

1639 512 1745 554 Item
1769 524 1819 554 ex
1849 511 2059 568 propheta
2079 511 2289 568 improbis
2307 510 2501 554 dicente:
2529 517 2735 568 «propter

1637 583 2002 638 incorruptionem
2050 584 2242 639 corrupti
2289 584 2387 626 estis
2441 584 2731 639 corruptione.

1639 653 1852 696 Consonat
1869 655 1994 697 etiam
2022 654 2155 697 illud:
2183 655 2451 710 corruptioni
2471 659 2568 696 tuae
2582 688 2594 710 ‚
2618 667 2645 696 o
2667 656 2733 699 Is-

1635 724 1780 779 rahel,
1802 724 2194 779 quisauxiliabitur
2207 726 2229 768 ἱ)
2256 726 2333 768 Vel
2353 727 2574 781 corruptio
2597 727 2657 768 sic
2675 725 2731 770 ab

1635 807 1765 850 opere
1789 794 1903 838 dicta
1916 825 1928 848 ,
1949 795 2003 838 ab
2025 796 2113 838 eius
2132 796 2377 839 auctoribus
2396 800 2533 839 creata
2555 796 2727 840 dicitur.

1635 867 1741 909 Heic
1779 866 1980 909 dicuntur
2011 866 2161 910 infixae
2198 872 2342 922 gentes
2374 869 2418 910 in
2456 869 2732 924 corruptione

1634 948 1778 992 quam·
1794 935 2000 979 fecerunt.
2035 937 2132 980 Non
2165 938 2279 980 enim
2301 939 2526 994 quisquam
2559 939 2732 982 alterius

1633 1007 1851 1061 impietate
1868 1010 1910 1049 et
1925 1010 2099 1062 peccato
2114 1011 2308 1062 tenetur3
2329 1021 2428 1052 nam
2442 1011 2732 1066 unusquisque

1634 1078 1680 1120 in
1702 1078 1883 1132 proprio
1907 1081 2083 1133 peccato
2103 1078 2325 1121 morietur.
2349 1079 2512 1122 Deinde
2531 1081 2632 1135 quia
2649 1080 2733 1123 im·

1632 1149 1764 1204 probi
1786 1148 1865 1191 sibi
1886 1149 1988 1204 ipsis
2008 1149 2127 1204 prius
2146 1154 2366 1204 nocentes,
2392 1149 2543 1193 deinde
2563 1152 2669 1194 alios
2687 1152 2732 1194 in

1632 1218 1748 1262 idem
1765 1219 1966 1262 damnum
1981 1219 2273 1263 fraudulenter
2288 1220 2481 1263 nituntur
2494 1222 2728 1277 impellere3

1632 1290 1732 1334 ideo
1751 1296 1923 1334 struunt
1943 1292 2051 1335 clam
2065 1292 2240 1347 laqueos
2263 1290 2422 1334 dolosis
2441 1292 2624 1334 consiliis
2645 1293 2732 1335 suis

1633 1366 1762 1417 atque
1792 1363 2085 1416 sermonibus,
2120 1366 2170 1405 ut
2199 1362 2490 1418 improvidum
2518 1363 2731 1419 quemque

1632 1435 1819 1489 capiant.
1840 1434 1920 1477 Sed
1937 1438 2145 1490 ipsomet,
2166 1446 2294 1489 quem
2316 1433 2648 1488 absconderant,
2671 1434 2733 1476 la-

1633 1516 1746 1558 queo
1766 1504 2032 1559 puniuntur:
2055 1517 2152 1547 nam
2170 1517 2242 1546 eos
2259 1504 2376 1559 ipsos
2391 1537 2404 1559 ,
2426 1516 2535 1560 quos
2554 1497 2732 1560 decepe-

1632 1578 1758 1628 runt,
1779 1574 1967 1618 vindices
1985 1574 2160 1618 habent.
2177 1575 2291 1617 Haec
2308 1587 2409 1617 vero
2423 1575 2612 1630 punitio,
2629 1587 2732 1630 pro-

1634 1645 1722 1689 vidi
1741 1647 1821 1689 Dei
1840 1646 1999 1689 iudicio
2017 1646 2082 1689 fit.
2107 1645 2219 1699 Quid
2237 1646 2282 1688 ni
2301 1646 2413 1688 enim
2432 1646 2511 1687 Dei
2529 1645 2732 1688 iudicium

1631 1718 1688 1761 sit
1702 1749 1714 1772 ,
1754 1718 1941 1774 propriis
1975 1717 2180 1773 operibus
2211 1712 2483 1773 peccatorem
2528 1730 2729 1773 compre-

1631 1787 1763 1831 hendi
1778 1819 1790 1841 ,
1815 1787 2163 1844 quandoquidem
2187 1800 2351 1831 causam
2372 1801 2470 1831 suae
2489 1788 2730 1831 damnatio-
2793 1825 2806 1839 ,

1630 1859 1697 1902 nis
1717 1859 1874 1913 habet,
1910 1872 1961 1902 ex
1989 1860 2042 1903 iis
2067 1871 2177 1915 quae
2197 1859 2395 1915 improbe
2428 1861 2529 1914 egit.
2565 1861 2730 1903 Conso-

1631 1935 1706 1974 nat
1738 1931 1860 1987 quod
1885 1931 2016 1986 paulo
2049 1935 2147 1974 ante
2182 1930 2344 1974 dictum
2380 1935 2470 1974 est:
2511 1950 2527 1968 α
2553 1932 2629 1987 qui
2661 1931 2733 1987 ‘fo-s

1637 2022 1654 2039 ν
1690 2015 1808 2046 veam
1823 1999 1977 2046 effodit
1991 2003 2188 2058 proximo
2205 2015 2306 2058 suo,
2325 2002 2484 2046 incidet
2501 2004 2546 2046 in
2563 2004 2695 2046 illam.
2707 2023 2727 2040 »ι

1691 2074 1832 2127 Quum
1854 2073 1908 2117 de
1930 2074 2210 2130 diapsalmate
2232 2075 2317 2117 iam
2338 2074 2566 2118 dixerimus
2582 2106 2594 2129 ‚
2617 2087 2731 2118 nunc

1628 2145 1684 2188 de
1717 2145 1997 2202 diapsalmatis
2031 2146 2197 2189 cantico
2232 2145 2459 2189 dicendum
2479 2150 2557 2189 est.
2589 2146 2729 2199 Quum

1628 2229 1824 2272 praesens
1853 2216 2037 2272 psalmus
2076 2215 2280 2272 inceperit
2313 2230 2338 2260 a
2375 2216 2516 2259 verbis
2549 2216 2731 2259 confite-

1628 2286 1713 2330 bor
1729 2286 1809 2329 tibi
1829 2287 2012 2329 Domine
2028 2317 2040 2340 ,
2061 2287 2204 2344 pergit
2225 2287 2364 2330 oratio
2383 2300 2518 2343 usque
2538 2287 2592 2330 ad
2610 2299 2731 2330 com-

1628 2357 1865 2413 prehensus
1898 2362 1962 2400 est
1996 2362 2210 2412 peccator.
2258 2355 2361 2400 Post
2402 2371 2531 2414 quam
2572 2358 2729 2401 dictio-

1629 2442 1725 2472 nem
1743 2459 1755 2482 ,
1789 2430 1953 2472 cantico
1981 2430 2207 2485 incipiente
2238 2442 2263 2472 a
2296 2429 2427 2472 verbo
2453 2418 2700 2472 avertantur
2714 2460 2727 2483 ,

1628 2504 1959 2543 consentaneum
1999 2504 2063 2543 est
2106 2500 2311 2555 copulare
2351 2500 2620 2556 diapsalmati
2649 2512 2732 2542 no-

1629 2584 1725 2614 men
1754 2572 1922 2615 cantici.
1955 2572 2062 2614 Nam
2087 2572 2123 2614 si
2154 2575 2272 2615 totus
2301 2572 2489 2628 psalmus
2522 2563 2731 2615 canticum

1628 2643 1844 2686 diceretur
1869 2647 2019 2686 tenore
2044 2644 2223 2699 proprio
2242 2655 2291 2686 ac
2310 2644 2376 2696 vi,
2404 2643 2553 2699 utique
2575 2643 2614 2685 ei
2631 2655 2731 2686 can-

1628 2714 1704 2757 tici
1725 2714 1956 2769 appellatio
1987 2715 2229 2770 praeposita
2257 2714 2403 2758 fuisset
2418 2744 2430 2768 ‚
2456 2718 2505 2757 ut
2533 2714 2579 2756 in
2610 2725 2731 2756 com-

1628 2785 1822 2841 pluribus
1851 2786 2022 2842 psalmis
2043 2785 2110 2829 fit.
2131 2785 2210 2829 Sed
2234 2772 2477 2829 cum'aliter
2504 2798 2573 2829 res
2592 2798 2636 2827 se
2655 2785 2730 2828 ha-

1628 2856 1729 2900 beat
1744 2888 1756 2911 ,
1782 2861 1825 2899 et
1845 2861 1945 2912 post
1963 2856 2194 2913 diapsalma
2215 2869 2362 2900 revera
2383 2857 2594 2900 canticum
2618 2857 2728 2900 inci-

1628 2928 1737 2983 piat,
1757 2928 1911 2971 merito
1930 2928 2219 2983 interponitur
2233 2928 2385 2970 titulus
2405 2927 2620 2971 canticum
2639 2926 2731 2970 dia-

1628 2999 1857 3055 psalmatis.
1890 2998 2111 3042 Constabit
2140 3002 2308 3052 autem,
2327 2999 2544 3054 sequentia
2574 2996 2731 3040 habere

1628 3071 1780 3126 psalmi
1800 3081 1994 3125 sensum,
2019 3070 2084 3113 his
2101 3069 2280 3126 prolatis
2303 3069 2476 3113 verbis:
2507 3073 2729 3112 «avertan-

1636 3163 1652 3180 υ
1687 3147 1760 3185 tur
1788 3146 2033 3199 peccatores
2059 3142 2106 3184 in
2135 3141 2348 3184 infernum
2362 3173 2375 3197 ,
2409 3154 2556 3184 omnes
2572 3145 2731 3196 ,gentes

1635 3233 1652 3252 ι
1683 3225 1798 3269 ‚quae
1817 3212 2128 3256 obliviscuntur
2150 3213 2314 3271 Deum:
2339 3212 2542 3267 quoniam
2566 3223 2655 3254 non
2684 3213 2738 3253 in.

1634 3305 1652 3324 ι.
1686 3285 1815 3328 finem
1847 3284 2008 3327 oblivio
2039 3285 2121 3327 erit
2140 3284 2366 3340 pauperis:
2395 3283 2598 3340 patientia
2616 3295 2727 3338 pau-

1635 3377 1652 3395 »
1686 3348 1840 3413 perum
1861 3368 1949 3399 non
1979 3355 2137 3412 peribit
2153 3356 2198 3398 in
2221 3355 2366 3398 finem.
2394 3374 2410 3391 υ

1686 3429 1946 3472 Avertantur
1966 3430 2233 3483 peccatores,
2263 3427 2453 3470 hostium
2473 3427 2608 3469 instar
2631 3430 2727 3466 m'o-

1627 3501 1722 3545 lesti
1736 3530 1749 3554 ,
1786 3500 1833 3542 in
1873 3498 2102 3542 infernum.
2140 3500 2248 3542 Tum
2285 3497 2516 3554 explanans
2554 3497 2726 3552 quinam

1626 3571 1714 3614 sint
1744 3574 1992 3627 peccatores
2010 3600 2022 3623 ,
2054 3569 2194 3625 pergit
2220 3569 2280 3612 ita
2311 3568 2466 3624 loqui,
2498 3571 2548 3610 nt
2578 3568 2726 3620 gentes

1627 3653 1737 3698 quae
1756 3640 2069 3687 obliviscuntur
2081 3671 2094 3693 ,
2111 3652 2200 3683 non
2219 3640 2415 3683 hominoe
2427 3635 2724 3681 tantummodo

1629 3712 1706 3756 sed
1725 3711 2022 3756 immateriales
2045 3723 2219 3767 quoque
2240 3713 2470 3767 potestates
2490 3707 2727 3761 intelligere

1628 3786 1845 3840 oporteat.
1877 3783 1984 3826 Nam
2018 3782 2054 3824 si
2085 3795 2172 3842 non
2209 3780 2413 3836 significat
2447 3777 2725 3822 substantiam
2789 3774 2791 3776 ’

1627 3853 1703 3897 sed
1736 3853 1955 3909 qalitatem
1985 3866 2067 3896 vox
2100 3856 2330 3909 peccator,
2368 3848 2487 3907 quod
2517 3861 2672 3894 nomen
2703 3862 2728 3892 a
2780 3844 2785 3849 ’
