2996 4432
1236 257 1480 289 noxizoxis.
2435 243 2501 291 37

226 346 412 398 fratres
448 355 500 396 et
536 342 945 405 coinniilitone5‚
985 340 1205 394 audistis
1241 341 1502 394 diabolica
1526 354 1808 414 praecepta
1840 360 1989 396 saeva
2017 343 2253 414 vulgari:
2290 342 2490 408 videte,

227 448 386 481 nemo
416 439 614 480 metuat
643 438 890 478 terrores,
919 424 1075 477 Tunc
1111 424 1485 479 commendans
1508 425 1784 478 thesauros
1808 427 2052 479 ecclesiae
2077 427 2235 479 beato
2259 428 2495 480 Lauren-

228 511 336 571 tio,
373 523 551 563 tentus
593 521 646 561 et
680 519 952 561 catenatus
988 507 1204 563 ducitur
1239 507 1306 560 ad
1344 507 1599 578 templum
1636 507 1833 561 Martis,
1874 509 1978 561 Sed
2015 511 2209 562 athleta
2249 512 2344 562 Dei
2388 512 2497 563 for·
2556 514 2558 517 ’

229 593 457 644 tissimus
494 603 656 644 totam
690 591 949 662 passionis
993 591 1039 657 1)
1075 610 1199 644 suae
1240 582 1584 643 hereditatem
1622 590 1996 643 archidiacono
2033 611 2132 644 suo
2167 594 2498 646 committens

227 675 545 737 Laurentio,
587 674 845 746 templum
879 674 1061 726 Martis
1097 675 1340 727 oratione
1376 674 1716 736 comminuit,
1758 687 1811 726 et
1848 675 1905 726 in
1942 674 2127 726 eodem
2165 676 2282 728 loco
2319 665 2496 730 ‹lecol-

227 760 364 811 latus
399 770 478 810 est
515 777 634 810 cum
672 757 885 810 duobus
923 756 1240 810 diaconibus
1265 758 1586 810 Felicissimo
1611 768 1663 809 et
1693 758 1954 828 Agapit0‚
1989 769 2041 809 et
2066 759 2306 829 sepultus
2339 773 2416 813 est
2439 762 2495 813 in

229 841 546 895 coemeterio
571 840 799 893 Callixti.
840 841 907 892 Et
942 841 1030 893 hic
1065 841 1385 893 atheniensis
1421 840 1524 892 fuit
1559 858 1750 911 genere
1786 851 1837 891 et
1872 841 2243 912 philosophus.

340 927 427 978 85.
469 924 758 994 Dionysius
794 943 859 976 ex
896 925 1159 977 monacho
1196 925 1414 977 natione
1449 942 1699 975 romanus
1725 923 1852 975 huic
1881 924 2127 974 successit
2151 925 2206 976 in
2233 927 2497 996 praesula-

230 1020 311 1060 tu.
338 1009 439 1060 Hic
468 1008 808 1078 presbyteros
836 1008 1114 1060 constituit
1137 1008 1194 1059 iu
1231 1007 1362 1059 urbe
1394 1008 1561 1059 Roma
1585 1007 1641 1058 in
1669 1007 1872 1069 titulis',
1900 1006 2136 1075 singulos
2161 1007 2218 1057 in
2243 998 2494 1078 singulis,

230 1102 455 1162 propter
479 1091 811 1162 poenitentes
835 1090 1200 1163 suscipiendos
1215 1130 1229 1154 ,
1257 1101 1310 1142 et
1334 1101 1559 1160 propter
1588 1090 1849 1162 baptisma
1868 1129 1881 1150 ,
1917 1101 1970 1140 et
1999 1091 2279 1159 parochias
2303 1090 2494 1143 divisit.

231 1176 299 1226 Et
335 1176 422 1227 hic
458 1176 713 1246 martyrio
751 1187 1036 1227 coronatus
1072 1187 1182 1239 est,
1223 1186 1276 1227 et
1311 1174 1551 1245 sepultus
1586 1184 1664 1225 est
1700 1192 1808 1224 cun
1845 1172 2098 1224 fratribus
2135 1174 2258 1224 suis.

338 1260 425 1310 86.
467 1258 612 1310 Felix
648 1270 770 1330 post
805 1258 951 1310 hunc
987 1258 1201 1310 natione
1237 1276 1488 1309 romanus
1524 1257 1806 1327 episcopus
1844 1246 2014 1307 factus
2051 1267 2147 1307 est.
2184 1256 2286 1308 Hic
2313 1257 2502 1308 consti-

232 1341 335 1393 tuit
372 1360 536 1413 super
571 1342 822 1413 reliquias
858 1352 1149 1411 martyrum
1182 1341 1360 1393 missas
1390 1339 1659 1392 celebrari.
1695 1340 1760 1390 Et
1791 1339 2045 1409 martyrio
2080 1351 2366 1391 coronatus
2393 1351 2498 1403 est,

232 1435 287 1476 et
321 1425 561 1495 sepultus
597 1425 654 1476 in
691 1424 1007 1477 coemeterio
1046 1425 1386 1476 Praetextati.

341 1509 427 1577 87.
470 1507 679 1559 Marcus
716 1508 934 1559 natione
969 1526 1223 1559 romanus
1263 1508 1316 1575 2)
1352 1517 1473 1578 post
1518 1507 1664 1558 hunc
1703 1506 1929 1578 suscepit
1967 1507 2351 1577 episcopatum.
2399 1506 2501 1558 Hie

232 1590 509 1642 constituit
543 1601 602 1642 ut
639 1591 820 1642 nullus
856 1591 1136 1662 episcopus
1172 1590 1254 1642 vel
1286 1590 1560 1652 sacerdOS,
1596 1590 1798 1641 etiamsi
1828 1590 2039 1641 maioris
2071 1591 2137 1641 sit
2164 1590 2413 1642 scientiae
2445 1601 2498 1642 et

231 1673 547 1743 probitatis,
588 1685 881 1746 anteponat
916 1693 970 1725 se
1007 1674 1156 1745 prius
1193 1692 1352 1744 quam
1389 1674 1489 1744 ipsi
1525 1672 1791 1726 ordinato.
1828 1674 1893 1725 Et
1934 1674 2020 1725 hic
2056 1673 2200 1725 solus
2243 1673 2309 1725 de
2352 1685 2503 1725 tanto

233 1775 460 1808 numero
498 1756 811 1827 pontificum
835 1757 1145 1827 martyrium
1182 1758 1364 1809 evasit.
1392 1758 1460 1808 Et
1492 1757 1776 1828 requiescit
1799 1757 1855 1808 in
1889 1757 2104 1808 ecclesia
2131 1756 2188 1807 in
2215 1776 2322 1827 qua
2352 1758 2501 1828 prius

231 1839 513 1910 presbyter
530 1838 806 1892 ordinatus
836 1840 1038 1903 fuerat,
1068 1858 1205 1910 quae
1230 1858 1403 1910 usque
1432 1838 1593 1897 hodie
1624 1840 1839 1891 ecclesia
1867 1839 2034 1891 sancti
2060 1840 2222 1891 Marci
2252 1852 2498 1906 vocatur,

235 1922 293 1973 in
331 1921 504 1974 media
540 1923 708 1974 Roma
731 1963 745 1985 ,
788 1923 845 1974 in
881 1923 1099 1993 regione
1136 1941 1274 1993 quae
1310 1923 1507 1974 dicitur
1533 1922 1699 1974 Pinus
1738 1923 1811 1991 3).

343 2006 430 2057 88.
472 2006 839 2075 Eutychianus
877 2006 1094 2057 natione
1130 2016 1313 2057 tuscus
1347 2018 1469 2077 post
1506 2007 1651 2057 hunc
1684 2023 1936 2057 romanus
1978 2004 2151 2057 «lictus
2201 2016 2276 2057 est
2308 2006 2503 2058 archie-

236 2088 509 2158 piscopus.
552 2087 652 2139 Hic
677 2088 955 2139 constituit
979 2088 1157 2158 fruges
1183 2107 1344 2158 super
1367 2089 1529 2140 altare
1559 2087 1803 2140 benedici
1823 2106 1956 2139 uvae
1981 2099 2033 2139 et
2063 2089 2230 2140 fabae.
2272 2089 2372 2140 Hic
2398 2089 2507 2139 suis

234 2170 569 2240 temporibus
605 2190 701 2241 per
736 2170 943 2240 diversa
980 2171 1094 2247 loca
1131 2182 1393 2223 trecentos
1431 2170 1782 2243 quadraginta
1811 2170 1944 2222 duos
1975 2182 2231 2241 martyres
2262 2171 2506 2223 manibus

234 2254 344 2304 suis
382 2253 637 2345 sepelivit.
682 2253 746 2305 Et
780 2253 1036 2324 martyrio
1071 2265 1358 2307 coronatus
1403 2266 1512 2316 est,
1566 2266 1619 2305 et
1663 2254 1900 2324 sepultus
1949 2266 2027 2305 est
2075 2273 2195 2305 cum
2238 2254 2507 2324 co'e'piscffi

237 2337 322 2407 pis
360 2336 485 2387 suis.

345 2420 432 2489 89.
475 2419 643 2471 Gaius
680 2421 897 2472 natione
933 2418 1161 2472 dalmata
1198 2439 1264 2472 ex
1311 2439 1503 2491 geneie
1555 2421 1868 2476 Diocletiani
1911 2433 2035 2492 post
2076 2422 2223 2472 hunc
2264 2422 2508 2492 papalem

236 2502 471 2573 suscepit
507 2501 833 2555 cathedram.
875 2503 977 2555 Hic
1013 2503 1289 2556 constituit
1326 2515 1387 2555 ut
1423 2515 1625 2574 septem
1655 2503 1907 2555 diacones
1939 2504 2031 2574 qui
2056 2503 2256 2555 Romae
2278 2515 2403 2555 sunt
2433 2523 2512 2555 or-

235 2583 432 2646 dinati,
473 2585 609 2636 nulli
645 2585 734 2637 alii
769 2585 1025 2656 episcopo
1062 2599 1273 2657 praeter
1298 2606 1457 2657 quam
1484 2588 1659 2658 Papae
1686 2587 2004 2641 ministient.
2048 2587 2111 2637 Et
2143 2588 2228 2638 hic
2254 2587 2508 2656 maityiio

236 2679 524 2720 coronatus
549 2679 654 2730 est,
685 2680 750 2726 et,
767 2669 903 2721 iacet
938 2670 997 2721 in
1025 2669 1307 2722 Vaticano.
1340 2670 1496 2721 Nunc
1519 2689 1648 2722 vero
1679 2671 1843 2722 altare
1876 2670 1987 2722 eius
2012 2670 2068 2720 in
2096 2671 2312 2722 ecclesia
2344 2671 2509 2721 sancti

238 2753 383 2804 Petri
418 2753 569 2803 iuxta
604 2752 907 2805 columnam
943 2764 1130 2806 contra
1165 2754 1327 2806 altare
1350 2765 1653 2806 sanctorum
1678 2754 1946 2815 Leonum,
1977 2755 2032 2804 in
2069 2754 2152 2805 via
2189 2773 2324 2824 quae
2364 2753 2512 2805 ducit

237 2834 307 2887 ad
344 2847 578 2888 sanctam
615 2836 987 2902 Petronillam3
1030 2836 1130 2888 sub
1168 2856 1279 2908 quo
1316 2837 1602 2907 requiescit
1637 2837 1749 2929 ipse
1785 2849 1838 2889 et
1876 2838 2037 2889 fratei
2068 2838 2179 2888 eius
2215 2838 2505 2900 Cavimus,

239 2929 293 2970 et
329 2918 435 2970 filia
471 2919 585 2970 eius
618 2918 881 2970 Susanna.

346 3019 433 3072 90.
462 3001 798 3053 Marcellinus
823 3012 944 3072 post
967 3002 1152 3054 hunc
1139 3021 1196 3073 in
1221 3021 1498 3054 romanum
1530 3002 1742 3073 eligitur
1766 3003 2091 3073 episcopum.
2118 3004 2288 3054 Huius
2316 3014 2513 3073 tempo-

239 3083 389 3135 ribus
417 3084 715 3154 persecutio
736 3083 922 3154 ingens
942 3084 1378 3149 christianorum,
1408 3085 1554 3136 iussu
1580 3085 1891 3137 Diocletiani
1917 3085 2192 3148 efferbuit,
2222 3087 2279 3136 in
2304 3096 2512 3137 tantum

239 3177 301 3218 ut
325 3166 466 3218 intra
493 3167 706 3237 triginta
738 3166 848 3219 dies
878 3168 966 3218 ·X·
1004 3179 1056 3219 et
1086 3167 1223 3218 ·Vll·
1260 3168 1402 3219 milia
1432 3168 1704 3219 hominum
1737 3169 2024 3239 promiscui
2065 3187 2220 3220 sexus
2258 3169 2513 3238 martyrio

238 3249 398 3301 vitam
426 3248 680 3300 finierint.
710 3250 834 3314 Quo
860 3260 1062 3301 terrore
1086 3249 1300 3302 territus
1320 3250 1672 3314 Marcellinus,
1700 3250 2336 3322 simulque.quorumdam
2354 3269 2513 3302 suasu

239 3331 526 3402 deceptus,
556 3330 877 3384 thurificavit
902 3331 1075 3384 idolis.
1104 3333 1279 3398 Quam
1305 3333 1377 3384 ob
1404 3352 1513 3384 rem
1542 3352 1838 3385 convenere
1866 3334 2101 3405 episcopi
2126 3336 2323 3386 Romae
2352 3352 2418 3385 ex
2443 3331 2514 3385 di-

240 3415 404 3466 versis
436 3415 759 3485 provinciis,
794 3435 906 3467 non
935 3416 1122 3487 poenis
1142 3455 1156 3478 ,
1187 3434 1298 3467 non
1326 3417 1522 3478 exiliis,
1554 3435 1662 3467 non
1688 3416 1804 3487 ipso
1829 3417 2013 3469 mortis
2043 3416 2340 3486 discrimine
2364 3433 2516 3486 pave-

241 3498 397 3560 facti,-
427 3516 651 3549 numero
677 3497 856 3562 CXV;
885 3499 981 3569 qui
1006 3517 1126 3550 cum
1153 3499 1397 3569 lacrymis
1421 3510 1473 3550 et
1498 3499 1692 3569 gemitu
1720 3497 2041 3551 celebrantes
2066 3500 2346 3552 concilium
2373 3498 2516 3550 sisci-

242 3580 500 3633 tabantur
523 3600 645 3633 cum
669 3582 963 3634 reverentia
998 3583 1334 3694 episcopum,
1362 3582 1405 3634 si
1429 3583 1501 3634 ita
1524 3600 1609 3634 res
1633 3601 1689 3635 se
1713 3582 1960 3648 haberet,
1990 3594 2051 3636 ut
2083 3584 2219 3636 fama
2245 3582 2511 3634 retulerat.

327 3676 363 3718 1)
388 3674 442 3710 lta
471 3673 574 3719 cod„
604 3684 683 3712 non
706 3676 972 3722 possessionis.

325 3737 360 3775 2)
386 3734 555 3776 Marcum
581 3732 704 3779 hunc,
734 3739 929 3781 tamquam
953 3733 1067 3772 liuius
1094 3734 1262 3772 nominis
1282 3733 1468 3783 primum,
1495 3734 1624 3772 scribit
1651 3734 1722 3772 hoc
1743 3735 1827 3774 loeo
1853 3737 1966 3774 etiam
1993 3736 2202 3775 Bet-nardus
2229 3733 2411 3773 Guidonis
2431 3746 2517 3772 eum

239 3791 529 3850 chronographo
557 3792 837 3841 archiepiscopo
860 3794 1081 3839 cusentino,
1109 3800 1153 3831 ut
1173 3794 1311 3842 legitur
1339 3794 1439 3842 apud
1464 3805 1534 3832 nos
1559 3794 1599 3831 in
1620 3794 1819 3843 Spieilegio
1839 3807 1994 3836 romano
2019 3799 2062 3835 T.
2083 3798 2147 3834 VI.
2173 3807 2209 3844 p.
2229 3801 2288 3842 37,
2315 3795 2361 3833 de
2387 3807 2459 3844 qua
2478 3807 2518 3833 re

239 3851 398 3890 breviter
426 3851 468 3889 in
495 3851 804 3892 adnotationibus
832 3851 995 3892 diximus
1018 3853 1072 3892 ibi
1100 3864 1139 3903 p.-
1161 3858 1298 3904 38„-
1320 3857 1357 3902 3>
1383 3855 1492 3893 Nunc
1515 3855 1626 3892 rione
1649 3854 1755 3894 della
1779 3857 1917 3905 Piqna.

2562 3440 2630 3469 cod.
2652 3439 2671 3467 s.
2695 3441 2740 3466 2:23.
2758 3444 2788 3465 a.
