<?xml version="1.0" encoding="UTF-8"?>
<!DOCTYPE html PUBLIC "-//W3C//DTD XHTML 1.0 Transitional//EN"
    "http://www.w3.org/TR/xhtml1/DTD/xhtml1-transitional.dtd">
<html xmlns="http://www.w3.org/1999/xhtml" xml:lang="en" lang="en">
 <head>
  <title>
</title>
<meta http-equiv="Content-Type" content="text/html;charset=utf-8" />
  <meta name='ocr-system' content='tesseract 3.04.00' />
  <meta name='ocr-capabilities' content='ocr_page ocr_carea ocr_par ocr_line ocrx_word'/>
</head>
<body>
  <div class='ocr_page' id='page_1' title='image "./novaepatrumbibli07maiauoft/novaepatrumbibli07maiauoft_0571.png"; bbox 0 0 2996 4432; ppageno 0'>
   <div class='ocr_carea' id='block_1_1' title="bbox 1187 296 1238 336">
    <p class='ocr_par' dir='ltr' id='par_1_1' title="bbox 1187 296 1238 336">
     <span class='ocr_line' id='line_1_1' title="bbox 1187 296 1238 336; baseline 0.02 -10"><span class='ocrx_word' id='word_1_1' title='bbox 1187 296 1238 336; x_wconf 22' lang='lat' dir='ltr'><strong>ix,</strong></span> 
     </span>
    </p>
   </div>
   <div class='ocr_carea' id='block_1_2' title="bbox 192 381 1360 3862">
    <p class='ocr_par' dir='ltr' id='par_1_2' title="bbox 192 381 1360 3862">
     <span class='ocr_line' id='line_1_2' title="bbox 240 381 1336 438; baseline -0.004 -11"><span class='ocrx_word' id='word_1_2' title='bbox 240 386 415 438; x_wconf 84' lang='lat' dir='ltr'><strong>guinum</strong></span> <span class='ocrx_word' id='word_1_3' title='bbox 436 385 618 427; x_wconf 86' lang='lat' dir='ltr'><strong>dicimus</strong></span> <span class='ocrx_word' id='word_1_4' title='bbox 637 383 754 426; x_wconf 78' lang='lat' dir='ltr'><strong>viros</strong></span> <span class='ocrx_word' id='word_1_5' title='bbox 781 381 880 425; x_wconf 87' lang='lat' dir='ltr'><strong>illos</strong></span> <span class='ocrx_word' id='word_1_6' title='bbox 905 381 979 438; x_wconf 87' lang='lat' dir='ltr'><strong>qui</strong></span> <span class='ocrx_word' id='word_1_7' title='bbox 1010 394 1059 424; x_wconf 86' lang='lat' dir='ltr'><strong>ex</strong></span> <span class='ocrx_word' id='word_1_8' title='bbox 1083 381 1252 424; x_wconf 88' lang='lat' dir='ltr'><strong>divinae</strong></span> <span class='ocrx_word' id='word_1_9' title='bbox 1275 381 1336 424; x_wconf 90' lang='lat' dir='ltr'><strong>le-</strong></span> 
     </span>
     <span class='ocr_line' id='line_1_3' title="bbox 240 452 1336 509; baseline -0.004 -10"><span class='ocrx_word' id='word_1_10' title='bbox 240 457 306 509; x_wconf 82' lang='lat' dir='ltr'><strong>gis</strong></span> <span class='ocrx_word' id='word_1_11' title='bbox 335 469 486 498; x_wconf 88' lang='lat' dir='ltr'><strong>norma</strong></span> <span class='ocrx_word' id='word_1_12' title='bbox 507 460 645 498; x_wconf 88' lang='lat' dir='ltr'><strong>morte</strong></span> <span class='ocrx_word' id='word_1_13' title='bbox 663 452 1003 496; x_wconf 84' lang='lat' dir='ltr'><strong>eos&#39;adfecerunt</strong></span> <span class='ocrx_word' id='word_1_14' title='bbox 1030 453 1104 508; x_wconf 88' lang='lat' dir='ltr'><strong>qui</strong></span> <span class='ocrx_word' id='word_1_15' title='bbox 1126 452 1225 496; x_wconf 84' lang='lat' dir='ltr'><strong>talia</strong></span> <span class='ocrx_word' id='word_1_16' title='bbox 1247 454 1336 507; x_wconf 88' lang='lat' dir='ltr'><strong>pati</strong></span> 
     </span>
     <span class='ocr_line' id='line_1_4' title="bbox 239 523 1347 582; baseline -0.003 -13"><span class='ocrx_word' id='word_1_17' title='bbox 239 527 360 582; x_wconf 85' lang='lat' dir='ltr'>digni</span> <span class='ocrx_word' id='word_1_18' title='bbox 378 531 515 569; x_wconf 84' lang='lat' dir='ltr'><strong>erant.</strong></span> <span class='ocrx_word' id='word_1_19' title='bbox 539 525 710 581; x_wconf 83' lang='lat' dir='ltr'><strong>Alioqui</strong></span> <span class='ocrx_word' id='word_1_20' title='bbox 728 523 994 568; x_wconf 82' lang='lat' dir='ltr'><strong>Samuhelem</strong></span> <span class='ocrx_word' id='word_1_21' title='bbox 1015 536 1191 580; x_wconf 90' lang='lat' dir='ltr'><strong>quoque</strong></span> <span class='ocrx_word' id='word_1_22' title='bbox 1211 528 1347 579; x_wconf 82' lang='lat' dir='ltr'><strong>atque</strong></span> 
     </span>
     <span class='ocr_line' id='line_1_5' title="bbox 242 596 1347 653; baseline -0.002 -13"><span class='ocrx_word' id='word_1_23' title='bbox 242 599 378 642; x_wconf 89' lang='lat' dir='ltr'><strong>Eliam</strong></span> <span class='ocrx_word' id='word_1_24' title='bbox 408 600 464 641; x_wconf 87' lang='lat' dir='ltr'><strong>ita</strong></span> <span class='ocrx_word' id='word_1_25' title='bbox 484 597 696 653; x_wconf 83' lang='lat' dir='ltr'><strong>appellare</strong></span> <span class='ocrx_word' id='word_1_26' title='bbox 732 599 977 652; x_wconf 82' lang='lat' dir='ltr'>oporteret,</span> <span class='ocrx_word' id='word_1_27' title='bbox 1014 596 1088 651; x_wconf 91' lang='lat' dir='ltr'><strong>qui</strong></span> <span class='ocrx_word' id='word_1_28' title='bbox 1117 607 1199 651; x_wconf 87' lang='lat' dir='ltr'><strong>pro</strong></span> <span class='ocrx_word' id='word_1_29' title='bbox 1230 601 1347 638; x_wconf 87' lang='lat' dir='ltr'><strong>recta</strong></span> 
     </span>
     <span class='ocr_line' id='line_1_6' title="bbox 246 667 1193 726; baseline -0.004 -14"><span class='ocrx_word' id='word_1_30' title='bbox 246 669 450 726; x_wconf 73' lang='lat' dir='ltr'>religione</span> <span class='ocrx_word' id='word_1_31' title='bbox 475 668 630 710; x_wconf 88' lang='lat' dir='ltr'><strong>multos</strong></span> <span class='ocrx_word' id='word_1_32' title='bbox 652 667 955 710; x_wconf 87' lang='lat' dir='ltr'><strong>interimendos</strong></span> <span class='ocrx_word' id='word_1_33' title='bbox 976 671 1193 709; x_wconf 84' lang='lat' dir='ltr'><strong>curarunt.</strong></span> 
     </span>
     <span class='ocr_line' id='line_1_7' title="bbox 306 729 1349 796; baseline -0.002 -13"><span class='ocrx_word' id='word_1_34' title='bbox 306 741 518 796; x_wconf 88' lang='lat' dir='ltr'><strong>Improbis</strong></span> <span class='ocrx_word' id='word_1_35' title='bbox 556 753 606 782; x_wconf 88' lang='lat' dir='ltr'><strong>ac</strong></span> <span class='ocrx_word' id='word_1_36' title='bbox 641 739 750 794; x_wconf 88' lang='lat' dir='ltr'><strong>legis</strong></span> <span class='ocrx_word' id='word_1_37' title='bbox 788 729 1166 794; x_wconf 80' lang='lat' dir='ltr'><strong>transgressoribus</strong></span> <span class='ocrx_word' id='word_1_38' title='bbox 1205 743 1349 781; x_wconf 90' lang='lat' dir='ltr'><strong>tecum</strong></span> 
     </span>
     <span class='ocr_line' id='line_1_8' title="bbox 249 809 1346 865; baseline -0.003 -11"><span class='ocrx_word' id='word_1_39' title='bbox 249 824 336 854; x_wconf 89' lang='lat' dir='ltr'><strong>non</strong></span> <span class='ocrx_word' id='word_1_40' title='bbox 367 810 658 853; x_wconf 86' lang='lat' dir='ltr'><strong>habitantibus</strong></span> <span class='ocrx_word' id='word_1_41' title='bbox 677 841 689 863; x_wconf 93' lang='lat'><strong>,</strong></span> <span class='ocrx_word' id='word_1_42' title='bbox 722 822 862 865; x_wconf 87' lang='lat' dir='ltr'><strong>neque</strong></span> <span class='ocrx_word' id='word_1_43' title='bbox 894 810 972 852; x_wconf 91' lang='lat' dir='ltr'><strong>sub</strong></span> <span class='ocrx_word' id='word_1_44' title='bbox 1003 809 1206 852; x_wconf 82' lang='lat' dir='ltr'><strong>benivolo</strong></span> <span class='ocrx_word' id='word_1_45' title='bbox 1237 821 1346 852; x_wconf 85' lang='lat' dir='ltr'><strong>con·</strong></span> 
     </span>
     <span class='ocr_line' id='line_1_9' title="bbox 248 878 1349 937; baseline -0.001 -13"><span class='ocrx_word' id='word_1_46' title='bbox 248 878 502 937; x_wconf 72' lang='lat' dir='ltr'><strong>speetu&#39;tuo</strong></span> <span class='ocrx_word' id='word_1_47' title='bbox 534 880 798 923; x_wconf 87' lang='lat' dir='ltr'><strong>manentibus</strong></span> <span class='ocrx_word' id='word_1_48' title='bbox 815 912 827 933; x_wconf 93' lang='lat'><strong>,</strong></span> <span class='ocrx_word' id='word_1_49' title='bbox 861 893 942 935; x_wconf 90' lang='lat' dir='ltr'><strong>ego</strong></span> <span class='ocrx_word' id='word_1_50' title='bbox 973 881 1114 936; x_wconf 88' lang='lat' dir='ltr'><strong>inquit</strong></span> <span class='ocrx_word' id='word_1_51' title='bbox 1145 885 1186 922; x_wconf 89' lang='lat' dir='ltr'><strong>te</strong></span> <span class='ocrx_word' id='word_1_52' title='bbox 1216 879 1349 923; x_wconf 75' lang='lat' dir='ltr'><strong>mise-</strong></span> 
     </span>
     <span class='ocr_line' id='line_1_10' title="bbox 247 950 1353 1006; baseline -0.001 -12"><span class='ocrx_word' id='word_1_53' title='bbox 247 956 366 994; x_wconf 85' lang='lat' dir='ltr'><strong>rente</strong></span> <span class='ocrx_word' id='word_1_54' title='bbox 389 951 568 993; x_wconf 87' lang='lat' dir='ltr'><strong>domum</strong></span> <span class='ocrx_word' id='word_1_55' title='bbox 589 955 708 994; x_wconf 90' lang='lat' dir='ltr'><strong>tuam</strong></span> <span class='ocrx_word' id='word_1_56' title='bbox 728 951 964 1006; x_wconf 87' lang='lat' dir='ltr'><strong>ingrediar.</strong></span> <span class='ocrx_word' id='word_1_57' title='bbox 985 952 1051 994; x_wconf 92' lang='lat' dir='ltr'><strong>Sic</strong></span> <span class='ocrx_word' id='word_1_58' title='bbox 1073 952 1185 993; x_wconf 86' lang='lat' dir='ltr'><strong>euim</strong></span> <span class='ocrx_word' id='word_1_59' title='bbox 1207 950 1353 993; x_wconf 79' lang='lat' dir='ltr'><strong>dicere</strong></span> 
     </span>
     <span class='ocr_line' id='line_1_11' title="bbox 192 1016 1352 1079; baseline -0.002 -13"><span class='ocrx_word' id='word_1_60' title='bbox 192 1016 193 1020; x_wconf 59' lang='grc'>’</span> <span class='ocrx_word' id='word_1_61' title='bbox 245 1027 398 1079; x_wconf 87' lang='lat' dir='ltr'><strong>potero</strong></span> <span class='ocrx_word' id='word_1_62' title='bbox 417 1037 427 1063; x_wconf 75' lang='grc' dir='ltr'><em>ε</em></span> <span class='ocrx_word' id='word_1_63' title='bbox 454 1035 576 1064; x_wconf 82' lang='lat' dir='ltr'><strong>mane</strong></span> <span class='ocrx_word' id='word_1_64' title='bbox 597 1022 776 1069; x_wconf 80' lang='lat' dir='ltr'><strong>adstabo</strong></span> <span class='ocrx_word' id='word_1_65' title='bbox 798 1022 881 1065; x_wconf 91' lang='lat' dir='ltr'><strong>tibi</strong></span> <span class='ocrx_word' id='word_1_66' title='bbox 903 1027 946 1065; x_wconf 90' lang='lat' dir='ltr'><strong>et</strong></span> <span class='ocrx_word' id='word_1_67' title='bbox 965 1022 1125 1065; x_wconf 84' lang='lat' dir='ltr'><strong>videbo</strong></span> <span class='ocrx_word' id='word_1_68' title='bbox 1140 1054 1152 1078; x_wconf 91' lang='lat'><strong>,</strong></span> <span class='ocrx_word' id='word_1_69' title='bbox 1176 1026 1219 1065; x_wconf 88' lang='lat' dir='ltr'><strong>et</strong></span> <span class='ocrx_word' id='word_1_70' title='bbox 1237 1026 1352 1064; x_wconf 89' lang='lat' dir='ltr'><strong>tam-</strong></span> 
     </span>
     <span class='ocr_line' id='line_1_12' title="bbox 247 1091 1349 1150; baseline -0.002 -14"><span class='ocrx_word' id='word_1_71' title='bbox 247 1106 377 1150; x_wconf 87' lang='lat' dir='ltr'><strong>quam</strong></span> <span class='ocrx_word' id='word_1_72' title='bbox 407 1093 742 1136; x_wconf 88' lang='lat' dir='ltr'><strong>misericordiam</strong></span> <span class='ocrx_word' id='word_1_73' title='bbox 775 1098 1026 1137; x_wconf 87' lang='lat' dir='ltr'><strong>consecutus</strong></span> <span class='ocrx_word' id='word_1_74' title='bbox 1043 1124 1055 1148; x_wconf 92' lang='lat'><strong>,</strong></span> <span class='ocrx_word' id='word_1_75' title='bbox 1088 1093 1156 1148; x_wconf 91' lang='lat' dir='ltr'><strong>pie</strong></span> <span class='ocrx_word' id='word_1_76' title='bbox 1175 1097 1220 1135; x_wconf 88' lang='lat' dir='ltr'><strong>te</strong></span> <span class='ocrx_word' id='word_1_77' title='bbox 1243 1091 1349 1135; x_wconf 86' lang='lat' dir='ltr'><strong>ado-</strong></span> 
     </span>
     <span class='ocr_line' id='line_1_13' title="bbox 245 1164 1350 1220; baseline -0.002 -12"><span class='ocrx_word' id='word_1_78' title='bbox 245 1164 351 1208; x_wconf 83' lang='lat' dir='ltr'><strong>rabo</strong></span> <span class='ocrx_word' id='word_1_79' title='bbox 381 1166 424 1207; x_wconf 94' lang='lat' dir='ltr'><strong>in</strong></span> <span class='ocrx_word' id='word_1_80' title='bbox 455 1166 608 1220; x_wconf 87' lang='lat' dir='ltr'><strong>spiritu</strong></span> <span class='ocrx_word' id='word_1_81' title='bbox 639 1178 689 1208; x_wconf 87' lang='lat' dir='ltr'><strong>ac</strong></span> <span class='ocrx_word' id='word_1_82' title='bbox 718 1167 911 1208; x_wconf 88' lang='lat' dir='ltr'><strong>veritate.</strong></span> <span class='ocrx_word' id='word_1_83' title='bbox 946 1166 1037 1208; x_wconf 90' lang='lat' dir='ltr'><strong>Iam</strong></span> <span class='ocrx_word' id='word_1_84' title='bbox 1064 1178 1169 1207; x_wconf 87' lang='lat' dir='ltr'><strong>vero</strong></span> <span class='ocrx_word' id='word_1_85' title='bbox 1200 1164 1350 1207; x_wconf 88' lang='lat' dir='ltr'><strong>firmus</strong></span> 
     </span>
     <span class='ocr_line' id='line_1_14' title="bbox 247 1235 1351 1292; baseline -0.001 -14"><span class='ocrx_word' id='word_1_86' title='bbox 247 1238 291 1278; x_wconf 88' lang='lat' dir='ltr'><strong>in</strong></span> <span class='ocrx_word' id='word_1_87' title='bbox 321 1237 477 1278; x_wconf 76' lang='lat' dir='ltr'><strong>virtute</strong></span> <span class='ocrx_word' id='word_1_88' title='bbox 506 1241 663 1290; x_wconf 85' lang='lat' dir='ltr'><strong>status,</strong></span> <span class='ocrx_word' id='word_1_89' title='bbox 684 1237 891 1292; x_wconf 89' lang='lat' dir='ltr'><strong>templum</strong></span> <span class='ocrx_word' id='word_1_90' title='bbox 913 1237 992 1279; x_wconf 90' lang='lat' dir='ltr'><strong>Dei</strong></span> <span class='ocrx_word' id='word_1_91' title='bbox 1017 1241 1080 1278; x_wconf 88' lang='lat' dir='ltr'><strong>est</strong></span> <span class='ocrx_word' id='word_1_92' title='bbox 1095 1267 1107 1290; x_wconf 92' lang='lat'><strong>,</strong></span> <span class='ocrx_word' id='word_1_93' title='bbox 1131 1235 1252 1292; x_wconf 88' lang='lat' dir='ltr'><strong>quod</strong></span> <span class='ocrx_word' id='word_1_94' title='bbox 1273 1235 1351 1291; x_wconf 92' lang='lat' dir='ltr'><strong>qui</strong></span> 
     </span>
     <span class='ocr_line' id='line_1_15' title="bbox 246 1301 1351 1362; baseline -0.002 -12"><span class='ocrx_word' id='word_1_95' title='bbox 246 1313 393 1350; x_wconf 90' lang='lat' dir='ltr'><strong>tenent</strong></span> <span class='ocrx_word' id='word_1_96' title='bbox 431 1307 696 1350; x_wconf 87' lang='lat' dir='ltr'><strong>confidenter</strong></span> <span class='ocrx_word' id='word_1_97' title='bbox 727 1310 869 1351; x_wconf 84' lang='lat' dir='ltr'><strong>aiunt:</strong></span> <span class='ocrx_word' id='word_1_98' title='bbox 905 1301 1096 1351; x_wconf 71' lang='lat' dir='ltr'><strong>Christus</strong></span> <span class='ocrx_word' id='word_1_99' title='bbox 1134 1312 1351 1362; x_wconf 83' lang='lat' dir='ltr'><strong>tamquam</strong></span> 
     </span>
     <span class='ocr_line' id='line_1_16' title="bbox 247 1378 1353 1434; baseline -0.001 -13"><span class='ocrx_word' id='word_1_100' title='bbox 247 1379 361 1421; x_wconf 88' lang='lat' dir='ltr'><strong>filius</strong></span> <span class='ocrx_word' id='word_1_101' title='bbox 384 1380 526 1421; x_wconf 89' lang='lat' dir='ltr'><strong>herilis</strong></span> <span class='ocrx_word' id='word_1_102' title='bbox 543 1379 663 1422; x_wconf 85' lang='lat' dir='ltr'><strong>‘domi</strong></span> <span class='ocrx_word' id='word_1_103' title='bbox 684 1392 786 1422; x_wconf 88' lang='lat' dir='ltr'><strong>suae</strong></span> <span class='ocrx_word' id='word_1_104' title='bbox 803 1383 866 1422; x_wconf 88' lang='lat' dir='ltr'><strong>est</strong></span> <span class='ocrx_word' id='word_1_105' title='bbox 882 1410 894 1432; x_wconf 94' lang='lat'><strong>,</strong></span> <span class='ocrx_word' id='word_1_106' title='bbox 918 1382 1048 1434; x_wconf 89' lang='lat' dir='ltr'><strong>quam</strong></span> <span class='ocrx_word' id='word_1_107' title='bbox 1072 1378 1250 1421; x_wconf 89' lang='lat' dir='ltr'><strong>domum</strong></span> <span class='ocrx_word' id='word_1_108' title='bbox 1269 1378 1353 1433; x_wconf 89' lang='lat' dir='ltr'><strong>ipsi</strong></span> 
     </span>
     <span class='ocr_line' id='line_1_17' title="bbox 248 1449 1346 1506; baseline -0.003 -13"><span class='ocrx_word' id='word_1_109' title='bbox 248 1453 544 1494; x_wconf 90' lang='lat' dir='ltr'><strong>constituimus</strong></span> <span class='ocrx_word' id='word_1_110' title='bbox 561 1482 572 1504; x_wconf 96' lang='lat'><strong>,</strong></span> <span class='ocrx_word' id='word_1_111' title='bbox 611 1452 687 1506; x_wconf 87' lang='lat' dir='ltr'><strong>qui</strong></span> <span class='ocrx_word' id='word_1_112' title='bbox 715 1452 852 1493; x_wconf 86' lang='lat' dir='ltr'><strong>nostri</strong></span> <span class='ocrx_word' id='word_1_113' title='bbox 891 1450 1101 1493; x_wconf 88' lang='lat' dir='ltr'><strong>similibus</strong></span> <span class='ocrx_word' id='word_1_114' title='bbox 1139 1449 1346 1492; x_wconf 84' lang='lat' dir='ltr'><strong>dicimus:</strong></span> 
     </span>
     <span class='ocr_line' id='line_1_18' title="bbox 248 1517 1353 1579; baseline -0.003 -15"><span class='ocrx_word' id='word_1_115' title='bbox 248 1522 457 1577; x_wconf 88' lang='lat' dir='ltr'><strong>templum</strong></span> <span class='ocrx_word' id='word_1_116' title='bbox 499 1527 692 1564; x_wconf 86' lang='lat' dir='ltr'><strong>sanctum</strong></span> <span class='ocrx_word' id='word_1_117' title='bbox 731 1523 859 1579; x_wconf 81' lang='lat' dir='ltr'><strong>estis3</strong></span> <span class='ocrx_word' id='word_1_118' title='bbox 905 1526 948 1564; x_wconf 89' lang='lat' dir='ltr'><strong>et</strong></span> <span class='ocrx_word' id='word_1_119' title='bbox 990 1517 1175 1576; x_wconf 76' lang='lat' dir='ltr'><strong>cerpora</strong></span> <span class='ocrx_word' id='word_1_120' title='bbox 1212 1523 1353 1562; x_wconf 80' lang='lat' dir='ltr'><strong>vestra</strong></span> 
     </span>
     <span class='ocr_line' id='line_1_19' title="bbox 248 1591 1350 1649; baseline -0.002 -13"><span class='ocrx_word' id='word_1_121' title='bbox 248 1595 456 1649; x_wconf 90' lang='lat' dir='ltr'><strong>templum</strong></span> <span class='ocrx_word' id='word_1_122' title='bbox 486 1595 670 1649; x_wconf 87' lang='lat' dir='ltr'><strong>Spiritus</strong></span> <span class='ocrx_word' id='word_1_123' title='bbox 700 1595 837 1636; x_wconf 87' lang='lat' dir='ltr'><strong>sancti</strong></span> <span class='ocrx_word' id='word_1_124' title='bbox 867 1597 990 1648; x_wconf 82' lang='lat' dir='ltr'><strong>sunt3</strong></span> <span class='ocrx_word' id='word_1_125' title='bbox 1020 1593 1133 1649; x_wconf 91' lang='lat' dir='ltr'><strong>apud</strong></span> <span class='ocrx_word' id='word_1_126' title='bbox 1164 1605 1274 1648; x_wconf 88' lang='lat' dir='ltr'><strong>quos</strong></span> <span class='ocrx_word' id='word_1_127' title='bbox 1294 1591 1350 1634; x_wconf 92' lang='lat' dir='ltr'><strong>fi-</strong></span> 
     </span>
     <span class='ocr_line' id='line_1_20' title="bbox 247 1665 1354 1722; baseline -0.003 -13"><span class='ocrx_word' id='word_1_128' title='bbox 247 1667 328 1709; x_wconf 88' lang='lat' dir='ltr'><strong>lius</strong></span> <span class='ocrx_word' id='word_1_129' title='bbox 357 1671 564 1722; x_wconf 90' lang='lat' dir='ltr'><strong>paterque</strong></span> <span class='ocrx_word' id='word_1_130' title='bbox 595 1665 862 1708; x_wconf 88' lang='lat' dir='ltr'><strong>mansionem</strong></span> <span class='ocrx_word' id='word_1_131' title='bbox 891 1666 1068 1708; x_wconf 84' lang='lat' dir='ltr'><strong>faciunt.</strong></span> <span class='ocrx_word' id='word_1_132' title='bbox 1093 1665 1354 1707; x_wconf 83' lang='lat' dir='ltr'><strong>Ecclesiasti-</strong></span> 
     </span>
     <span class='ocr_line' id='line_1_21' title="bbox 249 1735 1353 1796; baseline -0.001 -16"><span class='ocrx_word' id='word_1_133' title='bbox 249 1751 347 1780; x_wconf 91' lang='lat' dir='ltr'><strong>cum</strong></span> <span class='ocrx_word' id='word_1_134' title='bbox 377 1750 551 1793; x_wconf 85' lang='lat' dir='ltr'><strong>quoque</strong></span> <span class='ocrx_word' id='word_1_135' title='bbox 582 1737 738 1791; x_wconf 86' lang='lat' dir='ltr'><strong>dogma</strong></span> <span class='ocrx_word' id='word_1_136' title='bbox 768 1741 811 1778; x_wconf 89' lang='lat' dir='ltr'><strong>et</strong></span> <span class='ocrx_word' id='word_1_137' title='bbox 839 1737 1063 1788; x_wconf 87' lang='lat' dir='ltr'><strong>doctrina,</strong></span> <span class='ocrx_word' id='word_1_138' title='bbox 1089 1736 1243 1779; x_wconf 90' lang='lat' dir='ltr'><strong>domus</strong></span> <span class='ocrx_word' id='word_1_139' title='bbox 1263 1735 1353 1796; x_wconf 25' lang='lat' dir='ltr'><strong>&#39;Dei</strong></span> 
     </span>
     <span class='ocr_line' id='line_1_22' title="bbox 248 1807 1348 1864; baseline -0.003 -14"><span class='ocrx_word' id='word_1_140' title='bbox 248 1808 541 1864; x_wconf 85' lang='lat' dir='ltr'><strong>templumque</strong></span> <span class='ocrx_word' id='word_1_141' title='bbox 579 1813 704 1862; x_wconf 83' lang='lat' dir='ltr'><strong>sunt3</strong></span> <span class='ocrx_word' id='word_1_142' title='bbox 746 1808 865 1850; x_wconf 83' lang='lat' dir='ltr'><strong>velut</strong></span> <span class='ocrx_word' id='word_1_143' title='bbox 895 1808 1012 1863; x_wconf 88' lang='lat' dir='ltr'><strong>apud</strong></span> <span class='ocrx_word' id='word_1_144' title='bbox 1044 1807 1348 1850; x_wconf 81' lang='lat' dir='ltr'><strong>Timotheum:</strong></span> 
     </span>
     <span class='ocr_line' id='line_1_23' title="bbox 250 1879 1353 1935; baseline 0.002 -13"><span class='ocrx_word' id='word_1_145' title='bbox 250 1881 471 1935; x_wconf 88' lang='lat' dir='ltr'><strong>quomodo</strong></span> <span class='ocrx_word' id='word_1_146' title='bbox 501 1885 544 1922; x_wconf 90' lang='lat' dir='ltr'><strong>te</strong></span> <span class='ocrx_word' id='word_1_147' title='bbox 576 1885 774 1935; x_wconf 82' lang='lat' dir='ltr'><strong>oporteat</strong></span> <span class='ocrx_word' id='word_1_148' title='bbox 803 1881 848 1922; x_wconf 90' lang='lat' dir='ltr'><strong>iu</strong></span> <span class='ocrx_word' id='word_1_149' title='bbox 871 1879 1003 1922; x_wconf 84' lang='lat' dir='ltr'><strong>domo</strong></span> <span class='ocrx_word' id='word_1_150' title='bbox 1022 1881 1102 1921; x_wconf 90' lang='lat' dir='ltr'><strong>Dei</strong></span> <span class='ocrx_word' id='word_1_151' title='bbox 1126 1892 1353 1935; x_wconf 82' lang='lat' dir='ltr'><strong>conversa-</strong></span> 
     </span>
     <span class='ocr_line' id='line_1_24' title="bbox 250 1941 1353 2008; baseline 0.005 -16"><span class='ocrx_word' id='word_1_152' title='bbox 250 1953 316 2005; x_wconf 91' lang='lat' dir='ltr'><strong>ri,</strong></span> <span class='ocrx_word' id='word_1_153' title='bbox 358 1964 469 2006; x_wconf 87' lang='lat' dir='ltr'><strong>quae</strong></span> <span class='ocrx_word' id='word_1_154' title='bbox 507 1955 569 1993; x_wconf 85' lang='lat' dir='ltr'><strong>est</strong></span> <span class='ocrx_word' id='word_1_155' title='bbox 600 1951 778 1993; x_wconf 84' lang='lat' dir='ltr'><strong>ecclesia</strong></span> <span class='ocrx_word' id='word_1_156' title='bbox 806 1951 886 1992; x_wconf 88' lang='lat' dir='ltr'><strong>Dei</strong></span> <span class='ocrx_word' id='word_1_157' title='bbox 927 1941 1124 1993; x_wconf 83' lang='lat' dir='ltr'><strong>viventis.</strong></span> <span class='ocrx_word' id='word_1_158' title='bbox 1159 1953 1353 2008; x_wconf 90' lang='lat' dir='ltr'><strong>Utroque</strong></span> 
     </span>
     <span class='ocr_line' id='line_1_25' title="bbox 251 2012 1353 2078; baseline 0.002 -12"><span class='ocrx_word' id='word_1_159' title='bbox 251 2029 391 2066; x_wconf 89' lang='lat' dir='ltr'><strong>autem</strong></span> <span class='ocrx_word' id='word_1_160' title='bbox 421 2012 546 2065; x_wconf 79' lang='lat' dir='ltr'><strong>sensu</strong></span> <span class='ocrx_word' id='word_1_161' title='bbox 569 2022 810 2077; x_wconf 84' lang='lat' dir='ltr'><strong>ingreditur</strong></span> <span class='ocrx_word' id='word_1_162' title='bbox 832 2023 986 2078; x_wconf 84' lang='lat' dir='ltr'><strong>aliquis</strong></span> <span class='ocrx_word' id='word_1_163' title='bbox 1006 2024 1051 2065; x_wconf 89' lang='lat' dir='ltr'><strong>in</strong></span> <span class='ocrx_word' id='word_1_164' title='bbox 1083 2023 1257 2067; x_wconf 86' lang='lat' dir='ltr'><strong>domum</strong></span> <span class='ocrx_word' id='word_1_165' title='bbox 1278 2056 1286 2075; x_wconf 92' lang='lat'><strong>,</strong></span> <span class='ocrx_word' id='word_1_166' title='bbox 1311 2031 1353 2068; x_wconf 86' lang='lat' dir='ltr'><strong>et</strong></span> 
     </span>
     <span class='ocr_line' id='line_1_26' title="bbox 251 2085 1352 2148; baseline 0.003 -12"><span class='ocrx_word' id='word_1_167' title='bbox 251 2093 401 2136; x_wconf 82' lang='lat' dir='ltr'><strong>adorat</strong></span> <span class='ocrx_word' id='word_1_168' title='bbox 431 2093 487 2135; x_wconf 92' lang='lat' dir='ltr'><strong>ad</strong></span> <span class='ocrx_word' id='word_1_169' title='bbox 518 2094 728 2148; x_wconf 90' lang='lat' dir='ltr'><strong>templum</strong></span> <span class='ocrx_word' id='word_1_170' title='bbox 757 2093 958 2146; x_wconf 88' lang='lat' dir='ltr'><strong>Domini,</strong></span> <span class='ocrx_word' id='word_1_171' title='bbox 992 2085 1192 2137; x_wconf 82' lang='lat' dir='ltr'><strong>videlicet</strong></span> <span class='ocrx_word' id='word_1_172' title='bbox 1227 2097 1352 2139; x_wconf 90' lang='lat' dir='ltr'><strong>mise-</strong></span> 
     </span>
     <span class='ocr_line' id='line_1_27' title="bbox 250 2165 1353 2223; baseline 0.004 -16"><span class='ocrx_word' id='word_1_173' title='bbox 250 2165 432 2208; x_wconf 79' lang='lat' dir='ltr'><strong>ricordia</strong></span> <span class='ocrx_word' id='word_1_174' title='bbox 453 2167 530 2207; x_wconf 90' lang='lat' dir='ltr'><strong>Dei</strong></span> <span class='ocrx_word' id='word_1_175' title='bbox 550 2166 696 2220; x_wconf 89' lang='lat' dir='ltr'><strong>potius</strong></span> <span class='ocrx_word' id='word_1_176' title='bbox 719 2177 846 2221; x_wconf 88' lang='lat' dir='ltr'><strong>quam</strong></span> <span class='ocrx_word' id='word_1_177' title='bbox 877 2177 953 2208; x_wconf 88' lang='lat' dir='ltr'><strong>sua</strong></span> <span class='ocrx_word' id='word_1_178' title='bbox 975 2166 1062 2208; x_wconf 79' lang='lat' dir='ltr'><strong>vita</strong></span> <span class='ocrx_word' id='word_1_179' title='bbox 1083 2168 1198 2223; x_wconf 86' lang='lat' dir='ltr'><strong>frugi</strong></span> <span class='ocrx_word' id='word_1_180' title='bbox 1220 2173 1263 2210; x_wconf 90' lang='lat' dir='ltr'><strong>et</strong></span> <span class='ocrx_word' id='word_1_181' title='bbox 1285 2181 1353 2211; x_wconf 90' lang='lat' dir='ltr'><strong>re-</strong></span> 
     </span>
     <span class='ocr_line' id='line_1_28' title="bbox 251 2232 1352 2300; baseline 0.003 -20"><span class='ocrx_word' id='word_1_182' title='bbox 251 2232 533 2280; x_wconf 85' lang='lat' dir='ltr'><strong>cta.—Careo</strong></span> <span class='ocrx_word' id='word_1_183' title='bbox 550 2269 562 2291; x_wconf 93' lang='lat'><strong>,</strong></span> <span class='ocrx_word' id='word_1_184' title='bbox 595 2238 735 2292; x_wconf 87' lang='lat' dir='ltr'><strong>inquit</strong></span> <span class='ocrx_word' id='word_1_185' title='bbox 751 2269 763 2290; x_wconf 92' lang='lat'><strong>,</strong></span> <span class='ocrx_word' id='word_1_186' title='bbox 795 2238 1024 2281; x_wconf 88' lang='lat' dir='ltr'><strong>virtutibus</strong></span> <span class='ocrx_word' id='word_1_187' title='bbox 1044 2251 1159 2294; x_wconf 87' lang='lat' dir='ltr'><strong>quae·</strong></span> <span class='ocrx_word' id='word_1_188' title='bbox 1176 2253 1242 2300; x_wconf 85' lang='lat' dir='ltr'><strong>me</strong></span> <span class='ocrx_word' id='word_1_189' title='bbox 1262 2241 1352 2283; x_wconf 92' lang='lat' dir='ltr'><strong>Deo</strong></span> 
     </span>
     <span class='ocr_line' id='line_1_29' title="bbox 250 2300 1353 2369; baseline 0.002 -16"><span class='ocrx_word' id='word_1_190' title='bbox 250 2300 537 2365; x_wconf 79' lang='lat' dir='ltr'><strong>coniungere,</strong></span> <span class='ocrx_word' id='word_1_191' title='bbox 579 2314 623 2351; x_wconf 87' lang='lat' dir='ltr'><strong>et</strong></span> <span class='ocrx_word' id='word_1_192' title='bbox 662 2311 706 2351; x_wconf 92' lang='lat' dir='ltr'><strong>in</strong></span> <span class='ocrx_word' id='word_1_193' title='bbox 745 2310 837 2351; x_wconf 89' lang='lat' dir='ltr'><strong>eius</strong></span> <span class='ocrx_word' id='word_1_194' title='bbox 876 2310 1051 2369; x_wconf 86' lang='lat' dir='ltr'><strong>domum</strong></span> <span class='ocrx_word' id='word_1_195' title='bbox 1081 2310 1353 2355; x_wconf 79' lang='lat' dir='ltr'><strong>introducere</strong></span> 
     </span>
     <span class='ocr_line' id='line_1_30' title="bbox 252 2381 1354 2437; baseline 0.002 -13"><span class='ocrx_word' id='word_1_196' title='bbox 252 2385 408 2437; x_wconf 85' lang='lat' dir='ltr'><strong>queant</strong></span> <span class='ocrx_word' id='word_1_197' title='bbox 424 2395 436 2431; x_wconf 89' lang='grc'><strong>;</strong></span> <span class='ocrx_word' id='word_1_198' title='bbox 454 2381 528 2423; x_wconf 88' lang='lat' dir='ltr'><strong>sed</strong></span> <span class='ocrx_word' id='word_1_199' title='bbox 545 2385 684 2423; x_wconf 86' lang='lat' dir='ltr'><strong>tamen</strong></span> <span class='ocrx_word' id='word_1_200' title='bbox 701 2381 953 2436; x_wconf 85' lang='lat' dir='ltr'><strong>benignitati</strong></span> <span class='ocrx_word' id='word_1_201' title='bbox 969 2386 1067 2424; x_wconf 83' lang='lat' dir='ltr'><strong>tuae</strong></span> <span class='ocrx_word' id='word_1_202' title='bbox 1094 2382 1294 2437; x_wconf 87' lang='lat' dir='ltr'><strong>confido,</strong></span> <span class='ocrx_word' id='word_1_203' title='bbox 1311 2388 1354 2426; x_wconf 92' lang='lat' dir='ltr'><strong>et</strong></span> 
     </span>
     <span class='ocr_line' id='line_1_31' title="bbox 252 2453 1354 2509; baseline 0.003 -14"><span class='ocrx_word' id='word_1_204' title='bbox 252 2467 301 2495; x_wconf 90' lang='lat' dir='ltr'><strong>ea</strong></span> <span class='ocrx_word' id='word_1_205' title='bbox 324 2454 456 2495; x_wconf 84' lang='lat' dir='ltr'><strong>frctus</strong></span> <span class='ocrx_word' id='word_1_206' title='bbox 486 2453 716 2506; x_wconf 84' lang='lat' dir='ltr'><strong>ingrediar.</strong></span> <span class='ocrx_word' id='word_1_207' title='bbox 751 2454 897 2508; x_wconf 86' lang='lat' dir='ltr'><strong>Neque</strong></span> <span class='ocrx_word' id='word_1_208' title='bbox 930 2453 1130 2509; x_wconf 85' lang='lat' dir='ltr'><strong>deinceps</strong></span> <span class='ocrx_word' id='word_1_209' title='bbox 1162 2460 1354 2498; x_wconf 90' lang='lat' dir='ltr'><strong>contem-</strong></span> 
     </span>
     <span class='ocr_line' id='line_1_32' title="bbox 251 2523 1352 2579; baseline 0.004 -14"><span class='ocrx_word' id='word_1_210' title='bbox 251 2525 345 2578; x_wconf 85' lang='lat' dir='ltr'><strong>ptui</strong></span> <span class='ocrx_word' id='word_1_211' title='bbox 365 2526 444 2565; x_wconf 89' lang='lat' dir='ltr'><strong>erit</strong></span> <span class='ocrx_word' id='word_1_212' title='bbox 463 2523 579 2578; x_wconf 88' lang='lat' dir='ltr'><strong>apud</strong></span> <span class='ocrx_word' id='word_1_213' title='bbox 597 2536 665 2565; x_wconf 90' lang='lat' dir='ltr'><strong>me</strong></span> <span class='ocrx_word' id='word_1_214' title='bbox 678 2554 690 2576; x_wconf 95' lang='lat'><strong>,</strong></span> <span class='ocrx_word' id='word_1_215' title='bbox 710 2524 787 2578; x_wconf 89' lang='lat' dir='ltr'><strong>qui</strong></span> <span class='ocrx_word' id='word_1_216' title='bbox 806 2528 922 2566; x_wconf 79' lang='lat' dir='ltr'><strong>recte</strong></span> <span class='ocrx_word' id='word_1_217' title='bbox 942 2526 1076 2579; x_wconf 83' lang='lat' dir='ltr'><strong>egerit</strong></span> <span class='ocrx_word' id='word_1_218' title='bbox 1097 2526 1254 2569; x_wconf 87' lang='lat' dir='ltr'><strong>ducatu</strong></span> <span class='ocrx_word' id='word_1_219' title='bbox 1275 2531 1352 2569; x_wconf 87' lang='lat' dir='ltr'><strong>tuo</strong></span> 
     </span>
     <span class='ocr_line' id='line_1_33' title="bbox 253 2594 1354 2648; baseline 0.005 -13"><span class='ocrx_word' id='word_1_220' title='bbox 253 2607 302 2635; x_wconf 90' lang='lat' dir='ltr'><strong>ac</strong></span> <span class='ocrx_word' id='word_1_221' title='bbox 324 2607 402 2648; x_wconf 86' lang='lat' dir='ltr'><strong>pro</strong></span> <span class='ocrx_word' id='word_1_222' title='bbox 410 2594 606 2636; x_wconf 83' lang='lat' dir='ltr'><strong>videntia.</strong></span> <span class='ocrx_word' id='word_1_223' title='bbox 626 2596 797 2636; x_wconf 87' lang='lat' dir='ltr'><strong>Partem</strong></span> <span class='ocrx_word' id='word_1_224' title='bbox 817 2596 971 2637; x_wconf 91' lang='lat' dir='ltr'><strong>virium</strong></span> <span class='ocrx_word' id='word_1_225' title='bbox 987 2608 1177 2639; x_wconf 88' lang='lat' dir='ltr'><strong>mearum</strong></span> <span class='ocrx_word' id='word_1_226' title='bbox 1191 2598 1354 2640; x_wconf 89' lang='lat' dir='ltr'><strong>violen-</strong></span> 
     </span>
     <span class='ocr_line' id='line_1_34' title="bbox 252 2666 1353 2721; baseline 0.006 -16"><span class='ocrx_word' id='word_1_227' title='bbox 252 2666 407 2709; x_wconf 77' lang='lat' dir='ltr'><strong>tiorem</strong></span> <span class='ocrx_word' id='word_1_228' title='bbox 436 2666 693 2708; x_wconf 89' lang='lat' dir='ltr'><strong>subtrahunt</strong></span> <span class='ocrx_word' id='word_1_229' title='bbox 707 2699 719 2721; x_wconf 91' lang='lat'><strong>,</strong></span> <span class='ocrx_word' id='word_1_230' title='bbox 753 2679 831 2709; x_wconf 88' lang='lat' dir='ltr'><strong>eeu</strong></span> <span class='ocrx_word' id='word_1_231' title='bbox 853 2669 947 2710; x_wconf 66' lang='lat' dir='ltr'><strong>viae</strong></span> <span class='ocrx_word' id='word_1_232' title='bbox 968 2668 1186 2711; x_wconf 89' lang='lat' dir='ltr'><strong>cuiusdam</strong></span> <span class='ocrx_word' id='word_1_233' title='bbox 1207 2669 1353 2712; x_wconf 89' lang='lat' dir='ltr'><strong>obsta-</strong></span> 
     </span>
     <span class='ocr_line' id='line_1_35' title="bbox 254 2735 1355 2795; baseline 0.005 -18"><span class='ocrx_word' id='word_1_234' title='bbox 254 2736 417 2790; x_wconf 81' lang='lat' dir='ltr'><strong>cula3ut</strong></span> <span class='ocrx_word' id='word_1_235' title='bbox 429 2737 490 2778; x_wconf 90' lang='lat' dir='ltr'><strong>sic</strong></span> <span class='ocrx_word' id='word_1_236' title='bbox 502 2738 705 2780; x_wconf 87' lang='lat' dir='ltr'><strong>iustitiam</strong></span> <span class='ocrx_word' id='word_1_237' title='bbox 719 2750 866 2780; x_wconf 81' lang='lat' dir='ltr'><strong>veram</strong></span> <span class='ocrx_word' id='word_1_238' title='bbox 877 2742 1042 2792; x_wconf 89' lang='lat' dir='ltr'><strong>tenens,</strong></span> <span class='ocrx_word' id='word_1_239' title='bbox 1050 2735 1239 2782; x_wconf 85' lang='lat' dir='ltr'><strong>eiusdem</strong></span> <span class='ocrx_word' id='word_1_240' title='bbox 1251 2750 1355 2795; x_wconf 71' lang='lat' dir='ltr'><strong>quo:</strong></span> 
     </span>
     <span class='ocr_line' id='line_1_36' title="bbox 253 2806 1312 2862; baseline 0.005 -13"><span class='ocrx_word' id='word_1_241' title='bbox 253 2820 342 2862; x_wconf 87' lang='lat' dir='ltr'><strong>que</strong></span> <span class='ocrx_word' id='word_1_242' title='bbox 355 2806 652 2851; x_wconf 82' lang='lat' dir='ltr'><strong>fortitudinem</strong></span> <span class='ocrx_word' id='word_1_243' title='bbox 667 2807 847 2850; x_wconf 91' lang='lat' dir='ltr'><strong>habeam</strong></span> <span class='ocrx_word' id='word_1_244' title='bbox 866 2813 1017 2852; x_wconf 91' lang='lat' dir='ltr'><strong>contra</strong></span> <span class='ocrx_word' id='word_1_245' title='bbox 1031 2809 1312 2854; x_wconf 88' lang='lat' dir='ltr'><strong>adversarios.</strong></span> 
     </span>
     <span class='ocr_line' id='line_1_37' title="bbox 313 2879 1352 2938; baseline 0.005 -18"><span class='ocrx_word' id='word_1_246' title='bbox 313 2879 396 2932; x_wconf 88' lang='lat' dir='ltr'><strong>Qui</strong></span> <span class='ocrx_word' id='word_1_247' title='bbox 425 2879 506 2920; x_wconf 87' lang='lat' dir='ltr'><strong>sibi</strong></span> <span class='ocrx_word' id='word_1_248' title='bbox 535 2880 764 2934; x_wconf 87' lang='lat' dir='ltr'><strong>proposuit</strong></span> <span class='ocrx_word' id='word_1_249' title='bbox 803 2884 918 2922; x_wconf 90' lang='lat' dir='ltr'><strong>recte</strong></span> <span class='ocrx_word' id='word_1_250' title='bbox 947 2893 1093 2936; x_wconf 88' lang='lat' dir='ltr'><strong>sapere</strong></span> <span class='ocrx_word' id='word_1_251' title='bbox 1124 2887 1168 2935; x_wconf 80' lang='lat' dir='ltr'><strong>et</strong></span> <span class='ocrx_word' id='word_1_252' title='bbox 1196 2894 1323 2937; x_wconf 85' lang='lat' dir='ltr'><strong>agere</strong></span> <span class='ocrx_word' id='word_1_253' title='bbox 1339 2913 1352 2938; x_wconf 90' lang='lat'><strong>,</strong></span> 
     </span>
     <span class='ocr_line' id='line_1_38' title="bbox 252 2950 1356 3009; baseline 0.004 -16"><span class='ocrx_word' id='word_1_254' title='bbox 252 2951 411 2993; x_wconf 86' lang='lat' dir='ltr'><strong>multos</strong></span> <span class='ocrx_word' id='word_1_255' title='bbox 440 2951 659 3005; x_wconf 85' lang='lat' dir='ltr'><strong>experitur</strong></span> <span class='ocrx_word' id='word_1_256' title='bbox 688 2950 958 2994; x_wconf 86' lang='lat' dir='ltr'><strong>adversantes</strong></span> <span class='ocrx_word' id='word_1_257' title='bbox 998 2952 1193 2996; x_wconf 87' lang='lat' dir='ltr'><strong>homines</strong></span> <span class='ocrx_word' id='word_1_258' title='bbox 1225 2958 1356 3009; x_wconf 80' lang='lat' dir='ltr'><strong>atque</strong></span> 
     </span>
     <span class='ocr_line' id='line_1_39' title="bbox 254 3021 1357 3079; baseline 0.002 -14"><span class='ocrx_word' id='word_1_259' title='bbox 254 3023 506 3074; x_wconf 89' lang='lat' dir='ltr'><strong>daemones,</strong></span> <span class='ocrx_word' id='word_1_260' title='bbox 531 3021 827 3078; x_wconf 75' lang='lat' dir='ltr'><strong>emolumentis</strong></span> <span class='ocrx_word' id='word_1_261' title='bbox 849 3023 958 3076; x_wconf 85' lang='lat' dir='ltr'><strong>bene</strong></span> <span class='ocrx_word' id='word_1_262' title='bbox 979 3024 1188 3079; x_wconf 81' lang='lat' dir='ltr'><strong>agentium</strong></span> <span class='ocrx_word' id='word_1_263' title='bbox 1214 3024 1272 3067; x_wconf 91' lang='lat' dir='ltr'><strong>ob</strong></span> <span class='ocrx_word' id='word_1_264' title='bbox 1291 3026 1357 3067; x_wconf 90' lang='lat' dir='ltr'><strong>in-</strong></span> 
     </span>
     <span class='ocr_line' id='line_1_40' title="bbox 253 3082 1356 3150; baseline 0.004 -14"><span class='ocrx_word' id='word_1_265' title='bbox 253 3094 412 3137; x_wconf 88' lang='lat' dir='ltr'><strong>vidiam</strong></span> <span class='ocrx_word' id='word_1_266' title='bbox 441 3094 652 3149; x_wconf 70' lang='lat' dir='ltr'><strong>infensos:</strong></span> <span class='ocrx_word' id='word_1_267' title='bbox 678 3099 828 3146; x_wconf 83' lang='lat' dir='ltr'><strong>contra</strong></span> <span class='ocrx_word' id='word_1_268' title='bbox 855 3106 966 3150; x_wconf 88' lang='lat' dir='ltr'><strong>quos</strong></span> <span class='ocrx_word' id='word_1_269' title='bbox 987 3082 1032 3138; x_wconf 87' lang='lat' dir='ltr'><strong>se</strong></span> <span class='ocrx_word' id='word_1_270' title='bbox 1053 3095 1234 3139; x_wconf 84' lang='lat' dir='ltr'><strong>debilem</strong></span> <span class='ocrx_word' id='word_1_271' title='bbox 1257 3109 1356 3140; x_wconf 90' lang='lat' dir='ltr'><strong>sen-</strong></span> 
     </span>
     <span class='ocr_line' id='line_1_41' title="bbox 252 3164 1356 3222; baseline 0.002 -14"><span class='ocrx_word' id='word_1_272' title='bbox 252 3167 390 3219; x_wconf 91' lang='lat' dir='ltr'><strong>tiens,</strong></span> <span class='ocrx_word' id='word_1_273' title='bbox 415 3165 660 3207; x_wconf 85' lang='lat' dir='ltr'><strong>auxiliarem</strong></span> <span class='ocrx_word' id='word_1_274' title='bbox 679 3164 880 3219; x_wconf 86' lang='lat' dir='ltr'><strong>implorat</strong></span> <span class='ocrx_word' id='word_1_275' title='bbox 897 3167 1164 3210; x_wconf 62' lang='lat' dir='ltr'><strong>Deum—Iu</strong></span> <span class='ocrx_word' id='word_1_276' title='bbox 1191 3167 1356 3222; x_wconf 88' lang='lat' dir='ltr'><strong>aliquot</strong></span> 
     </span>
     <span class='ocr_line' id='line_1_42' title="bbox 254 3235 1350 3292; baseline 0.001 -12"><span class='ocrx_word' id='word_1_277' title='bbox 254 3235 567 3292; x_wconf 84' lang='lat' dir='ltr'><strong>exemplaribus</strong></span> <span class='ocrx_word' id='word_1_278' title='bbox 589 3235 811 3278; x_wconf 85' lang='lat' dir='ltr'><strong>scribitur:</strong></span> <span class='ocrx_word' id='word_1_279' title='bbox 830 3248 975 3280; x_wconf 85' lang='lat' dir='ltr'><strong>coram</strong></span> <span class='ocrx_word' id='word_1_280' title='bbox 995 3250 1064 3280; x_wconf 91' lang='lat' dir='ltr'><strong>me</strong></span> <span class='ocrx_word' id='word_1_281' title='bbox 1084 3238 1204 3280; x_wconf 80' lang='lat' dir='ltr'><strong>viam</strong></span> <span class='ocrx_word' id='word_1_282' title='bbox 1217 3243 1350 3281; x_wconf 88' lang='lat' dir='ltr'><strong>tuam.</strong></span> 
     </span>
     <span class='ocr_line' id='line_1_43' title="bbox 252 3303 1360 3362; baseline 0.001 -11"><span class='ocrx_word' id='word_1_283' title='bbox 252 3310 360 3351; x_wconf 85' lang='lat' dir='ltr'><strong>Nam</strong></span> <span class='ocrx_word' id='word_1_284' title='bbox 379 3308 415 3349; x_wconf 91' lang='lat' dir='ltr'><strong>si</strong></span> <span class='ocrx_word' id='word_1_285' title='bbox 437 3308 504 3348; x_wconf 83' lang='lat' dir='ltr'><strong>via</strong></span> <span class='ocrx_word' id='word_1_286' title='bbox 523 3311 670 3349; x_wconf 84' lang='lat' dir='ltr'><strong>nostra</strong></span> <span class='ocrx_word' id='word_1_287' title='bbox 684 3303 829 3349; x_wconf 81' lang='lat' dir='ltr'><strong>coram</strong></span> <span class='ocrx_word' id='word_1_288' title='bbox 845 3308 936 3350; x_wconf 87' lang='lat' dir='ltr'><strong>Deo</strong></span> <span class='ocrx_word' id='word_1_289' title='bbox 956 3313 1074 3350; x_wconf 90' lang='lat' dir='ltr'><strong>recta</strong></span> <span class='ocrx_word' id='word_1_290' title='bbox 1085 3309 1239 3362; x_wconf 86' lang='lat' dir='ltr'><strong>fuerit,</strong></span> <span class='ocrx_word' id='word_1_291' title='bbox 1257 3309 1360 3352; x_wconf 71' lang='lat' dir='ltr'><strong>nul-1</strong></span> 
     </span>
     <span class='ocr_line' id='line_1_44' title="bbox 252 3368 1357 3436; baseline 0.001 -14"><span class='ocrx_word' id='word_1_292' title='bbox 252 3380 343 3422; x_wconf 92' lang='lat' dir='ltr'><strong>lum</strong></span> <span class='ocrx_word' id='word_1_293' title='bbox 360 3379 628 3433; x_wconf 85' lang='lat' dir='ltr'><strong>experiemur</strong></span> <span class='ocrx_word' id='word_1_294' title='bbox 643 3390 848 3421; x_wconf 90' lang='lat' dir='ltr'><strong>errorem.</strong></span> <span class='ocrx_word' id='word_1_295' title='bbox 866 3379 918 3420; x_wconf 88' lang='lat' dir='ltr'><strong>Et</strong></span> <span class='ocrx_word' id='word_1_296' title='bbox 932 3379 968 3420; x_wconf 89' lang='lat' dir='ltr'><strong>si</strong></span> <span class='ocrx_word' id='word_1_297' title='bbox 984 3378 1051 3421; x_wconf 79' lang='lat' dir='ltr'><strong>via</strong></span> <span class='ocrx_word' id='word_1_298' title='bbox 1065 3368 1237 3422; x_wconf 85' lang='lat' dir='ltr'><strong>Domini</strong></span> <span class='ocrx_word' id='word_1_299' title='bbox 1254 3392 1357 3436; x_wconf 88' lang='lat' dir='ltr'><strong>prae</strong></span> 
     </span>
     <span class='ocr_line' id='line_1_45' title="bbox 255 3444 1358 3504; baseline 0.001 -12"><span class='ocrx_word' id='word_1_300' title='bbox 255 3444 390 3492; x_wconf 82' lang='lat' dir='ltr'><strong>oculis‘</strong></span> <span class='ocrx_word' id='word_1_301' title='bbox 409 3449 535 3491; x_wconf 90' lang='lat' dir='ltr'><strong>nobis</strong></span> <span class='ocrx_word' id='word_1_302' title='bbox 549 3449 679 3491; x_wconf 80' lang='lat' dir='ltr'><strong>fuerit</strong></span> <span class='ocrx_word' id='word_1_303' title='bbox 693 3479 705 3502; x_wconf 91' lang='lat'><strong>,</strong></span> <span class='ocrx_word' id='word_1_304' title='bbox 727 3461 807 3504; x_wconf 89' lang='lat' dir='ltr'><strong>per</strong></span> <span class='ocrx_word' id='word_1_305' title='bbox 823 3460 914 3491; x_wconf 89' lang='lat' dir='ltr'><strong>eam</strong></span> <span class='ocrx_word' id='word_1_306' title='bbox 935 3448 1181 3492; x_wconf 89' lang='lat' dir='ltr'><strong>incedemus</strong></span> <span class='ocrx_word' id='word_1_307' title='bbox 1204 3450 1358 3493; x_wconf 72' lang='lat' dir='ltr'><strong>alacri-</strong></span> 
     </span>
     <span class='ocr_line' id='line_1_46' title="bbox 254 3518 1358 3576; baseline 0 -13"><span class='ocrx_word' id='word_1_308' title='bbox 254 3525 336 3563; x_wconf 90' lang='lat' dir='ltr'><strong>ter.</strong></span> <span class='ocrx_word' id='word_1_309' title='bbox 370 3522 426 3562; x_wconf 83' lang='lat' dir='ltr'><strong>At</strong></span> <span class='ocrx_word' id='word_1_310' title='bbox 456 3519 733 3575; x_wconf 78' lang='lat' dir='ltr'><strong>Symmachus</strong></span> <span class='ocrx_word' id='word_1_311' title='bbox 753 3531 835 3575; x_wconf 90' lang='lat' dir='ltr'><strong>pro</strong></span> <span class='ocrx_word' id='word_1_312' title='bbox 859 3518 996 3574; x_wconf 84' lang='lat' dir='ltr'><strong>dirige</strong></span> <span class='ocrx_word' id='word_1_313' title='bbox 1012 3550 1025 3573; x_wconf 96' lang='lat'><strong>,</strong></span> <span class='ocrx_word' id='word_1_314' title='bbox 1045 3520 1272 3576; x_wconf 87' lang='lat' dir='ltr'><strong>complana</strong></span> <span class='ocrx_word' id='word_1_315' title='bbox 1289 3521 1358 3563; x_wconf 90' lang='lat' dir='ltr'><strong>iu-</strong></span> 
     </span>
     <span class='ocr_line' id='line_1_47' title="bbox 255 3589 1354 3647; baseline 0.001 -13"><span class='ocrx_word' id='word_1_316' title='bbox 255 3591 378 3647; x_wconf 82' lang='lat' dir='ltr'><strong>quit3</strong></span> <span class='ocrx_word' id='word_1_317' title='bbox 402 3592 520 3634; x_wconf 87' lang='lat' dir='ltr'><strong>iuxta</strong></span> <span class='ocrx_word' id='word_1_318' title='bbox 539 3591 703 3633; x_wconf 88' lang='lat' dir='ltr'><strong>Esaiam</strong></span> <span class='ocrx_word' id='word_1_319' title='bbox 720 3590 965 3633; x_wconf 80' lang='lat' dir='ltr'><strong>dicentem:</strong></span> <span class='ocrx_word' id='word_1_320' title='bbox 990 3589 1095 3633; x_wconf 87' lang='lat' dir='ltr'><strong>fient</strong></span> <span class='ocrx_word' id='word_1_321' title='bbox 1119 3589 1296 3647; x_wconf 87' lang='lat' dir='ltr'><strong>obliqua</strong></span> <span class='ocrx_word' id='word_1_322' title='bbox 1311 3591 1354 3635; x_wconf 91' lang='lat' dir='ltr'><strong>in</strong></span> 
     </span>
     <span class='ocr_line' id='line_1_48' title="bbox 255 3653 1358 3720; baseline 0.001 -14"><span class='ocrx_word' id='word_1_323' title='bbox 255 3667 417 3715; x_wconf 83' lang='lat' dir='ltr'><strong>rectam</strong></span> <span class='ocrx_word' id='word_1_324' title='bbox 433 3695 444 3716; x_wconf 96' lang='lat'><strong>,</strong></span> <span class='ocrx_word' id='word_1_325' title='bbox 478 3653 691 3718; x_wconf 76' lang='lat' dir='ltr'><strong>e&#39;t‘aspera</strong></span> <span class='ocrx_word' id='word_1_326' title='bbox 711 3663 755 3705; x_wconf 89' lang='lat' dir='ltr'><strong>iu</strong></span> <span class='ocrx_word' id='word_1_327' title='bbox 772 3663 866 3706; x_wconf 82' lang='lat' dir='ltr'><strong>vias</strong></span> <span class='ocrx_word' id='word_1_328' title='bbox 885 3663 1044 3719; x_wconf 77' lang='lat' dir='ltr'><strong>planas-</strong></span> <span class='ocrx_word' id='word_1_329' title='bbox 1070 3663 1120 3706; x_wconf 86' lang='lat' dir='ltr'><strong>In</strong></span> <span class='ocrx_word' id='word_1_330' title='bbox 1141 3663 1224 3706; x_wconf 88' lang='lat' dir='ltr'><strong>alio</strong></span> <span class='ocrx_word' id='word_1_331' title='bbox 1244 3658 1358 3720; x_wconf 74' lang='lat' dir='ltr'><strong>qub—</strong></span> 
     </span>
     <span class='ocr_line' id='line_1_49' title="bbox 256 3734 1358 3790; baseline 0.002 -14"><span class='ocrx_word' id='word_1_332' title='bbox 256 3746 342 3789; x_wconf 91' lang='lat' dir='ltr'><strong>que</strong></span> <span class='ocrx_word' id='word_1_333' title='bbox 360 3734 526 3790; x_wconf 84' lang='lat' dir='ltr'><strong>psalmo</strong></span> <span class='ocrx_word' id='word_1_334' title='bbox 550 3734 822 3777; x_wconf 88' lang='lat' dir='ltr'><strong>dictum-est:</strong></span> <span class='ocrx_word' id='word_1_335' title='bbox 844 3746 868 3777; x_wconf 87' lang='lat' dir='ltr'><strong>a</strong></span> <span class='ocrx_word' id='word_1_336' title='bbox 886 3736 1072 3777; x_wconf 86' lang='lat' dir='ltr'><strong>Domino</strong></span> <span class='ocrx_word' id='word_1_337' title='bbox 1093 3746 1261 3790; x_wconf 87' lang='lat' dir='ltr'><strong>gressus</strong></span> <span class='ocrx_word' id='word_1_338' title='bbox 1278 3735 1358 3778; x_wconf 90' lang='lat' dir='ltr'><strong>ho-</strong></span> 
     </span>
     <span class='ocr_line' id='line_1_50' title="bbox 257 3805 1359 3862; baseline 0.002 -14"><span class='ocrx_word' id='word_1_339' title='bbox 257 3807 380 3849; x_wconf 85' lang='lat' dir='ltr'><strong>minis</strong></span> <span class='ocrx_word' id='word_1_340' title='bbox 400 3806 657 3861; x_wconf 86' lang='lat' dir='ltr'><strong>diriguntur.</strong></span> <span class='ocrx_word' id='word_1_341' title='bbox 683 3807 911 3862; x_wconf 89' lang='lat' dir='ltr'><strong>Ceteroqui</strong></span> <span class='ocrx_word' id='word_1_342' title='bbox 939 3819 1038 3849; x_wconf 92' lang='lat' dir='ltr'><strong>cum</strong></span> <span class='ocrx_word' id='word_1_343' title='bbox 1065 3805 1248 3850; x_wconf 81' lang='lat' dir='ltr'><strong>demisso</strong></span> <span class='ocrx_word' id='word_1_344' title='bbox 1269 3808 1359 3850; x_wconf 82' lang='lat' dir='ltr'><strong>ani-</strong></span> 
     </span>
    </p>
   </div>
   <div class='ocr_carea' id='block_1_3' title="bbox 257 3877 1405 3937">
    <p class='ocr_par' dir='ltr' id='par_1_3' title="bbox 257 3877 1405 3937">
     <span class='ocr_line' id='line_1_51' title="bbox 257 3877 1405 3937; baseline 0.005 -18"><span class='ocrx_word' id='word_1_345' title='bbox 257 3887 328 3924; x_wconf 86' lang='lat' dir='ltr'><strong>mo</strong></span> <span class='ocrx_word' id='word_1_346' title='bbox 361 3877 475 3933; x_wconf 74' lang='lat' dir='ltr'><strong>baud</strong></span> <span class='ocrx_word' id='word_1_347' title='bbox 508 3878 696 3933; x_wconf 82' lang='lat' dir='ltr'><strong>postulat</strong></span> <span class='ocrx_word' id='word_1_348' title='bbox 725 3879 911 3926; x_wconf 84' lang='lat' dir='ltr'><strong>iustitiae</strong></span> <span class='ocrx_word' id='word_1_349' title='bbox 940 3890 1041 3935; x_wconf 79' lang='lat' dir='ltr'><strong>suae</strong></span> <span class='ocrx_word' id='word_1_350' title='bbox 1065 3883 1219 3937; x_wconf 78' lang='lat' dir='ltr'><strong>causa,</strong></span> <span class='ocrx_word' id='word_1_351' title='bbox 1244 3888 1356 3935; x_wconf 85' lang='lat' dir='ltr'><strong>quae</strong></span> <span class='ocrx_word' id='word_1_352' title='bbox 1402 3926 1405 3927; x_wconf 12' lang='grc' dir='ltr'>ς</span> 
     </span>
    </p>
   </div>
   <div class='ocr_carea' id='block_1_4' title="bbox 1265 295 1553 326">
    <p class='ocr_par' dir='ltr' id='par_1_4' title="bbox 1265 295 1553 326">
     <span class='ocr_line' id='line_1_52' title="bbox 1265 295 1553 326; baseline -0.007 0"><span class='ocrx_word' id='word_1_353' title='bbox 1265 295 1472 326; x_wconf 74' lang='lat' dir='ltr'><strong>PSALMUM</strong></span> <span class='ocrx_word' id='word_1_354' title='bbox 1509 295 1553 324; x_wconf 75' lang='lat' dir='ltr'><strong>V.</strong></span> 
     </span>
    </p>
   </div>
   <div class='ocr_carea' id='block_1_5' title="bbox 2436 282 2531 330">
    <p class='ocr_par' dir='ltr' id='par_1_5' title="bbox 2436 282 2531 330">
     <span class='ocr_line' id='line_1_53' title="bbox 2436 282 2531 330; baseline 0.021 -2"><span class='ocrx_word' id='word_1_355' title='bbox 2436 282 2531 330; x_wconf 84' lang='lat'><strong>139</strong></span> 
     </span>
    </p>
   </div>
   <div class='ocr_carea' id='block_1_6' title="bbox 1410 376 2535 465">
    <p class='ocr_par' dir='ltr' id='par_1_6' title="bbox 1410 376 2535 465">
     <span class='ocr_line' id='line_1_54' title="bbox 1410 376 2535 465; baseline 0.005 -39"><span class='ocrx_word' id='word_1_356' title='bbox 1410 380 1534 433; x_wconf 70' lang='grc' dir='ltr'>Οὕτως</span> <span class='ocrx_word' id='word_1_357' title='bbox 1555 380 1600 427; x_wconf 72' lang='grc' dir='ltr'><strong>Οὐ</strong></span> <span class='ocrx_word' id='word_1_358' title='bbox 1615 376 1854 465; x_wconf 53' lang='lat' dir='ltr'><strong>,Raeoe&#39;stoeg‘</strong></span> <span class='ocrx_word' id='word_1_359' title='bbox 1837 403 1855 428; x_wconf 90' lang='lat' dir='ltr'><em>O</em></span> <span class='ocrx_word' id='word_1_360' title='bbox 1883 379 2030 446; x_wconf 71' lang='grc' dir='ltr'><em>ἐκχεων</em></span> <span class='ocrx_word' id='word_1_361' title='bbox 2056 379 2192 445; x_wconf 68' lang='grc' dir='ltr'><strong>αἱμα,</strong></span> <span class='ocrx_word' id='word_1_362' title='bbox 2219 404 2322 449; x_wconf 66' lang='grc' dir='ltr'><strong>ανηρ</strong></span> <span class='ocrx_word' id='word_1_363' title='bbox 2346 405 2535 447; x_wconf 68' lang='grc' dir='ltr'><strong>αἰματων</strong></span> 
     </span>
    </p>
   </div>
   <div class='ocr_carea' id='block_1_7' title="bbox 1418 447 2531 545">
    <p class='ocr_par' dir='ltr' id='par_1_7' title="bbox 1418 447 2531 545">
     <span class='ocr_line' id='line_1_55' title="bbox 1418 447 2531 545; baseline 0.006 -48"><span class='ocrx_word' id='word_1_364' title='bbox 1418 447 1549 498; x_wconf 77' lang='grc' dir='ltr'><em>ἐστίν·</em></span> <span class='ocrx_word' id='word_1_365' title='bbox 1584 450 1628 498; x_wconf 79' lang='grc' dir='ltr'><strong>εὖ</strong></span> <span class='ocrx_word' id='word_1_366' title='bbox 1659 471 1736 515; x_wconf 76' lang='grc' dir='ltr'><em>γαρ</em></span> <span class='ocrx_word' id='word_1_367' title='bbox 1761 448 1851 514; x_wconf 75' lang='grc' dir='ltr'><strong>λέγε</strong></span> <span class='ocrx_word' id='word_1_368' title='bbox 1835 473 1924 514; x_wconf 85' lang='grc' dir='ltr'><strong>μεν</strong></span> <span class='ocrx_word' id='word_1_369' title='bbox 1958 451 2098 519; x_wconf 79' lang='grc' dir='ltr'>φονέας</span> <span class='ocrx_word' id='word_1_370' title='bbox 2123 475 2148 504; x_wconf 83' lang='grc' dir='ltr'><strong>-η</strong></span> <span class='ocrx_word' id='word_1_371' title='bbox 2173 451 2354 517; x_wconf 76' lang='grc' dir='ltr'><em>αἷματων</em></span> <span class='ocrx_word' id='word_1_372' title='bbox 2378 455 2531 545; x_wconf 71' lang='grc' dir='ltr'><em>ἀνδρας</em></span> 
     </span>
    </p>
   </div>
   <div class='ocr_carea' id='block_1_8' title="bbox 1411 517 2533 1580">
    <p class='ocr_par' dir='ltr' id='par_1_8' title="bbox 1411 517 2531 724">
     <span class='ocr_line' id='line_1_56' title="bbox 1423 517 2530 585; baseline 0.005 -17"><span class='ocrx_word' id='word_1_373' title='bbox 1423 517 2185 585; x_wconf 67' lang='grc' dir='ltr'><em>τυ,νατανυνθεινατέκτεινν</em></span> <span class='ocrx_word' id='word_1_374' title='bbox 2193 546 2242 578; x_wconf 88' lang='grc' dir='ltr'><strong>ας</strong></span> <span class='ocrx_word' id='word_1_375' title='bbox 2275 545 2364 579; x_wconf 79' lang='grc' dir='ltr'><em>τενς</em></span> <span class='ocrx_word' id='word_1_376' title='bbox 2399 528 2446 581; x_wconf 81' lang='grc' dir='ltr'><strong>οἷς</strong></span> <span class='ocrx_word' id='word_1_377' title='bbox 2453 549 2530 580; x_wconf 75' lang='grc' dir='ltr'><strong>ιεςυ</strong></span> 
     </span>
     <span class='ocr_line' id='line_1_57' title="bbox 1422 590 2531 658; baseline 0.005 -19"><span class='ocrx_word' id='word_1_378' title='bbox 1422 593 1578 639; x_wconf 57' lang='grc' dir='ltr'><em>παθεῖν</em></span> <span class='ocrx_word' id='word_1_379' title='bbox 1611 593 1738 641; x_wconf 75' lang='grc' dir='ltr'><em>τεῧτε·</em></span> <span class='ocrx_word' id='word_1_380' title='bbox 1756 590 1856 641; x_wconf 59' lang='grc' dir='ltr'><strong>ἐπει</strong></span> <span class='ocrx_word' id='word_1_381' title='bbox 1892 594 1973 658; x_wconf 84' lang='grc' dir='ltr'><em>ὥρα</em></span> <span class='ocrx_word' id='word_1_382' title='bbox 2011 591 2139 657; x_wconf 73' lang='grc' dir='ltr'><em>λέγείν</em></span> <span class='ocrx_word' id='word_1_383' title='bbox 2178 617 2221 643; x_wconf 82' lang='grc' dir='ltr'><strong>τΓ</strong></span> <span class='ocrx_word' id='word_1_384' title='bbox 2204 616 2292 642; x_wconf 66' lang='lat' dir='ltr'><strong>:uto</strong></span> <span class='ocrx_word' id='word_1_385' title='bbox 2338 595 2531 658; x_wconf 77' lang='grc' dir='ltr'>Σαμιυηλ</span> 
     </span>
     <span class='ocr_line' id='line_1_58' title="bbox 1411 657 2530 724; baseline 0.008 -17"><span class='ocrx_word' id='word_1_386' title='bbox 1411 657 1487 715; x_wconf 52' lang='grc' dir='ltr'><strong>,κὰι</strong></span> <span class='ocrx_word' id='word_1_387' title='bbox 1526 659 1702 720; x_wconf 79' lang='grc' dir='ltr'><em>Ηλῖαν,</em></span> <span class='ocrx_word' id='word_1_388' title='bbox 1740 685 1774 710; x_wconf 75' lang='grc' dir='ltr'><strong>οι</strong></span> <span class='ocrx_word' id='word_1_389' title='bbox 1813 662 1871 711; x_wconf 81' lang='grc' dir='ltr'><strong>ἐπ</strong></span> <span class='ocrx_word' id='word_1_390' title='bbox 1904 662 2085 724; x_wconf 74' lang='grc' dir='ltr'><em>εύσεβεια</em></span> <span class='ocrx_word' id='word_1_391' title='bbox 2123 662 2264 714; x_wconf 79' lang='grc' dir='ltr'><strong>πελλε</strong></span> <span class='ocrx_word' id='word_1_392' title='bbox 2228 687 2290 718; x_wconf 81' lang='grc' dir='ltr'><strong>Γυς</strong></span> <span class='ocrx_word' id='word_1_393' title='bbox 2338 667 2530 716; x_wconf 76' lang='grc' dir='ltr'><em>ἔκτειναν.</em></span> 
     </span>
    </p>

    <p class='ocr_par' dir='ltr' id='par_1_9' title="bbox 1422 730 2532 1579">
     <span class='ocr_line' id='line_1_59' title="bbox 1493 730 2527 821; baseline 0.007 -42"><span class='ocrx_word' id='word_1_394' title='bbox 1493 733 1584 779; x_wconf 90' lang='grc' dir='ltr'><em>Των</em></span> <span class='ocrx_word' id='word_1_395' title='bbox 1621 753 1800 798; x_wconf 74' lang='grc' dir='ltr'><em>πενηρευε</em></span> <span class='ocrx_word' id='word_1_396' title='bbox 1785 730 1926 794; x_wconf 84' lang='grc' dir='ltr'><em>με’νων</em></span> <span class='ocrx_word' id='word_1_397' title='bbox 1958 756 2025 782; x_wconf 84' lang='grc' dir='ltr'><strong>και</strong></span> <span class='ocrx_word' id='word_1_398' title='bbox 2059 733 2304 821; x_wconf 72' lang='grc' dir='ltr'><em>παρανὲμων</em></span> <span class='ocrx_word' id='word_1_399' title='bbox 2327 740 2368 785; x_wconf 76' lang='grc' dir='ltr'><strong>εὖ</strong></span> <span class='ocrx_word' id='word_1_400' title='bbox 2392 760 2527 803; x_wconf 82' lang='grc' dir='ltr'><em>παρει-</em></span> 
     </span>
     <span class='ocr_line' id='line_1_60' title="bbox 1422 801 2530 875; baseline 0.009 -27"><span class='ocrx_word' id='word_1_401' title='bbox 1422 821 1589 851; x_wconf 83' lang='grc' dir='ltr'><em>κουντων</em></span> <span class='ocrx_word' id='word_1_402' title='bbox 1615 825 1699 862; x_wconf 80' lang='grc' dir='ltr'><em>σοι,</em></span> <span class='ocrx_word' id='word_1_403' title='bbox 1734 801 1821 852; x_wconf 79' lang='grc' dir='ltr'><strong>εὐόὲ</strong></span> <span class='ocrx_word' id='word_1_404' title='bbox 1855 803 2167 867; x_wconf 65' lang='grc' dir='ltr'><em>διαμενόντων</em></span> <span class='ocrx_word' id='word_1_405' title='bbox 2150 827 2222 853; x_wconf 81' lang='grc' dir='ltr'><strong>υπο</strong></span> <span class='ocrx_word' id='word_1_406' title='bbox 2258 828 2331 857; x_wconf 70' lang='grc' dir='ltr'><em>την</em></span> <span class='ocrx_word' id='word_1_407' title='bbox 2365 808 2530 875; x_wconf 70' lang='grc' dir='ltr'><em>θεωριαν</em></span> 
     </span>
     <span class='ocr_line' id='line_1_61' title="bbox 1423 871 2531 949; baseline 0.008 -30"><span class='ocrx_word' id='word_1_408' title='bbox 1423 893 1526 931; x_wconf 71' lang='grc' dir='ltr'><strong>σου,</strong></span> <span class='ocrx_word' id='word_1_409' title='bbox 1544 871 1643 949; x_wconf 72' lang='grc' dir='ltr'><strong>ἐγω</strong></span> <span class='ocrx_word' id='word_1_410' title='bbox 1677 896 1794 942; x_wconf 78' lang='grc' dir='ltr'><em>φησιν</em></span> <span class='ocrx_word' id='word_1_411' title='bbox 1840 871 1939 938; x_wconf 83' lang='grc' dir='ltr'><strong>ἐλεῳ</strong></span> <span class='ocrx_word' id='word_1_412' title='bbox 1976 879 2030 938; x_wconf 73' lang='grc' dir='ltr'><strong>τῷ</strong></span> <span class='ocrx_word' id='word_1_413' title='bbox 2069 879 2126 939; x_wconf 81' lang='grc' dir='ltr'><em>σῷ</em></span> <span class='ocrx_word' id='word_1_414' title='bbox 2162 897 2241 925; x_wconf 82' lang='grc' dir='ltr'><em>εισε</em></span> <span class='ocrx_word' id='word_1_415' title='bbox 2246 874 2362 926; x_wconf 67' lang='lat' dir='ltr'><strong>&gt;evo-2</strong></span> <span class='ocrx_word' id='word_1_416' title='bbox 2347 902 2436 941; x_wconf 85' lang='grc' dir='ltr'><strong>μαι</strong></span> <span class='ocrx_word' id='word_1_417' title='bbox 2475 883 2531 934; x_wconf 87' lang='grc' dir='ltr'><strong>εἰς</strong></span> 
     </span>
     <span class='ocr_line' id='line_1_62' title="bbox 1423 938 2530 1013; baseline 0.005 -21"><span class='ocrx_word' id='word_1_418' title='bbox 1423 938 1491 992; x_wconf 56' lang='grc' dir='ltr'><strong>τᾶν</strong></span> <span class='ocrx_word' id='word_1_419' title='bbox 1527 942 1636 992; x_wconf 66' lang='grc' dir='ltr'><em>οικὸν</em></span> <span class='ocrx_word' id='word_1_420' title='bbox 1673 968 1719 995; x_wconf 69' lang='grc' dir='ltr'><strong>σε</strong></span> <span class='ocrx_word' id='word_1_421' title='bbox 1722 966 1758 993; x_wconf 80' lang='grc' dir='ltr'><strong>υ·</strong></span> <span class='ocrx_word' id='word_1_422' title='bbox 1797 947 1897 994; x_wconf 75' lang='grc' dir='ltr'><em>οὕτω</em></span> <span class='ocrx_word' id='word_1_423' title='bbox 1932 967 2008 1012; x_wconf 72' lang='grc' dir='ltr'><strong>γαρ</strong></span> <span class='ocrx_word' id='word_1_424' title='bbox 2043 970 2106 994; x_wconf 86' lang='grc' dir='ltr'><strong>και</strong></span> <span class='ocrx_word' id='word_1_425' title='bbox 2146 944 2272 1011; x_wconf 77' lang='grc' dir='ltr'><em>λεγειν</em></span> <span class='ocrx_word' id='word_1_426' title='bbox 2311 947 2530 1013; x_wconf 78' lang='grc' dir='ltr'><em>ὂυνησσμαι</em></span> 
     </span>
     <span class='ocr_line' id='line_1_63' title="bbox 1424 1013 2528 1084; baseline 0.006 -22"><span class='ocrx_word' id='word_1_427' title='bbox 1424 1035 1468 1068; x_wconf 75' lang='grc' dir='ltr'><strong>το</strong></span> <span class='ocrx_word' id='word_1_428' title='bbox 1492 1049 1506 1074; x_wconf 88' lang='grc'><strong><em>,</em></strong></span> <span class='ocrx_word' id='word_1_429' title='bbox 1540 1013 1640 1081; x_wconf 80' lang='grc' dir='ltr'><em>πρωὶ</em></span> <span class='ocrx_word' id='word_1_430' title='bbox 1670 1013 1908 1084; x_wconf 73' lang='grc' dir='ltr'><em>παραστῆσε</em></span> <span class='ocrx_word' id='word_1_431' title='bbox 1910 1014 1986 1079; x_wconf 78' lang='grc' dir='ltr'><strong><em>μαῖ</em></strong></span> <span class='ocrx_word' id='word_1_432' title='bbox 2020 1039 2078 1065; x_wconf 81' lang='grc' dir='ltr'><strong>σει</strong></span> <span class='ocrx_word' id='word_1_433' title='bbox 2111 1038 2179 1064; x_wconf 83' lang='grc' dir='ltr'><strong>και</strong></span> <span class='ocrx_word' id='word_1_434' title='bbox 2215 1015 2340 1081; x_wconf 54' lang='grc' dir='ltr'><strong>ἐτι-,ἕψε</strong></span> <span class='ocrx_word' id='word_1_435' title='bbox 2324 1041 2436 1081; x_wconf 37' lang='grc' dir='ltr'>Μμαι</span> <span class='ocrx_word' id='word_1_436' title='bbox 2465 1044 2528 1069; x_wconf 74' lang='grc' dir='ltr'><strong>και</strong></span> 
     </span>
     <span class='ocr_line' id='line_1_64' title="bbox 1423 1083 2532 1173; baseline 0.005 -41"><span class='ocrx_word' id='word_1_437' title='bbox 1423 1087 1476 1139; x_wconf 77' lang='grc' dir='ltr'><strong>ὦς</strong></span> <span class='ocrx_word' id='word_1_438' title='bbox 1506 1083 1717 1149; x_wconf 73' lang='grc' dir='ltr'><strong>ἠλεημένος</strong></span> <span class='ocrx_word' id='word_1_439' title='bbox 1750 1108 1820 1137; x_wconf 86' lang='grc' dir='ltr'><em>συν</em></span> <span class='ocrx_word' id='word_1_440' title='bbox 1852 1086 2043 1148; x_wconf 69' lang='grc' dir='ltr'><strong>εὐλαβείᾳ</strong></span> <span class='ocrx_word' id='word_1_441' title='bbox 2069 1094 2323 1173; x_wconf 66' lang='grc' dir='ltr'><em>προσκυνήσω</em></span> <span class='ocrx_word' id='word_1_442' title='bbox 2348 1111 2394 1137; x_wconf 88' lang='grc' dir='ltr'><strong>σε</strong></span> <span class='ocrx_word' id='word_1_443' title='bbox 2418 1090 2532 1140; x_wconf 69' lang='grc' dir='ltr'><em>πνεύ-</em></span> 
     </span>
     <span class='ocr_line' id='line_1_65' title="bbox 1423 1157 2531 1226; baseline 0.005 -23"><span class='ocrx_word' id='word_1_444' title='bbox 1423 1177 1523 1218; x_wconf 79' lang='grc' dir='ltr'><strong>ματι</strong></span> <span class='ocrx_word' id='word_1_445' title='bbox 1554 1179 1620 1204; x_wconf 80' lang='grc' dir='ltr'><strong>και</strong></span> <span class='ocrx_word' id='word_1_446' title='bbox 1659 1158 1852 1221; x_wconf 65' lang='grc' dir='ltr'><strong>ἀληὲειᾳ·</strong></span> <span class='ocrx_word' id='word_1_447' title='bbox 1885 1162 1910 1212; x_wconf 77' lang='grc' dir='ltr'>ἦ</span> <span class='ocrx_word' id='word_1_448' title='bbox 1943 1157 1986 1206; x_wconf 72' lang='grc' dir='ltr'><strong>δὲ</strong></span> <span class='ocrx_word' id='word_1_449' title='bbox 2017 1159 2104 1207; x_wconf 77' lang='grc' dir='ltr'><em>κατ’</em></span> <span class='ocrx_word' id='word_1_450' title='bbox 2141 1157 2283 1226; x_wconf 79' lang='grc' dir='ltr'><em>ἀρετην</em></span> <span class='ocrx_word' id='word_1_451' title='bbox 2320 1181 2531 1211; x_wconf 78' lang='grc' dir='ltr'><em>καταστα-</em></span> 
     </span>
     <span class='ocr_line' id='line_1_66' title="bbox 1426 1227 2530 1319; baseline 0.005 -45"><span class='ocrx_word' id='word_1_452' title='bbox 1426 1249 1513 1286; x_wconf 85' lang='grc' dir='ltr'><strong>σις,</strong></span> <span class='ocrx_word' id='word_1_453' title='bbox 1547 1227 1638 1282; x_wconf 79' lang='grc' dir='ltr'><em>ναός</em></span> <span class='ocrx_word' id='word_1_454' title='bbox 1672 1230 1732 1285; x_wconf 81' lang='grc' dir='ltr'><strong>ἑςι</strong></span> <span class='ocrx_word' id='word_1_455' title='bbox 1765 1234 1863 1279; x_wconf 65' lang='lat' dir='ltr'><strong>&amp;es</strong></span> <span class='ocrx_word' id='word_1_456' title='bbox 1822 1253 1889 1289; x_wconf 85' lang='grc' dir='ltr'><strong>Γυ,</strong></span> <span class='ocrx_word' id='word_1_457' title='bbox 1922 1251 1970 1282; x_wconf 81' lang='grc' dir='ltr'><em>ην</em></span> <span class='ocrx_word' id='word_1_458' title='bbox 2002 1229 2035 1277; x_wconf 75' lang='grc' dir='ltr'><strong>εἶ</strong></span> <span class='ocrx_word' id='word_1_459' title='bbox 2071 1229 2141 1292; x_wconf 74' lang='grc' dir='ltr'><strong>ἔχε</strong></span> <span class='ocrx_word' id='word_1_460' title='bbox 2127 1252 2254 1286; x_wconf 74' lang='grc' dir='ltr'><em>ντες,</em></span> <span class='ocrx_word' id='word_1_461' title='bbox 2289 1252 2365 1292; x_wconf 77' lang='grc' dir='ltr'><strong>μετ</strong></span> <span class='ocrx_word' id='word_1_462' title='bbox 2370 1253 2395 1276; x_wconf 84' lang='grc' dir='ltr'><em>α</em></span> <span class='ocrx_word' id='word_1_463' title='bbox 2403 1254 2530 1319; x_wconf 83' lang='grc' dir='ltr'><em>παρ-</em></span> 
     </span>
     <span class='ocr_line' id='line_1_67' title="bbox 1423 1294 2533 1366; baseline 0 -17"><span class='ocrx_word' id='word_1_464' title='bbox 1423 1294 1568 1363; x_wconf 74' lang='grc' dir='ltr'>ῥησιᾳς</span> <span class='ocrx_word' id='word_1_465' title='bbox 1605 1320 1717 1366; x_wconf 70' lang='grc' dir='ltr'>φασι·</span> <span class='ocrx_word' id='word_1_466' title='bbox 1757 1299 1935 1365; x_wconf 73' lang='grc' dir='ltr'><em>Χριστος</em></span> <span class='ocrx_word' id='word_1_467' title='bbox 1974 1298 2016 1350; x_wconf 76' lang='grc' dir='ltr'><strong>δε</strong></span> <span class='ocrx_word' id='word_1_468' title='bbox 2055 1323 2105 1355; x_wconf 86' lang='grc' dir='ltr'><strong>ως</strong></span> <span class='ocrx_word' id='word_1_469' title='bbox 2143 1298 2228 1355; x_wconf 80' lang='grc' dir='ltr'>υἷος</span> <span class='ocrx_word' id='word_1_470' title='bbox 2261 1299 2331 1349; x_wconf 77' lang='grc' dir='ltr'><strong>ἐωι</strong></span> <span class='ocrx_word' id='word_1_471' title='bbox 2372 1325 2413 1351; x_wconf 71' lang='grc' dir='ltr'><strong>τι·</strong></span> <span class='ocrx_word' id='word_1_472' title='bbox 2419 1324 2438 1348; x_wconf 89' lang='grc' dir='ltr'><em>ν</em></span> <span class='ocrx_word' id='word_1_473' title='bbox 2477 1326 2533 1350; x_wconf 82' lang='grc' dir='ltr'><strong>ει-</strong></span> 
     </span>
     <span class='ocr_line' id='line_1_68' title="bbox 1423 1370 2533 1434; baseline 0.006 -20.006"><span class='ocrx_word' id='word_1_474' title='bbox 1423 1388 1486 1415; x_wconf 76' lang='grc' dir='ltr'><em>κεν</em></span> <span class='ocrx_word' id='word_1_475' title='bbox 1525 1371 1679 1429; x_wconf 58' lang='lat' dir='ltr'><strong>auxil,</strong></span> <span class='ocrx_word' id='word_1_476' title='bbox 1719 1395 1764 1420; x_wconf 80' lang='lat' dir='ltr'><strong>cu</strong></span> <span class='ocrx_word' id='word_1_477' title='bbox 1801 1377 1904 1427; x_wconf 69' lang='grc' dir='ltr'>οἰκος</span> <span class='ocrx_word' id='word_1_478' title='bbox 1937 1370 2079 1434; x_wconf 79' lang='grc' dir='ltr'><em>ἐσμὲν,</em></span> <span class='ocrx_word' id='word_1_479' title='bbox 2117 1370 2191 1432; x_wconf 76' lang='grc' dir='ltr'><strong>ἧμε</strong></span> <span class='ocrx_word' id='word_1_480' title='bbox 2198 1394 2232 1425; x_wconf 87' lang='grc' dir='ltr'><strong>ις</strong></span> <span class='ocrx_word' id='word_1_481' title='bbox 2278 1374 2356 1425; x_wconf 73' lang='grc' dir='ltr'><strong>τοῖς</strong></span> <span class='ocrx_word' id='word_1_482' title='bbox 2389 1370 2533 1434; x_wconf 73' lang='grc' dir='ltr'><strong>ἑμείοις</strong></span> 
     </span>
     <span class='ocr_line' id='line_1_69' title="bbox 1424 1439 2532 1507; baseline 0.007 -23"><span class='ocrx_word' id='word_1_483' title='bbox 1424 1439 1554 1506; x_wconf 78' lang='grc' dir='ltr'><em>ἐροῧντ</em></span> <span class='ocrx_word' id='word_1_484' title='bbox 1559 1462 1624 1497; x_wconf 77' lang='grc' dir='ltr'><strong>ες,</strong></span> <span class='ocrx_word' id='word_1_485' title='bbox 1651 1463 1745 1496; x_wconf 87' lang='grc' dir='ltr'><em>ναος</em></span> <span class='ocrx_word' id='word_1_486' title='bbox 1769 1443 1878 1507; x_wconf 70' lang='grc' dir='ltr'><strong>ἅγιος</strong></span> <span class='ocrx_word' id='word_1_487' title='bbox 1911 1440 1996 1498; x_wconf 65' lang='lat'>{31}-</span> <span class='ocrx_word' id='word_1_488' title='bbox 2022 1464 2088 1489; x_wconf 80' lang='grc' dir='ltr'><strong>και</strong></span> <span class='ocrx_word' id='word_1_489' title='bbox 2121 1463 2173 1490; x_wconf 90' lang='grc' dir='ltr'><strong>τα</strong></span> <span class='ocrx_word' id='word_1_490' title='bbox 2207 1440 2374 1505; x_wconf 78' lang='grc' dir='ltr'>σώματα</span> <span class='ocrx_word' id='word_1_491' title='bbox 2401 1444 2532 1506; x_wconf 73' lang='grc' dir='ltr'>ὑμῶν,</span> 
     </span>
     <span class='ocr_line' id='line_1_70' title="bbox 1426 1513 2530 1580; baseline 0.005 -23.009"><span class='ocrx_word' id='word_1_492' title='bbox 1426 1531 1518 1563; x_wconf 82' lang='grc' dir='ltr'><em>ναος</em></span> <span class='ocrx_word' id='word_1_493' title='bbox 1565 1515 1632 1560; x_wconf 79' lang='grc' dir='ltr'><strong>τεῧ</strong></span> <span class='ocrx_word' id='word_1_494' title='bbox 1677 1535 1788 1579; x_wconf 73' lang='grc' dir='ltr'><em>αγιευ</em></span> <span class='ocrx_word' id='word_1_495' title='bbox 1838 1533 2084 1575; x_wconf 69' lang='grc' dir='ltr'><strong>ῑσνευματος·</strong></span> <span class='ocrx_word' id='word_1_496' title='bbox 2131 1535 2232 1580; x_wconf 65' lang='lat' dir='ltr'>apo-3</span> <span class='ocrx_word' id='word_1_497' title='bbox 2277 1536 2343 1566; x_wconf 79' lang='grc' dir='ltr'><strong>ευς</strong></span> <span class='ocrx_word' id='word_1_498' title='bbox 2385 1513 2403 1560; x_wconf 82' lang='lat' dir='ltr'><strong>o‘</strong></span> <span class='ocrx_word' id='word_1_499' title='bbox 2448 1514 2505 1563; x_wconf 70' lang='grc' dir='ltr'><strong>υιὲ</strong></span> <span class='ocrx_word' id='word_1_500' title='bbox 2488 1539 2530 1570; x_wconf 97' lang='lat'><strong>3</strong></span> 
     </span>
    </p>
   </div>
   <div class='ocr_carea' id='block_1_9' title="bbox 1424 1581 2533 1669">
    <p class='ocr_par' dir='ltr' id='par_1_10' title="bbox 1424 1581 2533 1669">
     <span class='ocr_line' id='line_1_71' title="bbox 1424 1581 2533 1669; baseline 0.004 -41.004"><span class='ocrx_word' id='word_1_501' title='bbox 1424 1603 1491 1629; x_wconf 81' lang='grc' dir='ltr'><strong>και</strong></span> <span class='ocrx_word' id='word_1_502' title='bbox 1529 1583 1548 1628; x_wconf 80' lang='lat' dir='ltr'><strong>o‘</strong></span> <span class='ocrx_word' id='word_1_503' title='bbox 1562 1581 1725 1650; x_wconf 68' lang='grc' dir='ltr'><em>σατῆρ</em></span> <span class='ocrx_word' id='word_1_504' title='bbox 1769 1603 1890 1669; x_wconf 65' lang='grc' dir='ltr'><em>μρνδην</em></span> <span class='ocrx_word' id='word_1_505' title='bbox 1938 1603 2162 1632; x_wconf 70' lang='grc' dir='ltr'><em>ῶσιευνται·</em></span> <span class='ocrx_word' id='word_1_506' title='bbox 2207 1588 2272 1631; x_wconf 84' lang='grc' dir='ltr'><strong>καὶ</strong></span> <span class='ocrx_word' id='word_1_507' title='bbox 2318 1585 2342 1635; x_wconf 82' lang='grc' dir='ltr'>ἦ</span> <span class='ocrx_word' id='word_1_508' title='bbox 2390 1585 2533 1637; x_wconf 78' lang='grc' dir='ltr'>ἐκκλη-</span> 
     </span>
    </p>
   </div>
   <div class='ocr_carea' id='block_1_10' title="bbox 2574 747 2758 799">
    <p class='ocr_par' dir='ltr' id='par_1_11' title="bbox 2574 747 2758 799">
     <span class='ocr_line' id='line_1_72' title="bbox 2574 747 2758 799; baseline -0.005 -1"><span class='ocrx_word' id='word_1_509' title='bbox 2574 769 2608 799; x_wconf 70' lang='grc' dir='ltr'><strong>Β,</strong></span> <span class='ocrx_word' id='word_1_510' title='bbox 2623 747 2651 798; x_wconf 55' lang='lat' dir='ltr'><strong>f.</strong></span> <span class='ocrx_word' id='word_1_511' title='bbox 2663 775 2706 799; x_wconf 81' lang='lat'><strong>20.</strong></span> <span class='ocrx_word' id='word_1_512' title='bbox 2726 770 2758 798; x_wconf 77' lang='lat' dir='ltr'><strong>b.</strong></span> 
     </span>
    </p>
   </div>
   <div class='ocr_carea' id='block_1_11' title="bbox 1427 1651 2582 1719">
    <p class='ocr_par' dir='ltr' id='par_1_12' title="bbox 1427 1651 2582 1719">
     <span class='ocr_line' id='line_1_73' title="bbox 1427 1651 2582 1719; baseline 0.003 -19"><span class='ocrx_word' id='word_1_513' title='bbox 1427 1674 1614 1702; x_wconf 72' lang='grc' dir='ltr'><em>σιαστικτι</em></span> <span class='ocrx_word' id='word_1_514' title='bbox 1659 1653 1702 1702; x_wconf 78' lang='grc' dir='ltr'><strong>δὲ</strong></span> <span class='ocrx_word' id='word_1_515' title='bbox 1736 1676 1865 1719; x_wconf 76' lang='grc' dir='ltr'><em>γνωμῃ</em></span> <span class='ocrx_word' id='word_1_516' title='bbox 1902 1676 1945 1702; x_wconf 83' lang='grc' dir='ltr'><strong>τε</strong></span> <span class='ocrx_word' id='word_1_517' title='bbox 1991 1676 2058 1702; x_wconf 84' lang='grc' dir='ltr'><strong>και</strong></span> <span class='ocrx_word' id='word_1_518' title='bbox 2106 1651 2374 1713; x_wconf 69' lang='grc' dir='ltr'>διδασκαλία,</span> <span class='ocrx_word' id='word_1_519' title='bbox 2429 1652 2506 1704; x_wconf 65' lang='lat' dir='ltr'><strong>obes</strong></span> <span class='ocrx_word' id='word_1_520' title='bbox 2512 1680 2530 1710; x_wconf 90' lang='lat'>3</span> <span class='ocrx_word' id='word_1_521' title='bbox 2580 1689 2582 1692; x_wconf 57' lang='lat'>&gt;</span> 
     </span>
    </p>
   </div>
   <div class='ocr_carea' id='block_1_12' title="bbox 1418 1722 2604 3919">
    <p class='ocr_par' dir='ltr' id='par_1_13' title="bbox 1418 1722 2538 2804">
     <span class='ocr_line' id='line_1_74' title="bbox 1424 1722 2532 1789; baseline 0.003 -18"><span class='ocrx_word' id='word_1_522' title='bbox 1424 1727 1523 1771; x_wconf 64' lang='grc' dir='ltr'><strong>Ξες”</strong></span> <span class='ocrx_word' id='word_1_523' title='bbox 1481 1746 1523 1772; x_wconf 82' lang='grc' dir='ltr'><em>Γυ</em></span> <span class='ocrx_word' id='word_1_524' title='bbox 1555 1748 1619 1772; x_wconf 80' lang='grc' dir='ltr'><strong>και</strong></span> <span class='ocrx_word' id='word_1_525' title='bbox 1653 1747 1746 1780; x_wconf 77' lang='grc' dir='ltr'><em>ναος</em></span> <span class='ocrx_word' id='word_1_526' title='bbox 1770 1764 1782 1785; x_wconf 83' lang='lat'><strong>,</strong></span> <span class='ocrx_word' id='word_1_527' title='bbox 1814 1747 1922 1775; x_wconf 82' lang='grc' dir='ltr'><em>κατα</em></span> <span class='ocrx_word' id='word_1_528' title='bbox 1958 1747 2001 1772; x_wconf 83' lang='grc' dir='ltr'><strong>το</strong></span> <span class='ocrx_word' id='word_1_529' title='bbox 2039 1746 2141 1789; x_wconf 67' lang='grc' dir='ltr'><strong>προς</strong></span> <span class='ocrx_word' id='word_1_530' title='bbox 2185 1722 2363 1788; x_wconf 67' lang='grc' dir='ltr'><strong>Τιμοὲεε</strong></span> <span class='ocrx_word' id='word_1_531' title='bbox 2367 1745 2400 1773; x_wconf 89' lang='grc' dir='ltr'><em>ν·</em></span> <span class='ocrx_word' id='word_1_532' title='bbox 2443 1749 2532 1781; x_wconf 72' lang='grc' dir='ltr'><strong>σως</strong></span> 
     </span>
     <span class='ocr_line' id='line_1_75' title="bbox 1426 1792 2533 1862; baseline 0.003 -20"><span class='ocrx_word' id='word_1_533' title='bbox 1426 1798 1484 1843; x_wconf 80' lang='grc' dir='ltr'><strong>ὂει</strong></span> <span class='ocrx_word' id='word_1_534' title='bbox 1531 1794 1577 1843; x_wconf 83' lang='grc' dir='ltr'><strong>σὲ</strong></span> <span class='ocrx_word' id='word_1_535' title='bbox 1623 1797 1663 1842; x_wconf 85' lang='grc' dir='ltr'><em>ἐν</em></span> <span class='ocrx_word' id='word_1_536' title='bbox 1707 1797 1800 1859; x_wconf 79' lang='grc' dir='ltr'><em>εἴκῳ</em></span> <span class='ocrx_word' id='word_1_537' title='bbox 1850 1799 1948 1844; x_wconf 58' lang='lat' dir='ltr'><strong>Sec&amp;</strong></span> <span class='ocrx_word' id='word_1_538' title='bbox 1992 1792 2323 1862; x_wconf 66' lang='grc' dir='ltr'><em>αναστρὲφεσὲαι</em></span> <span class='ocrx_word' id='word_1_539' title='bbox 2354 1834 2366 1852; x_wconf 90' lang='lat'><strong>,</strong></span> <span class='ocrx_word' id='word_1_540' title='bbox 2405 1800 2432 1848; x_wconf 75' lang='grc' dir='ltr'>ἥ</span> <span class='ocrx_word' id='word_1_541' title='bbox 2477 1821 2533 1851; x_wconf 83' lang='grc' dir='ltr'><strong>τις</strong></span> 
     </span>
     <span class='ocr_line' id='line_1_76' title="bbox 1418 1865 2530 1944; baseline 0.004 -31"><span class='ocrx_word' id='word_1_542' title='bbox 1418 1865 1537 1918; x_wconf 61' lang='grc' dir='ltr'><em>,ἔστιν</em></span> <span class='ocrx_word' id='word_1_543' title='bbox 1572 1866 1761 1917; x_wconf 73' lang='grc' dir='ltr'>ἐκκλησία</span> <span class='ocrx_word' id='word_1_544' title='bbox 1794 1876 1852 1915; x_wconf 85' lang='grc' dir='ltr'><strong>θε</strong></span> <span class='ocrx_word' id='word_1_545' title='bbox 1841 1872 1883 1914; x_wconf 71' lang='grc' dir='ltr'><strong>εὖ</strong></span> <span class='ocrx_word' id='word_1_546' title='bbox 1914 1870 2036 1921; x_wconf 73' lang='grc' dir='ltr'><em>ζῶντε</em></span> <span class='ocrx_word' id='word_1_547' title='bbox 2041 1886 2072 1919; x_wconf 90' lang='grc' dir='ltr'><strong>ς·</strong></span> <span class='ocrx_word' id='word_1_548' title='bbox 2108 1869 2196 1913; x_wconf 80' lang='grc' dir='ltr'><em>κα-’</em></span> <span class='ocrx_word' id='word_1_549' title='bbox 2227 1868 2337 1944; x_wconf 57' lang='grc' dir='ltr'><strong>α’μῳ</strong></span> <span class='ocrx_word' id='word_1_550' title='bbox 2339 1866 2455 1933; x_wconf 77' lang='grc' dir='ltr'><em>τέρας</em></span> <span class='ocrx_word' id='word_1_551' title='bbox 2489 1869 2530 1917; x_wconf 78' lang='grc' dir='ltr'><strong>δὲ</strong></span> 
     </span>
     <span class='ocr_line' id='line_1_77' title="bbox 1427 1939 2529 2016; baseline 0.004 -33"><span class='ocrx_word' id='word_1_552' title='bbox 1427 1956 1498 1991; x_wconf 78' lang='grc' dir='ltr'><strong>τας</strong></span> <span class='ocrx_word' id='word_1_553' title='bbox 1534 1944 1585 1984; x_wconf 72' lang='grc' dir='ltr'><strong>Ξῑι</strong></span> <span class='ocrx_word' id='word_1_554' title='bbox 1571 1960 1703 2003; x_wconf 81' lang='grc' dir='ltr'><em>εωριας</em></span> <span class='ocrx_word' id='word_1_555' title='bbox 1742 1959 1970 2003; x_wconf 75' lang='grc' dir='ltr'><em>εισερχεται</em></span> <span class='ocrx_word' id='word_1_556' title='bbox 2011 1960 2070 1991; x_wconf 86' lang='grc' dir='ltr'><strong>τις</strong></span> <span class='ocrx_word' id='word_1_557' title='bbox 2110 1939 2190 2016; x_wconf 72' lang='grc' dir='ltr'><strong>εἷς</strong></span> <span class='ocrx_word' id='word_1_558' title='bbox 2201 1959 2268 1985; x_wconf 81' lang='grc' dir='ltr'><em>τον</em></span> <span class='ocrx_word' id='word_1_559' title='bbox 2300 1943 2425 1998; x_wconf 64' lang='lat' dir='ltr'><strong>alnov,</strong></span> <span class='ocrx_word' id='word_1_560' title='bbox 2463 1961 2529 1987; x_wconf 76' lang='grc' dir='ltr'><strong>και</strong></span> 
     </span>
     <span class='ocr_line' id='line_1_78' title="bbox 1426 2004 2534 2075; baseline 0.003 -20"><span class='ocrx_word' id='word_1_561' title='bbox 1426 2029 1502 2072; x_wconf 64' lang='lat' dir='ltr'><strong>ap:</strong></span> <span class='ocrx_word' id='word_1_562' title='bbox 1486 2031 1633 2056; x_wconf 81' lang='grc' dir='ltr'><em>σκυνει</em></span> <span class='ocrx_word' id='word_1_563' title='bbox 1678 2010 1779 2075; x_wconf 64' lang='grc' dir='ltr'><strong>πρὸς</strong></span> <span class='ocrx_word' id='word_1_564' title='bbox 1827 2031 1895 2059; x_wconf 83' lang='grc' dir='ltr'><em>τον</em></span> <span class='ocrx_word' id='word_1_565' title='bbox 1940 2029 2034 2056; x_wconf 84' lang='grc' dir='ltr'><em>ναον</em></span> <span class='ocrx_word' id='word_1_566' title='bbox 2077 2030 2244 2074; x_wconf 77' lang='grc' dir='ltr'><em>κυριευ,</em></span> <span class='ocrx_word' id='word_1_567' title='bbox 2292 2004 2390 2070; x_wconf 81' lang='grc' dir='ltr'><strong>ἐλεῳ</strong></span> <span class='ocrx_word' id='word_1_568' title='bbox 2434 2013 2534 2058; x_wconf 72' lang='grc' dir='ltr'><em>Ξνεεῧ</em></span> 
     </span>
     <span class='ocr_line' id='line_1_79' title="bbox 1425 2075 2534 2166; baseline 0.003 -41"><span class='ocrx_word' id='word_1_569' title='bbox 1425 2076 1555 2166; x_wconf 66' lang='grc' dir='ltr'><strong>μαὶλε</strong></span> <span class='ocrx_word' id='word_1_570' title='bbox 1559 2100 1579 2126; x_wconf 91' lang='grc' dir='ltr'><em>ν</em></span> <span class='ocrx_word' id='word_1_571' title='bbox 1614 2075 1642 2131; x_wconf 79' lang='grc' dir='ltr'>ἦ</span> <span class='ocrx_word' id='word_1_572' title='bbox 1677 2077 1798 2127; x_wconf 78' lang='grc' dir='ltr'><em>οἷκεια</em></span> <span class='ocrx_word' id='word_1_573' title='bbox 1833 2076 2019 2141; x_wconf 73' lang='grc' dir='ltr'><em>τσολιτειᾳ</em></span> <span class='ocrx_word' id='word_1_574' title='bbox 2062 2102 2129 2127; x_wconf 86' lang='grc' dir='ltr'><strong>και</strong></span> <span class='ocrx_word' id='word_1_575' title='bbox 2173 2098 2370 2152; x_wconf 76' lang='grc' dir='ltr'><em>φρονησει·</em></span> <span class='ocrx_word' id='word_1_576' title='bbox 2375 2082 2534 2129; x_wconf 78' lang='grc' dir='ltr'>-Οὗκ</span> 
     </span>
     <span class='ocr_line' id='line_1_80' title="bbox 1428 2146 2532 2237; baseline 0.001 -41"><span class='ocrx_word' id='word_1_577' title='bbox 1428 2148 1534 2212; x_wconf 68' lang='grc' dir='ltr'>ἔχω,</span> <span class='ocrx_word' id='word_1_578' title='bbox 1575 2170 1717 2237; x_wconf 73' lang='grc' dir='ltr'><em>φρσιν,</em></span> <span class='ocrx_word' id='word_1_579' title='bbox 1755 2146 1911 2227; x_wconf 80' lang='grc' dir='ltr'><em>ἀρετας</em></span> <span class='ocrx_word' id='word_1_580' title='bbox 1935 2147 2097 2205; x_wconf 77' lang='grc' dir='ltr'><em>αιτινὲς</em></span> <span class='ocrx_word' id='word_1_581' title='bbox 2116 2171 2164 2212; x_wconf 89' lang='grc' dir='ltr'><strong>με</strong></span> <span class='ocrx_word' id='word_1_582' title='bbox 2204 2153 2260 2213; x_wconf 72' lang='grc' dir='ltr'><strong>τῷ</strong></span> <span class='ocrx_word' id='word_1_583' title='bbox 2293 2154 2379 2213; x_wconf 71' lang='grc' dir='ltr'><strong>3εῷ</strong></span> <span class='ocrx_word' id='word_1_584' title='bbox 2410 2149 2532 2206; x_wconf 75' lang='grc' dir='ltr'><em>συνᾴ-</em></span> 
     </span>
     <span class='ocr_line' id='line_1_81' title="bbox 1426 2218 2532 2286; baseline 0.001 -18"><span class='ocrx_word' id='word_1_585' title='bbox 1426 2225 1498 2282; x_wconf 87' lang='grc' dir='ltr'><strong>ψαι</strong></span> <span class='ocrx_word' id='word_1_586' title='bbox 1543 2243 1610 2268; x_wconf 89' lang='grc' dir='ltr'><strong>και</strong></span> <span class='ocrx_word' id='word_1_587' title='bbox 1659 2222 1715 2276; x_wconf 81' lang='grc' dir='ltr'><strong>εἷς</strong></span> <span class='ocrx_word' id='word_1_588' title='bbox 1762 2242 1829 2271; x_wconf 85' lang='grc' dir='ltr'><em>τον</em></span> <span class='ocrx_word' id='word_1_589' title='bbox 1873 2225 1974 2269; x_wconf 75' lang='grc' dir='ltr'><em>οἶκον</em></span> <span class='ocrx_word' id='word_1_590' title='bbox 2019 2218 2087 2270; x_wconf 78' lang='grc' dir='ltr'><em>τόν</em></span> <span class='ocrx_word' id='word_1_591' title='bbox 2130 2223 2255 2278; x_wconf 61' lang='lat' dir='ltr'><strong>aba&amp;</strong></span> <span class='ocrx_word' id='word_1_592' title='bbox 2301 2223 2532 2286; x_wconf 74' lang='grc' dir='ltr'><strong>εἰσαγαγεῖν</strong></span> 
     </span>
     <span class='ocr_line' id='line_1_82' title="bbox 1426 2289 2534 2360; baseline 0.001 -21"><span class='ocrx_word' id='word_1_593' title='bbox 1426 2289 1679 2344; x_wconf 76' lang='grc' dir='ltr'><em>δυνησονται·</em></span> <span class='ocrx_word' id='word_1_594' title='bbox 1720 2289 1993 2360; x_wconf 75' lang='grc' dir='ltr'><em>φιλανθρωπιᾳ</em></span> <span class='ocrx_word' id='word_1_595' title='bbox 2030 2289 2072 2340; x_wconf 80' lang='grc' dir='ltr'><strong>δὲ</strong></span> <span class='ocrx_word' id='word_1_596' title='bbox 2105 2295 2157 2357; x_wconf 70' lang='grc' dir='ltr'><strong>τῇ</strong></span> <span class='ocrx_word' id='word_1_597' title='bbox 2190 2294 2241 2357; x_wconf 78' lang='grc' dir='ltr'><strong>σῇ</strong></span> <span class='ocrx_word' id='word_1_598' title='bbox 2275 2290 2429 2358; x_wconf 74' lang='grc' dir='ltr'><em>θαρρῶ,</em></span> <span class='ocrx_word' id='word_1_599' title='bbox 2467 2315 2534 2340; x_wconf 80' lang='grc' dir='ltr'><strong>και</strong></span> 
     </span>
     <span class='ocr_line' id='line_1_83' title="bbox 1426 2359 2537 2443; baseline 0.005 -34"><span class='ocrx_word' id='word_1_600' title='bbox 1426 2363 1473 2410; x_wconf 78' lang='grc' dir='ltr'><strong>δι’</strong></span> <span class='ocrx_word' id='word_1_601' title='bbox 1510 2366 1639 2418; x_wconf 76' lang='grc' dir='ltr'><strong>αὐτ-’ἥς</strong></span> <span class='ocrx_word' id='word_1_602' title='bbox 1684 2361 1932 2430; x_wconf 76' lang='grc' dir='ltr'><em>εἰσέρχομαι·</em></span> <span class='ocrx_word' id='word_1_603' title='bbox 1981 2385 2106 2412; x_wconf 79' lang='grc' dir='ltr'><em>ευκετι</em></span> <span class='ocrx_word' id='word_1_604' title='bbox 2152 2359 2195 2416; x_wconf 78' lang='grc' dir='ltr'><strong>δὲ</strong></span> <span class='ocrx_word' id='word_1_605' title='bbox 2236 2383 2537 2443; x_wconf 70' lang='grc' dir='ltr'><em>καταπεφρονη-</em></span> 
     </span>
     <span class='ocr_line' id='line_1_84' title="bbox 1424 2429 2535 2520; baseline 0 -39"><span class='ocrx_word' id='word_1_606' title='bbox 1424 2429 1548 2496; x_wconf 78' lang='grc' dir='ltr'><em>μένως</em></span> <span class='ocrx_word' id='word_1_607' title='bbox 1593 2434 1655 2486; x_wconf 80' lang='grc' dir='ltr'><strong>εἴη</strong></span> <span class='ocrx_word' id='word_1_608' title='bbox 1699 2455 1814 2502; x_wconf 78' lang='grc' dir='ltr'><em>φησιν</em></span> <span class='ocrx_word' id='word_1_609' title='bbox 1861 2436 1959 2502; x_wconf 74' lang='grc' dir='ltr'><em>ωαρ’</em></span> <span class='ocrx_word' id='word_1_610' title='bbox 2004 2432 2087 2520; x_wconf 77' lang='grc' dir='ltr'><strong>ἓμει</strong></span> <span class='ocrx_word' id='word_1_611' title='bbox 2132 2430 2443 2499; x_wconf 66' lang='grc' dir='ltr'><em>κατερὲσυμενεν</em></span> <span class='ocrx_word' id='word_1_612' title='bbox 2490 2431 2535 2490; x_wconf 69' lang='grc' dir='ltr'><strong>τε)</strong></span> 
     </span>
     <span class='ocr_line' id='line_1_85' title="bbox 1427 2500 2536 2571; baseline 0.001 -20"><span class='ocrx_word' id='word_1_613' title='bbox 1427 2501 1573 2553; x_wconf 77' lang='grc' dir='ltr'><em>δικαιεν</em></span> <span class='ocrx_word' id='word_1_614' title='bbox 1612 2504 1750 2570; x_wconf 75' lang='grc' dir='ltr'><em>ὃὸηγίᾳ</em></span> <span class='ocrx_word' id='word_1_615' title='bbox 1793 2508 1843 2571; x_wconf 74' lang='grc' dir='ltr'><strong>τῇ</strong></span> <span class='ocrx_word' id='word_1_616' title='bbox 1880 2510 1931 2571; x_wconf 77' lang='grc' dir='ltr'><strong>σῇ</strong></span> <span class='ocrx_word' id='word_1_617' title='bbox 1969 2528 2036 2555; x_wconf 83' lang='grc' dir='ltr'><strong>και</strong></span> <span class='ocrx_word' id='word_1_618' title='bbox 2081 2524 2257 2570; x_wconf 77' lang='grc' dir='ltr'><em>προνοια·</em></span> <span class='ocrx_word' id='word_1_619' title='bbox 2304 2525 2356 2552; x_wconf 88' lang='grc' dir='ltr'><strong>τα</strong></span> <span class='ocrx_word' id='word_1_620' title='bbox 2398 2500 2536 2564; x_wconf 83' lang='grc' dir='ltr'><em>βιαιο-</em></span> 
     </span>
     <span class='ocr_line' id='line_1_86' title="bbox 1428 2572 2536 2643; baseline -0.001 -20"><span class='ocrx_word' id='word_1_621' title='bbox 1428 2596 1524 2640; x_wconf 89' lang='grc' dir='ltr'><em>τερα</em></span> <span class='ocrx_word' id='word_1_622' title='bbox 1566 2579 1640 2631; x_wconf 81' lang='grc' dir='ltr'><strong>τῆς</strong></span> <span class='ocrx_word' id='word_1_623' title='bbox 1686 2578 1783 2639; x_wconf 75' lang='grc' dir='ltr'><strong>ἐμῆς</strong></span> <span class='ocrx_word' id='word_1_624' title='bbox 1836 2573 2040 2640; x_wconf 79' lang='grc' dir='ltr'><em>δυναμεως</em></span> <span class='ocrx_word' id='word_1_625' title='bbox 2085 2575 2347 2643; x_wconf 77' lang='grc' dir='ltr'><em>ὗφαιρσῢσιν,</em></span> <span class='ocrx_word' id='word_1_626' title='bbox 2395 2572 2536 2622; x_wconf 67' lang='grc' dir='ltr'>καθά-</span> 
     </span>
     <span class='ocr_line' id='line_1_87' title="bbox 1427 2642 2536 2731; baseline -0.001 -36"><span class='ocrx_word' id='word_1_627' title='bbox 1427 2666 1499 2712; x_wconf 78' lang='grc' dir='ltr'><strong>περ</strong></span> <span class='ocrx_word' id='word_1_628' title='bbox 1530 2648 1622 2695; x_wconf 74' lang='grc' dir='ltr'><strong>ὅδε</strong></span> <span class='ocrx_word' id='word_1_629' title='bbox 1580 2670 1621 2695; x_wconf 82' lang='grc' dir='ltr'><em>Γυ</em></span> <span class='ocrx_word' id='word_1_630' title='bbox 1655 2644 1758 2702; x_wconf 66' lang='grc' dir='ltr'><em>τινὲς</em></span> <span class='ocrx_word' id='word_1_631' title='bbox 1791 2644 1983 2710; x_wconf 72' lang='grc' dir='ltr'>ἑμπᾶδια,</span> <span class='ocrx_word' id='word_1_632' title='bbox 2019 2669 2085 2731; x_wconf 82' lang='grc' dir='ltr'><em>ινρι</em></span> <span class='ocrx_word' id='word_1_633' title='bbox 2116 2648 2189 2700; x_wconf 79' lang='grc' dir='ltr'><strong>τῆς</strong></span> <span class='ocrx_word' id='word_1_634' title='bbox 2221 2642 2457 2700; x_wconf 76' lang='grc' dir='ltr'><em>δικαιοσυνης</em></span> <span class='ocrx_word' id='word_1_635' title='bbox 2491 2669 2536 2694; x_wconf 82' lang='grc' dir='ltr'><strong>το</strong></span> 
     </span>
     <span class='ocr_line' id='line_1_88' title="bbox 1426 2713 2538 2784; baseline 0 -21"><span class='ocrx_word' id='word_1_636' title='bbox 1426 2713 1626 2772; x_wconf 75' lang='grc' dir='ltr'><strong>ἀληθες”</strong></span> <span class='ocrx_word' id='word_1_637' title='bbox 1605 2738 1733 2781; x_wconf 84' lang='grc' dir='ltr'><em>εχων,</em></span> <span class='ocrx_word' id='word_1_638' title='bbox 1760 2740 1828 2766; x_wconf 82' lang='grc' dir='ltr'><strong>και</strong></span> <span class='ocrx_word' id='word_1_639' title='bbox 1853 2740 1898 2768; x_wconf 81' lang='grc' dir='ltr'><strong>το</strong></span> <span class='ocrx_word' id='word_1_640' title='bbox 1926 2714 2090 2784; x_wconf 71' lang='grc' dir='ltr'><em>ἶσχυρόν</em></span> <span class='ocrx_word' id='word_1_641' title='bbox 2123 2715 2253 2779; x_wconf 75' lang='grc' dir='ltr'>ἔχοιμι</span> <span class='ocrx_word' id='word_1_642' title='bbox 2279 2719 2404 2771; x_wconf 65' lang='grc' dir='ltr'><strong>αὐτῆς</strong></span> <span class='ocrx_word' id='word_1_643' title='bbox 2429 2738 2538 2766; x_wconf 83' lang='grc' dir='ltr'><em>κατα</em></span> 
     </span>
     <span class='ocr_line' id='line_1_89' title="bbox 1458 2783 1674 2804; baseline 0 0"><span class='ocrx_word' id='word_1_644' title='bbox 1458 2789 1480 2800; x_wconf 67' lang='grc' dir='ltr'><em>κ</em></span> <span class='ocrx_word' id='word_1_645' title='bbox 1542 2789 1552 2802; x_wconf 79' lang='lat'><strong>&gt;</strong></span> <span class='ocrx_word' id='word_1_646' title='bbox 1651 2783 1674 2804; x_wconf 74' lang='lat'><em>··.1</em></span> 
     </span>
    </p>

    <p class='ocr_par' dir='ltr' id='par_1_14' title="bbox 1427 2808 1744 2838">
     <span class='ocr_line' id='line_1_90' title="bbox 1427 2808 1744 2838; baseline 0.003 -1"><span class='ocrx_word' id='word_1_647' title='bbox 1427 2808 1504 2837; x_wconf 91' lang='grc' dir='ltr'><em>των</em></span> <span class='ocrx_word' id='word_1_648' title='bbox 1537 2808 1744 2838; x_wconf 82' lang='grc' dir='ltr'><em>εναντιων.</em></span> 
     </span>
    </p>

    <p class='ocr_par' dir='ltr' id='par_1_15' title="bbox 1426 2855 2539 3912">
     <span class='ocr_line' id='line_1_91' title="bbox 1498 2855 2534 2946; baseline -0.001 -40"><span class='ocrx_word' id='word_1_649' title='bbox 1498 2860 1550 2906; x_wconf 90' lang='lat' dir='ltr'><strong>‘O</strong></span> <span class='ocrx_word' id='word_1_650' title='bbox 1582 2856 1872 2946; x_wconf 75' lang='grc' dir='ltr'><strong>προτιθέμενος</strong></span> <span class='ocrx_word' id='word_1_651' title='bbox 1885 2860 2007 2924; x_wconf 73' lang='grc' dir='ltr'><em>ὀρθῶς</em></span> <span class='ocrx_word' id='word_1_652' title='bbox 2039 2861 2190 2925; x_wconf 71' lang='grc' dir='ltr'><em>φρονεῖν</em></span> <span class='ocrx_word' id='word_1_653' title='bbox 2214 2855 2290 2945; x_wconf 28' lang='lat' dir='ltr'><strong>lua}</strong></span> <span class='ocrx_word' id='word_1_654' title='bbox 2322 2856 2534 2945; x_wconf 69' lang='grc' dir='ltr'><em>πρρῖττειν,</em></span> 
     </span>
     <span class='ocr_line' id='line_1_92' title="bbox 1426 2925 2604 3012; baseline -0.001 -35"><span class='ocrx_word' id='word_1_655' title='bbox 1426 2925 1594 2983; x_wconf 84' lang='grc' dir='ltr'><strong>πολλους</strong></span> <span class='ocrx_word' id='word_1_656' title='bbox 1626 2927 1776 2978; x_wconf 80' lang='grc' dir='ltr'><em>ἐναντιε</em></span> <span class='ocrx_word' id='word_1_657' title='bbox 1778 2952 1821 2983; x_wconf 85' lang='grc' dir='ltr'><strong>υς</strong></span> <span class='ocrx_word' id='word_1_658' title='bbox 1853 2927 1936 2992; x_wconf 82' lang='grc' dir='ltr'><em>ἔχει</em></span> <span class='ocrx_word' id='word_1_659' title='bbox 1968 2926 2200 3012; x_wconf 57' lang='grc' dir='ltr'><em>ἀνθρωπους</em></span> <span class='ocrx_word' id='word_1_660' title='bbox 2223 2950 2290 2976; x_wconf 90' lang='grc' dir='ltr'><strong>και</strong></span> <span class='ocrx_word' id='word_1_661' title='bbox 2317 2927 2604 2991; x_wconf 46' lang='grc' dir='ltr'><strong>δαίμονας,1</strong></span> 
     </span>
     <span class='ocr_line' id='line_1_93' title="bbox 1427 2995 2536 3086; baseline -0.001 -39"><span class='ocrx_word' id='word_1_662' title='bbox 1427 2995 1494 3050; x_wconf 78' lang='grc' dir='ltr'><strong>ἐπι</strong></span> <span class='ocrx_word' id='word_1_663' title='bbox 1529 3002 1612 3054; x_wconf 70' lang='grc' dir='ltr'><strong>τοῖς</strong></span> <span class='ocrx_word' id='word_1_664' title='bbox 1645 3002 1823 3065; x_wconf 65' lang='grc' dir='ltr'><strong>αγαὲῒοις</strong></span> <span class='ocrx_word' id='word_1_665' title='bbox 1858 3004 1931 3049; x_wconf 75' lang='grc' dir='ltr'><em>τῶν</em></span> <span class='ocrx_word' id='word_1_666' title='bbox 1963 3022 2055 3048; x_wconf 83' lang='grc' dir='ltr'><em>κατ.</em></span> <span class='ocrx_word' id='word_1_667' title='bbox 2061 2995 2261 3065; x_wconf 68' lang='grc' dir='ltr'><em>ρὲευντων</em></span> <span class='ocrx_word' id='word_1_668' title='bbox 2294 2996 2362 3046; x_wconf 79' lang='grc' dir='ltr'><strong>ὂια</strong></span> <span class='ocrx_word' id='word_1_669' title='bbox 2390 2998 2514 3086; x_wconf 43' lang='grc' dir='ltr'><em>φὲὄίνε</em></span> <span class='ocrx_word' id='word_1_670' title='bbox 2498 3020 2536 3046; x_wconf 86' lang='grc' dir='ltr'><em>ν</em></span> 
     </span>
     <span class='ocr_line' id='line_1_94' title="bbox 1426 3067 2536 3155; baseline 0 -38"><span class='ocrx_word' id='word_1_671' title='bbox 1426 3067 1680 3132; x_wconf 80' lang='grc' dir='ltr'><em>ανιωμὲνους·</em></span> <span class='ocrx_word' id='word_1_672' title='bbox 1706 3092 1803 3155; x_wconf 78' lang='grc' dir='ltr'><em>πρρς</em></span> <span class='ocrx_word' id='word_1_673' title='bbox 1827 3093 1894 3124; x_wconf 70' lang='grc' dir='ltr'><strong>ους</strong></span> <span class='ocrx_word' id='word_1_674' title='bbox 1920 3070 2131 3126; x_wconf 82' lang='grc' dir='ltr'><em>ἐξασθενων</em></span> <span class='ocrx_word' id='word_1_675' title='bbox 2157 3071 2406 3119; x_wconf 77' lang='grc' dir='ltr'><strong>ἐπικαλεῖται</strong></span> <span class='ocrx_word' id='word_1_676' title='bbox 2432 3067 2536 3131; x_wconf 71' lang='grc' dir='ltr'>σύμ-</span> 
     </span>
     <span class='ocr_line' id='line_1_95' title="bbox 1426 3136 2537 3226; baseline -0.002 -37"><span class='ocrx_word' id='word_1_677' title='bbox 1426 3161 1580 3226; x_wconf 64' lang='grc' dir='ltr'><em>μαχᾶν</em></span> <span class='ocrx_word' id='word_1_678' title='bbox 1594 3162 1663 3190; x_wconf 86' lang='grc' dir='ltr'><em>τον</em></span> <span class='ocrx_word' id='word_1_679' title='bbox 1687 3139 1784 3188; x_wconf 64' lang='grc' dir='ltr'><em>θεόν</em></span> <span class='ocrx_word' id='word_1_680' title='bbox 1790 3140 1942 3189; x_wconf 82' lang='lat' dir='ltr'>.—’&#39;Ev</span> <span class='ocrx_word' id='word_1_681' title='bbox 1966 3162 2046 3191; x_wconf 81' lang='grc' dir='ltr'><em>τισι</em></span> <span class='ocrx_word' id='word_1_682' title='bbox 2072 3136 2115 3188; x_wconf 79' lang='grc' dir='ltr'><strong>δε</strong></span> <span class='ocrx_word' id='word_1_683' title='bbox 2138 3138 2349 3208; x_wconf 71' lang='grc' dir='ltr'><em>γράφεται,</em></span> <span class='ocrx_word' id='word_1_684' title='bbox 2380 3138 2537 3191; x_wconf 68' lang='grc' dir='ltr'><em>ἐνώπιόν</em></span> 
     </span>
     <span class='ocr_line' id='line_1_96' title="bbox 1426 3207 2539 3273; baseline 0.001 -14"><span class='ocrx_word' id='word_1_685' title='bbox 1426 3233 1501 3273; x_wconf 75' lang='grc' dir='ltr'><strong>μου</strong></span> <span class='ocrx_word' id='word_1_686' title='bbox 1532 3208 1606 3263; x_wconf 85' lang='grc' dir='ltr'><em>την</em></span> <span class='ocrx_word' id='word_1_687' title='bbox 1640 3208 1729 3260; x_wconf 71' lang='grc' dir='ltr'><em>ὂδόν</em></span> <span class='ocrx_word' id='word_1_688' title='bbox 1757 3231 1842 3261; x_wconf 82' lang='grc' dir='ltr'><strong>σου·</strong></span> <span class='ocrx_word' id='word_1_689' title='bbox 1878 3209 1950 3269; x_wconf 80' lang='grc' dir='ltr'><em>ε’,ᾳν</em></span> <span class='ocrx_word' id='word_1_690' title='bbox 1974 3234 2015 3261; x_wconf 82' lang='grc' dir='ltr'><strong>τε</strong></span> <span class='ocrx_word' id='word_1_691' title='bbox 2048 3207 2091 3259; x_wconf 73' lang='grc' dir='ltr'><strong>δε</strong></span> <span class='ocrx_word' id='word_1_692' title='bbox 2122 3209 2232 3272; x_wconf 73' lang='grc' dir='ltr'><em>ἦμῶν</em></span> <span class='ocrx_word' id='word_1_693' title='bbox 2264 3233 2289 3262; x_wconf 80' lang='grc' dir='ltr'><strong>η</strong></span> <span class='ocrx_word' id='word_1_694' title='bbox 2323 3209 2410 3268; x_wconf 74' lang='grc' dir='ltr'><strong>ἕδος</strong></span> <span class='ocrx_word' id='word_1_695' title='bbox 2440 3233 2539 3260; x_wconf 87' lang='grc' dir='ltr'><em>κατ-</em></span> 
     </span>
     <span class='ocr_line' id='line_1_97' title="bbox 1429 3277 2539 3346; baseline 0.001 -17"><span class='ocrx_word' id='word_1_696' title='bbox 1429 3277 1609 3330; x_wconf 81' lang='grc' dir='ltr'><em>ευθυνθαι</em></span> <span class='ocrx_word' id='word_1_697' title='bbox 1641 3279 1800 3332; x_wconf 72' lang='grc' dir='ltr'><em>ε’νωπιον</em></span> <span class='ocrx_word' id='word_1_698' title='bbox 1833 3285 1902 3333; x_wconf 78' lang='grc' dir='ltr'><strong>τσῧ</strong></span> <span class='ocrx_word' id='word_1_699' title='bbox 1925 3279 2036 3340; x_wconf 72' lang='grc' dir='ltr'><em>θεον,</em></span> <span class='ocrx_word' id='word_1_700' title='bbox 2070 3277 2223 3336; x_wconf 87' lang='grc' dir='ltr'><strong>πλανης</strong></span> <span class='ocrx_word' id='word_1_701' title='bbox 2255 3283 2298 3330; x_wconf 78' lang='grc' dir='ltr'><strong>οὗ</strong></span> <span class='ocrx_word' id='word_1_702' title='bbox 2329 3281 2539 3346; x_wconf 74' lang='grc' dir='ltr'><strong>ληψόμεθα</strong></span> 
     </span>
     <span class='ocr_line' id='line_1_98' title="bbox 1427 3349 2534 3418; baseline 0 -18"><span class='ocrx_word' id='word_1_703' title='bbox 1427 3371 1582 3418; x_wconf 88' lang='grc' dir='ltr'><em>πειραν·</em></span> <span class='ocrx_word' id='word_1_704' title='bbox 1619 3349 1687 3400; x_wconf 81' lang='grc' dir='ltr'><em>ἒαν</em></span> <span class='ocrx_word' id='word_1_705' title='bbox 1721 3374 1764 3402; x_wconf 88' lang='grc' dir='ltr'><strong>τε</strong></span> <span class='ocrx_word' id='word_1_706' title='bbox 1803 3357 1872 3403; x_wconf 80' lang='grc' dir='ltr'><strong>τεῧ</strong></span> <span class='ocrx_word' id='word_1_707' title='bbox 1901 3356 1999 3400; x_wconf 62' lang='lat' dir='ltr'><strong>Sec</strong></span> <span class='ocrx_word' id='word_1_708' title='bbox 1958 3376 2000 3401; x_wconf 85' lang='grc' dir='ltr'><em>Γυ</em></span> <span class='ocrx_word' id='word_1_709' title='bbox 2027 3375 2054 3405; x_wconf 87' lang='grc' dir='ltr'><strong>η</strong></span> <span class='ocrx_word' id='word_1_710' title='bbox 2085 3352 2173 3408; x_wconf 75' lang='grc' dir='ltr'><strong>ἕδος</strong></span> <span class='ocrx_word' id='word_1_711' title='bbox 2213 3349 2345 3409; x_wconf 73' lang='grc' dir='ltr'><strong>ἐνῷπιε</strong></span> <span class='ocrx_word' id='word_1_712' title='bbox 2348 3374 2369 3401; x_wconf 91' lang='grc' dir='ltr'><em>ν</em></span> <span class='ocrx_word' id='word_1_713' title='bbox 2401 3355 2534 3416; x_wconf 73' lang='grc' dir='ltr'><em>ἦμῶν,</em></span> 
     </span>
     <span class='ocr_line' id='line_1_99' title="bbox 1427 3420 2539 3492; baseline 0 -21"><span class='ocrx_word' id='word_1_714' title='bbox 1427 3420 1557 3476; x_wconf 68' lang='grc' dir='ltr'><em>αὐτην</em></span> <span class='ocrx_word' id='word_1_715' title='bbox 1588 3422 1812 3487; x_wconf 75' lang='grc' dir='ltr'><em>ὄδεῦσωμεν</em></span> <span class='ocrx_word' id='word_1_716' title='bbox 1843 3443 1914 3492; x_wconf 82' lang='grc' dir='ltr'><strong>πρΓ</strong></span> <span class='ocrx_word' id='word_1_717' title='bbox 1897 3421 2063 3487; x_wconf 86' lang='grc' dir='ltr'><strong>θυμως.</strong></span> <span class='ocrx_word' id='word_1_718' title='bbox 2088 3421 2200 3475; x_wconf 82' lang='grc' dir='ltr'><em>Ἀντι</em></span> <span class='ocrx_word' id='word_1_719' title='bbox 2236 3421 2278 3472; x_wconf 80' lang='grc' dir='ltr'><strong>δὲ</strong></span> <span class='ocrx_word' id='word_1_720' title='bbox 2305 3427 2375 3473; x_wconf 70' lang='grc' dir='ltr'><strong>τοῦ</strong></span> <span class='ocrx_word' id='word_1_721' title='bbox 2396 3445 2539 3473; x_wconf 82' lang='grc' dir='ltr'><em>κατευ-</em></span> 
     </span>
     <span class='ocr_line' id='line_1_100' title="bbox 1427 3491 2536 3582; baseline -0.001 -41"><span class='ocrx_word' id='word_1_722' title='bbox 1427 3499 1578 3554; x_wconf 59' lang='lat' dir='ltr'><strong>Sutor,</strong></span> <span class='ocrx_word' id='word_1_723' title='bbox 1611 3496 1631 3541; x_wconf 80' lang='grc' dir='ltr'><strong>ὅ</strong></span> <span class='ocrx_word' id='word_1_724' title='bbox 1665 3493 1886 3559; x_wconf 74' lang='grc' dir='ltr'><strong>Σύμμαχος</strong></span> <span class='ocrx_word' id='word_1_725' title='bbox 1918 3491 2115 3580; x_wconf 74' lang='grc' dir='ltr'><em>ὅμαλιρον</em></span> <span class='ocrx_word' id='word_1_726' title='bbox 2139 3515 2313 3582; x_wconf 83' lang='grc' dir='ltr'><em>ειρηκεν,</em></span> <span class='ocrx_word' id='word_1_727' title='bbox 2338 3491 2446 3544; x_wconf 72' lang='grc' dir='ltr'><em>κατὰ</em></span> <span class='ocrx_word' id='word_1_728' title='bbox 2470 3515 2536 3543; x_wconf 89' lang='grc' dir='ltr'><em>τον</em></span> 
     </span>
     <span class='ocr_line' id='line_1_101' title="bbox 1428 3560 2535 3621; baseline -0.002 -8.98"><span class='ocrx_word' id='word_1_729' title='bbox 1428 3560 1609 3615; x_wconf 65' lang='lat' dir='ltr'><strong>‘Hennam</strong></span> <span class='ocrx_word' id='word_1_730' title='bbox 1641 3561 1824 3615; x_wconf 74' lang='grc' dir='ltr'><em>εἰπόντα·</em></span> <span class='ocrx_word' id='word_1_731' title='bbox 1859 3586 1975 3615; x_wconf 85' lang='grc' dir='ltr'><em>εσται</em></span> <span class='ocrx_word' id='word_1_732' title='bbox 2009 3587 2063 3615; x_wconf 89' lang='grc' dir='ltr'><strong>τα</strong></span> <span class='ocrx_word' id='word_1_733' title='bbox 2093 3563 2233 3616; x_wconf 74' lang='grc' dir='ltr'>σκολιοὶ</span> <span class='ocrx_word' id='word_1_734' title='bbox 2264 3586 2323 3620; x_wconf 81' lang='grc' dir='ltr'><strong>εις</strong></span> <span class='ocrx_word' id='word_1_735' title='bbox 2355 3560 2535 3621; x_wconf 73' lang='grc' dir='ltr'><em>εὖθεῖαν,</em></span> 
     </span>
     <span class='ocr_line' id='line_1_102' title="bbox 1426 3632 2537 3725; baseline -0.003 -42"><span class='ocrx_word' id='word_1_736' title='bbox 1426 3656 1493 3694; x_wconf 74' lang='grc' dir='ltr'><strong>και</strong></span> <span class='ocrx_word' id='word_1_737' title='bbox 1526 3637 1553 3687; x_wconf 79' lang='grc' dir='ltr'>ἧ</span> <span class='ocrx_word' id='word_1_738' title='bbox 1526 3633 1761 3718; x_wconf 43' lang='lat' dir='ltr'><strong>nurpozxeae&#39;oe</strong></span> <span class='ocrx_word' id='word_1_739' title='bbox 1794 3639 1850 3691; x_wconf 78' lang='grc' dir='ltr'><strong>εἰς</strong></span> <span class='ocrx_word' id='word_1_740' title='bbox 1888 3632 1996 3691; x_wconf 57' lang='lat' dir='ltr'><strong>&amp;dom</strong></span> <span class='ocrx_word' id='word_1_741' title='bbox 2032 3633 2160 3692; x_wconf 85' lang='grc' dir='ltr'><strong>λειας·</strong></span> <span class='ocrx_word' id='word_1_742' title='bbox 2172 3657 2351 3725; x_wconf 77' lang='grc' dir='ltr'><em>ειρηται</em></span> <span class='ocrx_word' id='word_1_743' title='bbox 2390 3632 2455 3681; x_wconf 79' lang='grc' dir='ltr'><strong>δὲ</strong></span> <span class='ocrx_word' id='word_1_744' title='bbox 2468 3654 2537 3681; x_wconf 80' lang='grc' dir='ltr'><strong>και</strong></span> 
     </span>
     <span class='ocr_line' id='line_1_103' title="bbox 1430 3701 2536 3773; baseline -0.004 -18"><span class='ocrx_word' id='word_1_745' title='bbox 1430 3707 1470 3767; x_wconf 75' lang='grc' dir='ltr'><em>ἐν</em></span> <span class='ocrx_word' id='word_1_746' title='bbox 1502 3701 1618 3772; x_wconf 82' lang='grc' dir='ltr'><em>ἓτερῳ</em></span> <span class='ocrx_word' id='word_1_747' title='bbox 1642 3708 1814 3770; x_wconf 74' lang='grc' dir='ltr'>ψαλμῶ,</span> <span class='ocrx_word' id='word_1_748' title='bbox 1841 3705 1954 3772; x_wconf 73' lang='grc' dir='ltr'><em>παρὰ</em></span> <span class='ocrx_word' id='word_1_749' title='bbox 1980 3728 2111 3773; x_wconf 83' lang='grc' dir='ltr'><em>κυριου</em></span> <span class='ocrx_word' id='word_1_750' title='bbox 2135 3729 2187 3758; x_wconf 83' lang='grc' dir='ltr'><strong>τα</strong></span> <span class='ocrx_word' id='word_1_751' title='bbox 2209 3703 2438 3773; x_wconf 81' lang='grc' dir='ltr'>διαβηματα</span> <span class='ocrx_word' id='word_1_752' title='bbox 2461 3705 2536 3751; x_wconf 83' lang='grc' dir='ltr'><em>ἀν·-</em></span> 
     </span>
     <span class='ocr_line' id='line_1_104' title="bbox 1427 3771 2536 3845; baseline -0.005 -19"><span class='ocrx_word' id='word_1_753' title='bbox 1427 3773 1562 3845; x_wconf 54' lang='lat' dir='ltr'><strong>Spem*</strong></span> <span class='ocrx_word' id='word_1_754' title='bbox 1564 3799 1588 3825; x_wconf 88' lang='grc' dir='ltr'><strong>υ</strong></span> <span class='ocrx_word' id='word_1_755' title='bbox 1618 3773 1925 3827; x_wconf 60' lang='grc' dir='ltr'><em>κατευὲυνεῑται·</em></span> <span class='ocrx_word' id='word_1_756' title='bbox 1959 3780 2025 3826; x_wconf 78' lang='grc' dir='ltr'><strong>οὐκ</strong></span> <span class='ocrx_word' id='word_1_757' title='bbox 2057 3779 2166 3827; x_wconf 73' lang='grc' dir='ltr'><strong>αἱτέῖ</strong></span> <span class='ocrx_word' id='word_1_758' title='bbox 2202 3774 2245 3825; x_wconf 79' lang='grc' dir='ltr'><strong>δὲ</strong></span> <span class='ocrx_word' id='word_1_759' title='bbox 2279 3771 2536 3839; x_wconf 73' lang='grc' dir='ltr'><em>ταπεινεφρὸ-</em></span> 
     </span>
     <span class='ocr_line' id='line_1_105' title="bbox 1430 3844 2536 3919; baseline 0.002 -22"><span class='ocrx_word' id='word_1_760' title='bbox 1430 3871 1505 3906; x_wconf 88' lang='grc' dir='ltr'><strong>νως</strong></span> <span class='ocrx_word' id='word_1_761' title='bbox 1537 3844 1606 3907; x_wconf 67' lang='grc' dir='ltr'><strong>διὰ</strong></span> <span class='ocrx_word' id='word_1_762' title='bbox 1636 3844 1708 3907; x_wconf 74' lang='grc' dir='ltr'><em>τὴν</em></span> <span class='ocrx_word' id='word_1_763' title='bbox 1742 3845 1852 3905; x_wconf 79' lang='grc' dir='ltr'><em>ιόιαν</em></span> <span class='ocrx_word' id='word_1_764' title='bbox 1882 3845 2157 3919; x_wconf 48' lang='lat' dir='ltr'><strong>(impermistum</strong></span> <span class='ocrx_word' id='word_1_765' title='bbox 2190 3870 2215 3899; x_wconf 81' lang='grc' dir='ltr'><strong>η</strong></span> <span class='ocrx_word' id='word_1_766' title='bbox 2247 3845 2536 3912; x_wconf 61' lang='grc' dir='ltr'><strong>κληρονομῦῧσα</strong></span> 
     </span>
    </p>
   </div>
   <div class='ocr_carea' id='block_1_13' title="bbox 2576 2095 2608 2124">
    <p class='ocr_par' dir='ltr' id='par_1_16' title="bbox 2576 2095 2608 2124">
     <span class='ocr_line' id='line_1_106' title="bbox 2576 2095 2608 2124; baseline -0.031 0"><span class='ocrx_word' id='word_1_767' title='bbox 2576 2095 2608 2124; x_wconf 87' lang='grc' dir='ltr'><strong>Β.</strong></span> 
     </span>
    </p>
   </div>
   <div class='ocr_carea' id='block_1_14' title="bbox 2628 2094 2733 2125">
    <p class='ocr_par' dir='ltr' id='par_1_17' title="bbox 2628 2094 2733 2125">
     <span class='ocr_line' id='line_1_107' title="bbox 2628 2094 2733 2125; baseline 0.019 -2"><span class='ocrx_word' id='word_1_768' title='bbox 2628 2094 2733 2125; x_wconf 37' lang='lat' dir='ltr'><strong>fel*</strong></span> 
     </span>
    </p>
   </div>
   <div class='ocr_carea' id='block_1_15' title="bbox 2595 2889 2861 2954">
    <p class='ocr_par' dir='ltr' id='par_1_18' title="bbox 2595 2889 2861 2954">
     <span class='ocr_line' id='line_1_108' title="bbox 2595 2889 2861 2954; baseline -0.011 0.724"><span class='ocrx_word' id='word_1_769' title='bbox 2595 2889 2778 2954; x_wconf 63' lang='lat' dir='ltr'><strong>mC0¹rdet</strong></span> <span class='ocrx_word' id='word_1_770' title='bbox 2791 2895 2861 2924; x_wconf 65' lang='lat' dir='ltr'><strong>par</strong></span> 
     </span>
    </p>
   </div>
  </div>
 </body>
</html>
