2996 4432
1231 149 1250 167 δ

1113 263 1160 295 m
1191 263 1400 296 PSALMUM
1432 265 1513 296 XV·

179 360 305 400 natus
327 369 352 400 a
370 342 462 400 Deo
475 388 487 411 ‚
508 358 810 412 praetereaque
832 364 857 395 a
878 350 1052 395 renibus
1070 352 1156 394 suis
1177 364 1278 394 eru-

184 428 299 471 ditus
329 433 460 470 noctu
481 458 494 481 ,
527 425 738 470 benedicit
765 423 982 474 bonorum
1010 422 1167 465 horum
1197 422 1276 466 da-

182 504 336 543 torem.
358 501 426 542 Fit
448 502 589 542 autem
606 494 813 539 eiusmodi
832 494 1071 538 intellectus
1086 507 1138 538 ex
1166 494 1278 538 divi-

185 583 333 614 narum
372 581 514 613 rerum
553 566 892 625 consideratione
921 567 1053 609 menti
1092 566 1274 610 obiecta.

185 643 379 697 Namque
407 644 440 684 a‘
461 640 570 683 facie
595 638 705 691 eius,
739 638 904 694 inquit,
936 638 1112 682 scientia
1143 643 1185 682 et
1206 640 1278 682 in-

183 712 393 755 tellectus.
427 713 492 754 Ita
519 713 652 753 semet
681 709 873 752 revelans
895 711 1092 752 Servator
1116 710 1280 753 homini

182 783 376 830 mandata
404 783 493 825 eius
515 781 755 834 observanti
774 813 787 835 ,
806 781 1108 837 intelligentiae
1129 782 1280 824 auctor

180 854 248 898 fit.
269 853 382 907 Quid
403 865 504 896 vero
525 853 698 908 insuper
718 852 926 907 significat
943 853 1074 896 dictio
1091 884 1103 908 ,
1121 853 1281 897 erudiri

183 926 399 969 hominem
417 937 441 967 a
460 924 634 967 renibus
653 924 772 967 suis?
789 925 1067 980 Perspicuum
1085 930 1169 979 est,
1191 938 1282 968 non

182 996 239 1039 de
273 990 560 1038 materialibus
594 995 670 1039 sed
710 995 764 1039 de
803 995 1158 1040 intellectualibus
1196 997 1282 1040 hoc

185 1066 269 1125 dici
283 1098 296 1120 ,
321 1067 397 1122 qui
418 1079 503 1110 una
523 1080 620 1110 cum
643 1066 774 1110 corde
793 1068 854 1110 sic
882 1072 1210 1124 nuncupantur,
1235 1069 1282 1111 in

182 1138 258 1181 illo
288 1138 435 1180 dicto:
469 1143 658 1181 scrutans
688 1138 822 1182 eorda
853 1143 896 1182 et
920 1152 1042 1182 renes
1071 1141 1201 1182 Deus.
1225 1141 1282 1182 Hi

184 1210 386 1253 nimirum
409 1223 554 1264 renes,
577 1223 673 1253 cum
691 1212 775 1254 sint
795 1212 1007 1266 perfectae
1025 1211 1283 1254 intellectio-

184 1294 259 1324 nes
273 1315 286 1336 ‚
319 1282 519 1325 erudiunt
548 1283 615 1324 his
634 1283 928 1326 immorantem
945 1316 957 1338 ,
979 1284 1123 1330 lumen
1143 1284 1281 1326 scieu-

184 1354 267 1396 tiae
296 1354 644 1409 suppeditantes,
670 1354 808 1398 donec
827 1355 1090 1409 ignorantiae
1106 1368 1192 1398 nox
1209 1356 1283 1399 illa

168 1425 464 1481 dispellatur,
504 1425 559 1468 de
598 1438 684 1482 qua
720 1426 881 1470 dictum
911 1431 1006 1469 est:
1044 1439 1130 1469 nox
1159 1439 1286 1482 prae-

187 1497 338 1549 cessit,
367 1495 457 1538 dies
478 1500 618 1539 autem
648 1497 1027 1552 appropinquavit.
1054 1488 1147 1540 Nox
1170 1500 1283 1558 enim

187 1565 315 1609 finem
350 1568 490 1622 capiet
508 1598 520 1620 ‚
554 1566 623 1610 die
660 1567 910 1610 succedente
950 1569 1026 1623 qui
1056 1567 1284 1611 conficitur

186 1651 212 1681 a
241 1639 404 1681 renium
431 1638 685 1681 eruditione.
712 1639 839 1691 Quod
873 1640 908 1682 si
942 1641 1068 1682 etiam
1101 1640 1283 1695 profun-

188 1709 336 1761 diores*
373 1710 680 1764 intellectiones
701 1702 847 1753 vnoctu
885 1710 994 1753 flunt
1015 1743 1027 1766 ,
1075 1715 1283 1766 quatenus

188 1785 252 1823 est
282 1781 456 1836 quidam
485 1794 625 1824 sermo
647 1781 854 1824 obscurus
885 1787 927 1824 ct
944 1783 1172 1838 mysticus,
1204 1795 1284 1838 pa-

186 1856 250 1894 tet
280 1852 398 1907 quod
428 1866 506 1908 per
527 1852 772 1895 huiusmodi
799 1858 969 1895 noctem
991 1853 1191 1896 erudiunt
1211 1867 1284 1896 re-

188 1936 264 1965 nes
277 1954 289 1976 ,
313 1937 381 1966 res
399 1937 572 1967 arcanas
590 1929 633 1966 et
651 1925 946 1978 aenigmaticas
967 1925 1281 1980 patefacientes.

190 1994 429 2048 Cognosces
458 1995 567 2036 hanc
596 1993 651 2036 dc
681 2007 765 2049 qua
795 1987 937 2049 agitur
964 2007 1115 2037 renum
1144 1994 1286 2037 effica-

185 2066 311 2118 ciam,
332 2066 366 2107 si
385 2078 613 2120 parumper
635 2078 867 2120 corporeos
885 2078 1004 2108 renes
1025 2065 1280 2108 consideres.

189 2136 348 2178 Dicunt
377 2149 480 2190 ergo
510 2137 554 2179 in
583 2136 873 2180 materialibus
902 2137 1074 2179 renibus
1108 2139 1286 2180 semina-

189 2207 271 2249 lem
303 2207 390 2249 vim
420 2211 462 2249 et
492 2209 730 2262 genituram
766 2207 1001 2263 elaborari,
1044 2221 1094 2251 ex
1131 2209 1286 2264 quibus

187 2280 232 2321 in
263 2279 464 2333 genitales
491 2292 627 2334 poros
655 2280 868 2335 profectae
888 2311 900 2333 ‚
933 2293 1060 2323 eausa
1080 2280 1188 2323 fiunt
1210 2293 1286 2335 ge-

188 2351 476 2403 nerationum.
501 2350 824 2394 Praedictorum
845 2351 1117 2407 similitudine
1137 2356 1284 2405 utens,

188 2423 352 2466 videbis
374 2436 475 2465 num
495 2414 579 2465 sint
601 2423 763 2466 animae
782 2426 914 2477 vires,
935 2424 1048 2466 unde
1069 2424 1287 2479 prodeunt

190 2506 313 2548 pares
341 2494 572 2536 seminibus
598 2495 806 2549 quaedam
837 2495 1167 2550 intellectiones‚
1193 2498 1287 2552 qui-

190 2563 271 2606 bus
285 2565 494 2607 interioris
511 2565 693 2607 bominis
707 2566 924 2620 geniturae
942 2560 1133 2609 confiunt
1147 2598 1160 2617 ,
1180 2581 1288 2622 quac

133 2624 140 2630 ’
190 2635 236 2676 in
265 2635 390 2677 bonis
418 2636 579 2679 actibus
595 2667 608 2690 ,
636 2641 679 2680 et
702 2638 891 2680 veritatis
920 2639 1290 2695 contemplationi-

192 2705 274 2747 bus
291 2707 543 2749 consistunt.
566 2706 649 2760 Qui
670 2711 816 2764 autem,
830 2713 978 2763 putare
994 2711 1097 2753 velit
1116 2723 1142 2753 a
1164 2724 1295 2766 prae-0

193 2775 317 2818 dictis
347 2776 485 2819 verbis
513 2779 750 2820 materiales
778 2791 898 2821 rcnes
928 2779 1146 2834 denotari,
1179 2781 1290 2824 dicet

191 2859 401 2891 summam
419 2851 772 2903 temperantiam.
837 2862 894 2892 .a
913 2851 1086 2894 renibus
1106 2853 1192 2912 suis
1212 2853 1292 2894 ho-

193 2919 349 2961 minem
379 2918 606 2972 edoctum,
631 2933 719 2963 non
741 2922 831 2963 sine
860 2921 1014 2976 pudica
1035 2923 1291 2977 cogitatione

195 2975 462 3045 corporalem
492 2991 726 3044 genituram
754 2992 908 3035 facere.

260 3081 277 3097 «ι
299 3061 587 3104 Providebam
616 3063 846 3106 Dominum
874 3065 919 3107 in
940 3070 1173 3121 conspectu
1194 3079 1291 3110 meo

202 3152 219 3168 υ
255 3145 423 3188 semper
445 3164 457 3186 ,
494 3134 696 3188 quoniam
725 3147 769 3184 a
779 3134 936 3178 dextris
977 3142 1040 3179 est
1069 3138 1202 3193 mihi,
1239 3151 1293 3180 ne
1323 3190 1327 3192 ῃ

202 3223 218 3240 ›
255 3216 543 3247 commov.ear
568 3223 584 3241 n
612 3204 719 3257 Quia
737 3205 841 3249 haec
861 3219 912 3250 ex
933 3208 1087 3251 Christi
1110 3222 1294 3264 persona

195 3274 422 3327 dicuntur3
443 3279 719 3318 conservatur
740 3280 881 3320 autem
906 3277 1068 3333 absque
1085 3280 1171 3322 ulla
1193 3292 1292 3323 mu-

195 3347 356 3388 tatione
379 3352 559 3401 per'sona
578 3347 653 3389 illa
680 3360 790 3402 quae
810 3348 904 3391 heic
927 3349 1056 3392 dicit:
1090 3363 1117 3393 a
1145 3353 1295 3394 Domi-

197 3430 253 3459 no
279 3430 378 3472 pars
402 3417 647 3460 hereditatis
674 3431 816 3472 meae,
837 3420 872 3462 si
899 3421 995 3475 quis
1016 3421 1097 3464 hos
1121 3434 1296 3479 quoque

194 3488 429 3531 versiculos
464 3501 542 3531 ceu
582 3502 607 3531 a
643 3490 826 3533 Domino
863 3490 1002 3534 dictos
1037 3494 1241 3548 accipiat,
1273 3507 1297 3537 a

197 3561 375 3603 veritate
394 3574 482 3603 non
501 3561 732 3604 aberrabit.
757 3562 836 3616 Qui
865 3568 1007 3606 autem
1030 3566 1142 3608 circa
1159 3566 1297 3609 Deum

172 3639 284 3675 ‘non
314 3621 473 3676 habent
501 3634 601 3675 satis
629 3633 773 3677 firmas
803 3636 1085 3690 cogitationes
1100 3667 1113 3690 ,
1134 3637 1297 3680 intelli·-

198 3708 306 3757 gnnt
321 3704 514 3747 localiter
527 3718 550 3748 a
566 3705 725 3749 dextris
741 3718 830 3750 esse
848 3707 987 3751 Patris
1002 3708 1154 3751 Filium
1167 3741 1180 3763 ,
1196 3721 1298 3765 pro-

2361 257 2455 304 175

1347 371 1415 397 και
1441 349 1674 406 παιδευθεις
1707 372 1802 417 προς
1835 374 1909 402 των
1943 376 2058 406 εαυτο
2063 359 2088 404 ῧ
2117 361 2257 424 νεφρῶν
2289 360 2360 415 ἕως
2389 383 2457 410 νυ-

1348 417 1469 477 κτός,
1508 422 1659 486 ευλογεῖ
1696 442 1762 470 τον
1800 445 1943 474 τουτων
1982 429 2056 475 τῶν
2086 427 2254 492 ἀγαθῶν
2292 433 2452 500 dat-apoc·

1347 488 1516 556 ὑπάρχει
1555 489 1598 539 δὲ
1634 514 1677 542 το
1716 498 2000 547 συνετισθῆναι
2040 519 2267 563 φαντασιας
2309 504 2453 559 θεικης

1348 561 1558 626 γενομένης
1590 565 1647 625 τῷ
1675 565 1744 626 νῷ·
1782 587 1799 607 α
1819 562 1899 614 οὶπο
1932 587 2002 631 προ
1987 566 2110 616 coin:
2112 591 2134 616 υ
2158 591 2234 635 γαρ
2265 593 2357 638 φησι
2383 577 2454 623 αὐ-

1351 653 1445 692 τον,
1481 653 1624 697 γνωσις
1668 654 1734 680 και
1781 654 1954 690 συνεσις’
1985 661 2003 680 ¹»
2054 660 2175 695 ουτως
2228 640 2455 728 ἐμφανίζων

1351 701 1496 752 ἑαυτὸν
1527 705 1547 750 o‘
1579 724 1714 770 σωτηρ
1750 708 1805 767 τῷ
1842 705 1975 770 ἔχοντι
2014 706 2088 763 τὰς
2130 710 2293 768 ἐντολας
2330 715 2455 766 aaz-01⁶3

1349 795 1419 821 >eu
1456 795 1544 840 τηρο
1529 776 1633 824 ῧντι
1677 795 1840 836 αυτας,
1879 775 2074 833 συνέσεως
2117 781 2243 836 αἴτιος
2284 782 2455 848 γίνεται.

1351 840 1409 892 Τι’
1440 841 1484 892 δε
1515 842 1631 905 βοῦλε
1635 866 1702 895 ται
1725 867 1806 894 και
1845 867 1889 896 το
1929 847 2204 900 ωαιόευεσθαι
2245 874 2335 903 τινα
2370 857 2454 908 ὑωο

1352 918 1428 964 τῶν
1465 913 1658 982 σφετέρων
1694 937 1874 984 νεφρωνς
1913 940 2079 986 φανερον
2116 919 2159 969 δὲ
2197 922 2250 977 ὦς
2286 927 2329 972 εὖ
2335 949 2454 1014 crepe

1353 1007 1428 1035 των
1458 988 1708 1046 αἰσθητῶν,
1746 985 1855 1035 ἀλλα
1890 1012 1980 1075 περι
2013 997 2088 1040 τῶν
2126 996 2270 1043 νοητῶν
2307 995 2459 1061 εἴρηται

1354 1077 1395 1104 τε
1399 1060 1467 1107 &ro
1500 1053 1577 1108 των
1609 1077 1681 1109 συν
1718 1061 1787 1124 τῇ
1792 1057 1946 1146 καρδιᾳ
1981 1060 2277 1126 ὀνομαζομένων
2310 1067 2349 1115 ἐν
2380 1091 2458 1132 τῳ,

1355 1124 1507 1183 ε’τάζων
1537 1124 1703 1195 καρδίας
1732 1151 1800 1178 και
1832 1151 1992 1197 νεφρους
2026 1135 2044 1180 ὅ
2077 1131 2184 1189 θεός·
2215 1133 2320 1186 οὗτοι
2356 1136 2458 1207 γὰρ,

1353 1218 1504 1252 νοησεις
1551 1198 1695 1250 τέλειαι
1746 1223 2045 1267 τυγχανοντες,
2090 1204 2345 1257 παιδεύουσιν
2389 1232 2460 1261 τον

1355 1267 1616 1333 ἐφιστοῖνοντα
1636 1309 1649 1332 ,
1683 1293 1761 1338 φως
1797 1294 1970 1338 γνωσεως
2006 1297 2106 1341 παρε
2098 1274 2164 1339 ’χο
2147 1298 2288 1337 ντες,
2325 1303 2397 1336 εως
2433 1305 2460 1334 η

1354 1341 1423 1393 τῆς
1456 1340 1618 1406 ἀγνοιας
1651 1346 1752 1394 lvo-R
1785 1341 1891 1400 νυξ
1878 1365 2027 1407 εκεινη,
2055 1368 2139 1413 περι
2163 1345 2214 1404 ’ἧς
2240 1349 2409 1417 εἴρηται·
2433 1377 2460 1406 η

1353 1408 1422 1465 vu}
1459 1410 1596 1478 ωροέκο
1580 1419 1696 1477 ψεν,
1730 1437 1756 1466 η
1787 1411 1831 1462 δε
1861 1413 1989 1480 ἣμερα
2027 1438 2199 1483 ηγγικεν·
2233 1419 2352 1487 (vv-3⁴)
2383 1444 2461 1488 γαρ

1354 1478 1470 1536 τέλος
1500 1483 1709 1547 λήψεται,
1741 1507 1893 1552 ημερας
1926 1486 2234 1551 ὂιαόεξαμὲνης,
2270 1515 2462 1543 συνιστα-

1352 1548 1476 1615 μένης
1510 1575 1551 1602 Εκ
1583 1577 1652 1610 της
1686 1577 1761 1605 των
1793 1576 1938 1623 νεφρῶν
1970 1557 2226 1614 παίδευσεως
2255 1584 2286 1610 ΕΙ
2321 1561 2361 1612 δὲ
2392 1586 2458 1614 καί
2491 1557 2499 1561 ⁸

1355 1643 1410 1671 τα
1439 1623 1642 1691 βαθύτερα
1673 1647 1749 1675 των
1773 1645 1974 1690 νοηματων
2002 1627 2065 1678 ὂια
2090 1635 2165 1685 τῆς
2188 1652 2326 1688 νυκτος
2357 1658 2462 1703 παρ-

1355 1716 1418 1743 w.
1401 1715 1551 1756 ἀται,
1579 1697 1840 1752 καταλλήὶως
1872 1702 1927 1763 τῷ
1958 1722 2060 1750 ειναι
2097 1724 2185 1752 τινα
2217 1700 2331 1769 λέγον
2370 1729 2462 1755 σκο-

1355 1785 1513 1825 -εινον,
1553 1769 1656 1817 τουτ’
1693 1770 1778 1818 ἐστι
1813 1772 2041 1832 μυστικὲν,
2089 1773 2254 1859 φανερὸν
2299 1777 2357 1823 ὅτι
2394 1800 2460 1826 και

1355 1836 1428 1891 ἕως
1453 1859 1603 1893 ταυτης
1627 1842 1700 1894 τῆς
1724 1862 1862 1895 νυκτος
1885 1840 2136 1893 παιόενουσιν
2167 1845 2199 1892 οἱ
2225 1865 2333 1912 νεφρο
2318 1870 2374 1906 ι,
2407 1869 2462 1897 τοι

1357 1906 1566 1992 ἀπόκρΝυφα
1600 1931 1669 1957 και
1707 1909 1975 1976 αἰνιγματώδη
2014 1911 2313 1979 σαφηνιζοντες.
2353 1924 2462 1966 Γνω-

1357 1999 1407 2041 σῃ
1441 1982 1516 2027 τῶν
1548 1978 1802 2047 προκειμένων
1828 1987 1972 2049 νεφρῶν
1997 1982 2067 2035 τὴν
2092 1983 2312 2051 ἐνέργειαν,
2338 1984 2462 2075 ἐλιγα

1355 2049 1463 2098 ἅττα
1496 2071 1571 2099 των
1603 2059 1834 2114 σωματικῶν
1869 2054 2097 2125 θεωρήσας·
2138 2053 2295 2120 λέγεται
2333 2080 2462 2108 τοινυν

1355 2118 1408 2174 ὦς
1441 2139 1480 2166 εν
1519 2124 1604 2175 τοῖς
1641 2123 1857 2178 αισθητοις
1895 2146 2002 2192 νεφρι
1990 2150 2047 2181 ις
2070 2165 2082 2186 ,
2122 2126 2389 2194 σπερματικαί
2420 2153 2462 2180 τε

1358 2187 1544 2253 δυνάμεις
1575 2214 1641 2241 και
1672 2215 1782 2258 γοναι
1809 2217 2092 2258 συνιστανται,
2119 2199 2185 2264 αφ’
2208 2219 2259 2246 ων
2292 2221 2346 2254 εις
2371 2221 2463 2256 τους

1357 2282 1555 2325 γεννητικο
1558 2286 1599 2318 υς
1645 2261 1791 2329 σε’ρους
1836 2289 2069 2332 χωρευσαι,
2117 2269 2245 2318 αἴτιαι
2288 2267 2464 2335 γίνονται

1357 2353 1625 2395 γεννηματων·
1658 2358 1759 2390 τοις
1772 2338 1836 2385 εὖτ
1841 2360 1871 2385 ω
1903 2341 2116 2401 λεχθεισιν
2156 2337 2273 2388 εικόνι
2307 2339 2466 2406 χρησά-

1357 2424 1470 2463 μενος
1455 2442 1496 2464 ,
1517 2404 1623 2470 οψει
1670 2429 1702 2455 ει
1743 2403 1818 2455 εἰεν
1863 2412 1996 2472 ψυχης
2043 2412 2264 2472 ουναμεις,
2309 2413 2377 2478 ἀφ’
2413 2418 2465 2460 ὡν

1359 2470 1551 2540 προΐασιν
1594 2475 1898 2542 οἷναλογουντα
1918 2503 1999 2529 ow:
1992 2478 2128 2547 ’ρμασὶ
2175 2501 2264 2531 τινα
2308 2479 2467 2567 veliga-

1360 2566 1444 2605 τα,
1475 2548 1572 2595 καθ
1610 2570 1638 2596 α
1673 2571 1910 2599 συνισταται
1949 2574 2003 2600 τα
2039 2574 2078 2600 τε
2083 2554 2107 2598 ῧ
2145 2549 2222 2600 ’ἔσω
2257 2550 2443 2618 ανθρωπο
2427 2576 2468 2601 υ

1359 2636 1627 2680 γεννηματα,
1668 2621 1708 2666 ἐν
1745 2619 1944 2687 ωροῖξεσιν
1977 2624 2213 2678 ἐπαινεῖ-αῖς
2248 2645 2315 2670 και
2358 2629 2469 2671 θεω-

1358 2706 1466 2751 ριαις
1499 2710 1575 2743 της
1607 2688 1756 2741 οἶληθέ
1727 2712 1810 2746 ειας
1848 2690 1997 2753 ἔχοντα
2030 2715 2072 2742 το
2112 2689 2225 2740 εἰναι·
2265 2693 2283 2741 o‘
2320 2692 2470 2753 βουλό-

1360 2779 1478 2818 μενος
1509 2780 1595 2824 περι
1629 2780 1703 2809 των
1717 2784 1970 2848 σωματικων
2004 2785 2042 2810 νε
2028 2784 2148 2828 ιφρων
2185 2785 2386 2827 σημαινειν
2425 2785 2470 2813 το

1361 2849 1584 2894 πρεκειμενι
1588 2853 1634 2887 ν,
1661 2833 1720 2897 ἐρ;
1707 2855 1736 2878 ι
1764 2854 1838 2884 την
1863 2835 2095 2899 ἀκραιφνεστ
2082 2855 2197 2884 oce-av
2224 2832 2471 2899 σωφροσύνην

1363 2897 1514 2961 ’έχοντα
1537 2905 1784 2951 πεπαιδευ..
1800 2904 1873 2965 Α)
1894 2925 1968 2951 των
1995 2906 2136 2970 νεφρῶν
2160 2927 2257 2954 αντε
2261 2908 2304 2960 ὖ,
2332 2907 2473 2970 ἐπεχο-

1362 2967 1488 3031 μὲνων
1514 2967 1738 3037 σωφρονιὶο
1723 2977 1871 3038 γισμῷ
1885 2994 2011 3057 ρειντ
2047 2996 2314 3061 ςσωματικας
2335 2974 2466 3040 γονάς.

1440 3065 1457 3085 κ
1488 3041 1733 3108 Πμωραῖμην
1765 3065 1833 3094 τον
1857 3042 1998 3108 κύριον
2011 3043 2170 3094 ενωπιόν
2195 3068 2271 3106 μου
2303 3048 2472 3096 διαπαν-

1373 3133 1392 3154 n
1432 3110 1535 3168 τᾶς,
1575 3114 1636 3162 ὅτι·
1675 3114 1716 3160 ἐκ
1756 3115 1798 3161 ἐκ
1844 3117 1974 3170 ὂεξιων
2011 3138 2083 3178 μου
2127 3112 2275 3176 ἐστιν,
2315 3139 2382 3164 ινα
2418 3140 2474 3180 μτι

1375 3204 1393 3223 »
1430 3187 1688 3231 σαλευθῶ.»
1726 3181 1841 3234 Ἐπει
1875 3187 1917 3233 ἐκ
1950 3207 2024 3251 op:
2031 3209 2132 3236 cmm
2137 3208 2160 3233 υ
2196 3209 2239 3236 το
2242 3210 2265 3234 υ
2295 3194 2430 3252 Χριστ
2434 3192 2477 3236 οὔ

1365 3250 1526 3337 λέγεται
1565 3275 1618 3303 τα
1662 3252 1931 3321 προκείμενα,
1977 3255 2224 3324 φυλαττεται
2269 3254 2311 3307 δε
2354 3281 2480 3325 χωρις

1366 3347 1495 3379 πασης
1527 3328 1678 3387 μεταβε
1682 3326 1754 3380 λῆς
1788 3348 1831 3375 το
1861 3324 1951 3391 λέγι
1955 3349 1975 3374 ν
2001 3350 2133 3377 ταυτα
2164 3349 2345 3394 προσωπ
2330 3349 2369 3377 ον
2398 3351 2476 3395 απο

1367 3398 1436 3444 τοῦ
1467 3417 1597 3461 κυριου
1617 3433 1631 3453 ,
1662 3419 1690 3448 η
1720 3417 1835 3462 μερις
1874 3400 1942 3452 τῆς
1974 3405 2131 3465 κὶῃρενε
2134 3396 2228 3462 μίας
2264 3423 2338 3463 μου
2359 3438 2371 3460 ,
2410 3423 2477 3448 και

1370 3487 1459 3519 τους
1492 3487 1657 3551 στιχρυς
1687 3490 1761 3517 vno
1798 3489 1901 3534 κυριο
1905 3490 1928 3515 υ
1965 3469 2184 3534 εἰρημένους
2221 3467 2479 3534 ἐκλαμβάνων

1369 3538 1498 3592 τις,
1483 3539 1556 3599 οὐχ
1579 3557 1816 3603 αμαρτανει·
1850 3541 1884 3587 οἶ
1916 3561 1971 3602 μη
2003 3540 2165 3604 ἔχοντες
2197 3538 2241 3590 δε
2275 3563 2361 3608 περι
2388 3537 2480 3588 θεου

1371 3607 1454 3654 ew:
1459 3604 1523 3661 ιάς
1569 3606 1898 3692 διηρθρωμένας,
1946 3631 1987 3658 τε
1993 3616 2117 3666 ωικῶς
2172 3610 2480 3675 ἑκλαμβανουσιν

1371 3679 1412 3724 ἐκ
1443 3680 1578 3734 δεξιων
1613 3699 1711 3726 ειναι
1744 3682 1812 3729 τοῦ
1843 3701 2001 3747 ωατρος
2035 3704 2103 3731 τεν
2139 3681 2223 3731 υἱον
2244 3721 2258 3741 ,
2299 3681 2420 3729 δια
2398 3703 2443 3730 το
2464 3718 2478 3740 ,

275 3807 326 3849 31)
345 3809 444 3842 Deest
461 3818 547 3843 unus
567 3810 746 3852 scripturae
764 3813 948 3847 versiculus
968 3814 1100 3857 propter
1121 3814 1268 3848 infimam
1286 3815 1467 3857 praecisam
1489 3815 1613 3850 codicis
1634 3817 1660 3849 A
1690 3815 1935 3859 membranam,
1960 3817 2048 3860 quod
2080 3826 2147 3851 non
2174 3817 2273 3851 semel
2299 3816 2478 3850 incommo-

199 3860 281 3894 dum
301 3860 386 3895 infra
407 3871 538 3905 quoque
556 3866 710 3899 recurret.

2517 3071 2591 3095 V..
