2996 4432
240 1257 308 1288 cod.
329 1255 350 1287 f.
370 1260 430 1287 163.

481 221 572 267 ῙῙ-Ῐι
978 232 1107 263 CARD.
1145 231 1386 262 DEUSDEDIT
1419 229 1589 262 CONTRA
1623 230 1862 263 INVASO'RES
1896 231 1990 263 ETC.
2028 233 2115 263 Lm.
2153 231 2216 263 lv.

473 321 686 362 municato
718 319 863 360 saltem
894 317 938 359 in
968 316 1097 359 domo
1137 316 1260 358 simul
1298 316 1580 371 oraverit‚·is
1610 316 1905 359 communione
1943 317 2151 371 privetur.
2172 337 2190 354 υ
2226 317 2427 360 Callixtus
2455 320 2497 362 in
2529 319 2724 364 decretis,

479 409 496 427 «
521 391 653 433 Nemo
684 402 781 432 cum
809 389 1181 431 excommunicatis
1210 388 1255 430 in
1285 386 1476 430 oratione
1514 392 1586 430 6111
1624 387 1722 429 61110
1761 388 1832 430 vel
1861 392 1969 442 potu
2007 394 2081 432 aut
2116 391 2262 433 osculo
2300 393 2583 435 communicet
2602 424 2615 445 ,
2647 406 2729 436 1166

473 474 550 504 ave
580 462 638 503 615
668 460 794 502 dicat.
821 479 837 495 »
872 459 1083 502 Iohannes
1113 458 1332 513 apostolus
1361 458 1414 501 de
1441 458 1700 501 huiusmodi.
1739 458 1914 501 «Nolite
1943 460 2129 515 recipere
2159 474 2253 503 eum
2283 461 2328 503 in
2360 461 2488 504 domo
2508 494 2519 516 ,
2553 475 2631 506 nec
2652 476 2730 506 ave

472 532 658 575 dixeritis
688 531 743 573 ei.
776 530 856 582 Qui
886 534 1027 572 autem
1058 530 1161 572 dicit
1190 531 1256 583 ei,
1290 542 1367 572 ave
1385 561 1398 584 ,
1430 530 1716 572 communicat
1745 530 1834 571 eius
1865 530 2064 584 operibus
2086 532 2329 587 malignis.»
2356 534 2406 576 In
2431 534 2612 576 concilio
2633 534 2723 577 lao-

473 603 630 645 dicensi
648 602 774 645 1111110
798 603 931 644 ·VIII·
963 620 979 636 «
994 603 1087 643 Non
1107 602 1211 651 licet¹
1228 601 1445 644 catholicis
1464 601 1519 644 ad
1538 601 1846 643 haereticorum
1865 601 2086 655 speluncas
2107 615 2232 645 causa
2251 605 2449 646 orationis
2471 604 2714 647 accedere.»

471 675 756 729 Hieronymus
786 686 914 728 super
943 674 1065 716 Osee.
1103 691 1119 708 «
1139 675 1234 715 Non
1265 677 1437 728 oportet
1472 671 1791 714 benedictiones
1828 672 2138 714 haereticorum
2177 675 2392 730 accipere,
2436 688 2544 730 quae
2585 675 2723 717 111616-

472 745 676 788 dictiones
705 750 816 787 sunt.
843 765 859 800 »
895 745 1122 797 Gregorius
1150 745 1196 787 in
1224 746 1374 787 ultimo
1398 744 1624 786 moralium
1652 743 1714 784 ita
1732 742 1895 786 scribit.
1934 761 1955 778 «-
1972 744 2295 797 Haereticorum
2324 747 2530 789 sacrificia
2551 751 2725 802 accepta

470 815 562 857 Deo
581 828 668 858 esse
690 828 775 858 non
797 820 1000 870 possunt,
1025 815 1105 857 nisi
1132 827 1214 871 pro
1239 815 1298 857 eis
1320 813 1561 856 universalis
1590 814 1789 856 ecclesiae
1818 813 2011 856 manibus
2042 813 2320 856 offerantur.«
2354 817 2460 858 0566
2493 818 2723 873 propheta.

478 904 494 922 a
517 886 728 928 sacrificia
748 898 895 928 eorum
914 891 1128 941 tamquam
1158 887 1275 941 panis
1302 886 1471 938 luctus3
1502 897 1649 927 omnes
1672 885 1747 939 qui
1778 884 2031 928 manducant
2055 897 2104 927 ea
2131 886 2543 930 contaminabuntur.
2566 907 2583 924 u
2615 889 2727 930 Hie-

470 969 674 1011 ronymus
702 969 827 1012 super
854 957 1100 1012 prophetas,
1143 975 1159 991 «
1178 956 1278 998 Odit
1306 955 1514 997 Dominus
1540 955 1740 998 sacrificia
1770 956 2080 998 haereticorum
2112 960 2154 998 et
2189 969 2213 999 a
2240 969 2284 998 se
2310 957 2502 1011 proiicit;
2535 963 2578 1000 et
2609 971 2723 1014 quo-r

470 1029 730 1082 tiescumque
758 1028 837 1070 sub
870 1028 1040 1070 nomine
1067 1028 1237 1070 Domini
1264 1026 1420 1069 fuerint
1455 1027 1729 1082 congregati,
1766 1026 1994 1069 detestatur
2027 1024 2237 1069 foetorem
2272 1039 2420 1069 eorum
2439 1058 2451 1080 ,
2492 1031 2534 1069 et
2571 1029 2725 1072 claudit

472 1111 590 1141 aures
624 1111 734 1141 suas.
760 1118 777 1134 »
1080 1131 1082 1133 .

597 1172 663 1211 ll.
698 1170 890 1225 Pelagius
919 1183 1023 1226 papa
1042 1169 1207 1213 Viatori
1236 1173 1279 1211 et
1304 1170 1545 1213 Pancratio.
1577 1186 1594 1205 (ι
1610 1169 1646 1211 Α
1669 1167 2030 1213 schismaticorum
2059 1168 2299 1225 sacrificiis,
2323 1171 2465 1224 potius
2495 1173 2635 1211 autem
2663 1180 2728 1211 sa-

474 1241 652 1295 crilegiis
674 1273 685 1295 ,
718 1241 924 1291 abstinere
960 1241 1135 1283 debetis.
1163 1259 1179 1276 »
1217 1240 1337 1282 Idem
1365 1241 1411 1283 in
1445 1241 1605 1283 eadem.
1646 1258 1664 1276 «
1683 1241 1779 1283 Non
1814 1244 1877 1282 est
1906 1239 2061 1282 Christi
2093 1253 2251 1295 corpus
2284 1241 2403 1296 quod
2439 1239 2733 1283 scihsmaticus.

473 1313 655 1355 confecit
690 1315 742 1367 l);
772 1324 909 1367 neque
940 1313 1050 1354 enim
1081 1312 1263 1354 divisum
1284 1312 1495 1355 Christum
1521 1312 1678 1367 poterit
1706 1312 1929 1367 quisquam
1958 1312 2047 1354 sine
2076 1312 2261 1368 apostoli
2290 1312 2591 1367 reprobatione
2619 1324 2727 1354 con-

472 1383 646 1438 fingere.
680 1386 837 1438 Unam,
866 1388 915 1425 ut
943 1396 1068 1438 saepe
1098 1383 1257 1425 dictum
1289 1387 1379 1437 est,
1412 1395 1522 1438 quae
1556 1383 1710 1426 Christi
1742 1394 1926 1437 corpus,
1961 1387 2126 1426 constat
2152 1396 2240 1426 6556
2273 1383 2512 1436 66616516111,
2543 1395 2652 1438 quae
2681 1383 2728 1425 in

471 1455 558 1506 duo
594 1455 662 1498 vel
691 1456 736 1497 in
771 1455 895 1510 plura
928 1454 1058 1497 dividi
1084 1467 1172 1497 non
1198 1459 1356 1510 potest.
1389 1455 1519 1497 Simul
1548 1455 1658 1497 enim
1688 1467 1786 1497 cum
1812 1453 1865 1496 ab
1897 1466 1946 1497 ea
1975 1454 2167 1498 Christus
2197 1454 2456 1508 discesserit,
2493 1467 2579 1498 esse
2615 1454 2727 1498 desi-

470 1527 543 1568 stit
570 1526 763 1568 ecclesia.<
789 1528 925 1569 Unum
953 1526 1157 1581 templum
1184 1529 1228 1567 et
1255 1526 1532 1568 Hierusalem.
1569 1525 1700 1568 Idolis
1728 1538 1896 1569 11666556
1925 1530 2058 1568 estut
2081 1526 2295 1580 11111110161;
2324 1526 2399 1581 qui
2428 1530 2561 1568 semet
2587 1525 2727 1580 ipsum

471 1599 682 1641 diviserit:
717 1599 874 1643 alienus
904 1603 993 1653 est,
1023 1597 1228 1653 profanus
1256 1602 1347 1651 est,
1382 1598 1516 1641 hostis
1546 1603 1626 1641 est.
1658 1598 1827 1641 Habere
1856 1610 1943 1640 non
1974 1602 2116 1653 potest
2141 1599 2279 1639 Deum
2309 1602 2499 1652 patrem,
2535 1597 2612 1652 qui
2632 1597 2730 1638 uni-

469 1671 642 1713 versalis
673 1670 872 1712 ecclesiae
903 1683 990 1712 non
1019 1670 1205 1712 tenuerit
1233 1671 1469 1712 veritatem.
1491 1689 1509 1705 »
1552 1670 1604 1711 In
1633 1669 1817 1712 concilio
1858 1669 2131 1711 6111106116110.
2171 1687 2187 1704 «
2210 1669 2475 1723 Quicumque
2504 1669 2729 1723 episcopus

471 1743 692 1785 damnatus
721 1755 745 1784 a
776 1742 941 1798 synodo
959 1773 971 1795 ,
1002 1742 1069 1784 vel
1098 1742 1323 1798 presbyter
1351 1746 1423 1784 aut
1453 1741 1659 1783 diaconus
1677 1754 1701 1783 a
1721 1753 1798 1783 suo
1830 1741 2033 1796 episcopo
2050 1771 2062 1794 ,
2085 1740 2175 1783 ausi
2194 1739 2352 1782 fuerint
2383 1734 2545 1795 aliquid
2575 1739 2627 1782 de
2648 1739 2728 1781 mi-

469 1815 642 1856 nisterio
673 1825 791 1855 sacro
822 1814 1068 1868 contingere
1085 1846 1097 1868 ,
1123 1814 1209 1856 sive
1239 1813 1466 1868 episcopus
1494 1813 1611 1855 iuxta
1639 1812 1959 1868 praecedentem
1989 1813 2334 1856 consuetudinem
2350 1844 2361 1866 ,
2391 1815 2476 1854 sive
2506 1811 2730 1868 presbyter

471 1891 543 1929 aut
572 1886 799 1940 diaconus,
824 1886 941 1928 nullo
972 1885 1102 1928 modo
1126 1886 1249 1928 liceat
1279 1887 1318 1928 ei
1340 1899 1417 1928 nec
1439 1886 1484 1928 in
1510 1885 1590 1928 alia
1618 1879 1787 1941 synodo
1817 1884 2095 1927 restitutionis
2124 1896 2268 1939 spem,
2300 1889 2372 1927 aut
2400 1885 2542 1926 locum
2572 1883 2730 1926 habere

470 1957 757 1999 satisfactioni.
783 1957 862 1999 Sed
884 1961 926 1999 et
944 1958 1300 1999 communicantes
1323 1958 1362 1999 61
1385 1968 1532 1999 01111165
1560 1956 1684 1999 6111161
1714 1956 1768 1998 (16
1799 1956 1975 1998 66616516
1992 1987 2010 2010 ,,
2025 1959 2070 1998 61
2091 1956 2271 1998 maxime
2297 1957 2331 2010 si
2347 1960 2543 2010 postqam
2563 1954 2733 1998 didiee-ss'

469 2029 555 2070 rint
588 2028 786 2071 adversus
813 2033 1069 2071 memoratos
1093 2028 1237 2077 fuisse
1257 2029 1467 2083 prolatam
1501 2029 1776 2080 sententiam,
1807 2026 1967 2069 eisdem
1995 2026 2308 2069 communicare
2334 2026 2604 2068 tentaverint.
2636 2027 2748 2067 Au-'

471 2099 660 2152 gustinus
688 2099 740 2141 de
769 2099 1022 2142 obedientia.
1054 2099 1200 2141 «Nihil
1220 2100 1311 2141 Deo
1333 2099 1470 2155 placet
1492 2098 1712 2154 quomodo
1737 2097 1995 2141 obedientia.
2020 2097 2152 2140 Ch‘am
2175 2097 2422 2139 maledictus
2443 2097 2548 2151 fuit,
2570 2101 2612 2139 et
2630 2095 2730 2152 po'st

469 2170 600 2212 multa
630 2171 792 2213 saecula
822 2175 960 2213 manet
978 2204 990 2226 ,
1024 2171 1194 2226 quando
1227 2171 1383 2214 dicitur
1412 2183 1551 2213 semen
1581 2171 1713 2213 Cham
1732 2201 1744 2224 ,
1771 2174 1814 2211 et
1843 2182 1931 2212 non
1960 2168 2094 2221 Iuda,
2128 2168 2230 2223 quia
2251 2169 2365 2223 patri
2394 2181 2483 2211 non
2514 2173 2577 2211 est
2608 2167 2730 2211 obse-

471 2245 607 2283 cutus.
642 2243 835 2284 Ceterum
864 2243 984 2296 Sem,
1011 2243 1109 2297 quia
1138 2243 1367 2285 obsecutus
1396 2247 1460 2285 est
1488 2243 1624 2298 patri,
1645 2233 1984 2283 benedictionem
2008 2238 2153 2282 habuit
2182 2239 2228 2281 in
2259 2240 2401 2281 omnia
2430 2239 2609 2283 saecula.
2635 2241 2729 2282 Hoc

471 2314 617 2368 itaque
646 2313 772 2355 dico:
798 2326 885 2356 non
915 2318 977 2356 est
1004 2314 1191 2356 filiorum
1218 2314 1407 2357 iudicare
1430 2315 1482 2357 de
1502 2306 1708 2369 patribus.
1743 2312 1825 2366 Qui
1855 2313 1968 2366 patri
1997 2323 2086 2354 non
2116 2310 2367 2365 obsequitur
2383 2341 2394 2361 ,
2418 2312 2510 2352 Deo
2542 2322 2628 2352 non
2649 2309 2729 2351 ob·-

471 2386 687 2439 sequitur:
723 2384 799 2439 qui
827 2385 1059 2427 contemnit
1089 2380 1280 2440 patrem,
1314 2385 1549 2428 contemnit
1579 2384 1792 2426 Christum
1813 2383 1887 2436 qui
1915 2383 1961 2424 in
1983 2381 2176 2437 patribus
2205 2385 2281 2422 est.
2307 2381 2351 2423 Si
2371 2380 2619 2425 ieiunaveris
2637 2380 2728 2423 die-

470 2455 552 2496 bus
582 2459 625 2496 et
653 2455 850 2497 noctibus
881 2456 1201 2511 orationemque
1230 2456 1406 2509 feceris,
1429 2456 1464 2498 si
1492 2456 1538 2497 in
1567 2467 1697 2496 56660-
1718 2453 1847 2495 fueris
1877 2452 1943 2494 vel
1971 2452 2018 2494 in
2047 2452 2210 2503 cinere,
2236 2451 2273 2493 si
2302 2451 2409 2493 nihil
2437 2451 2550 2494 aliud
2579 2451 2728 2494 feceris
2761 2489 2763 2491 ,

471 2526 549 2567 11151
579 2526 879 2581 quodcumque
909 2531 1182 2582 praeceptum
1211 2531 1273 2568 est
1301 2527 1348 2569 in
1375 2527 1466 2581 lege
1483 2557 1496 2579 ,
1521 2530 1563 2568 et
1582 2525 1661 2567 11111
1678 2523 1820 2572 fueris,
1838 2523 1956 2579 quasi
1987 2522 2152 2578 sapiens
2171 2554 2183 2576 ,
2209 2526 2253 2564 et
2274 2521 2476 2563 obediens
2506 2522 2618 2576 patri,
2641 2534 2728 2565 non

470 2596 627 2650 fueris,
665 2609 810 2639 omnes
839 2597 1013 2639 virtutes
1042 2596 1279 2652 perdidisti.
1305 2615 1323 2633 »
1355 2598 1446 2639 Una
1473 2595 1712 2638 obedientia
1741 2594 1837 2649 plus
1859 2594 1971 2636 valet
1994 2605 2123 2648 quam
2147 2604 2290 2634 omnes
2309 2592 2500 2634 virtutes.
2521 2593 2736 2636 Ieiunium·

471 2667 538 2709 vel
567 2668 826 2710 continentia
854 2669 933 2710 nisi
962 2673 1005 2710 te
1035 2668 1259 2722 diligenter
1288 2668 1545 2719 attenderis,
1578 2665 1777 2721 superbia
1806 2670 1882 2709 est.
1917 2665 2181 2718 Quicumque
2210 2675 2299 2705 non
2329 2663 2502 2716 obedit,
2545 2655 2639 2706 non>
2662 2664 2729 2708 fa-

471 2740 530 2781 cit
558 2739 610 2781 de
640 2741 858 2783 sanctitate
887 2740 961 2783 sed
991 2740 1043 2783 de
1082 2741 1290 2796 superbia.
1332 2741 1436 2784 Ideo
1470 2741 1583 2783 enim
1617 2747 1712 2782 non'
1746 2737 1925 2791 obedit,
1958 2737 2059 2793 quia
2089 2735 2307 2777 meliorem
2337 2747 2380 2776 56
2412 2738 2535 2788 putat
2574 2746 2626 2776 eo
2658 2735 2729 2778 cui

472 2823 560 2852 non
591 2811 752 2853 obedit.
786 2810 888 2854 Odit
915 2813 1028 2854 Deus
1058 2824 1131 2854 eos
1162 2813 1237 2867 qui
1267 2811 1466 2854 adversus
1486 2816 1625 2867 patres
1655 2811 1923 2862 animantur,
1947 2811 1990 2850 et
2011 2810 2180 2862 patrum
2202 2805 2418 2847 invasores
2440 2804 2581 2859 quiin
2611 2806 2730 2847 omni

471 2883 632 2925 mundo
651 2883 821 2925 infamia
841 2887 1058 2926 notantur.
1079 2883 1277 2927 Iohannis
1296 2884 1603 2939 chrysostomi,
1630 2882 1783 2925 Gelasii
1797 2912 1809 2935 ,
1832 2871 2060 2934 Gregorii,
2077 2877 2268 2932 Pelagii,
2290 2875 2500 2918 Paschalis
2516 2908 2528 2930 ,
2552 2876 2731 2932 Cypria-

472 2954 546 3007 ni,
587 2954 836 3009 Hieronymi
865 2959 907 2997 et
943 2955 1170 3009 Augustini
1206 2955 1397 3010 sequitur
1432 2955 1537 2997 haec
1572 2954 1807 3005 sententia,
1840 2963 1969 3007 quam
2007 2949 2180 2992 nomine
2209 2947 2412 2990 Iohannis
2443 2947 2728 3003 chrysostomi

472 3024 683 3067 titulatam
711 3027 865 3080 reperi.
897 3027 1159 3069 Paenitentia
1188 3031 1230 3068 et
1260 3026 1507 3069 communio·
1535 3038 1561 3067 a
1589 3025 1708 3067 nullo
1740 3024 1821 3066 nisi
1850 3035 1876 3065 a
1905 3020 2116 3065 catholico
2146 3018 2412 3083 suscipienda
2443 3023 2521 3060 est.
2557 3019 2598 3061 Si
2627 3028 2730 3062 vero

473 3095 615 3137 nullus
644 3091 840 3138 sacerdes
870 3097 1103 3140 catholicus
1133 3097 1312 3140 adfuerit
1332 3128 1345 3151 ,
1379 3098 1535 3139 rectius
1565 3101 1628 3138 est
1658 3096 1746 3138 sine
1776 3093 2074 3138 communione
2104 3089 2257 3134 visibili
2281 3102 2456 3132 manere
2471 3121 2484 3144 ,
2514 3094 2557 3132 et
2585 3091 2730 3133 invisi-

474 3163 617 3206 biliter
647 3178 671 3207 a
700 3167 883 3209 Domino
915 3164 1218 3211 communicari
1233 3199 1246 3222 ,
1279 3180 1407 3223 quam
1437 3167 1491 3210 ab
1527 3167 1739 3210 haeretico
1780 3162 2082 3208 communicari
2111 3165 2154 3204 et
2182 3174 2205 3204 6
2234 3162 2325 3204 Deo
2365 3161 2566 3217 separari.
2608 3161 2733 3204 Nulla

476 3234 587 3277 enim
617 3237 841 3279 conventio
873 3238 1027 3281 Christi
1056 3239 1109 3282 ad
1137 3239 1298 3294 Belial,
1325 3240 1385 3282 ait
1413 3239 1658 3294 apostolus,
1680 3249 1820 3292 neque
1841 3248 1940 3292 pars
1963 3233 2100 3278 fidelis
2118 3245 2216 3277 eum
2244 3231 2434 3277 infideli:
2461 3232 2598 3275 omnis
2618 3232 2730 3275 enim

475 3305 706 3362 haereticus
735 3308 942 3363 infidelis3
975 3310 1229 3354 simoniacus
1260 3314 1402 3354 autem
1431 3310 1699 3364 haereticus3
1730 3307 1830 3351 ideo
1861 3305 2060 3350 infidelis.

574 3393 604 3435 1)
626 3395 731 3428 Immo
753 3394 858 3428 recole
877 3404 910 3437 p.
934 3400 986 3430 90.
1011 3397 1086 3431 6(111.
1111 3402 1140 3432 1.

1492 3630 1714 3662 FINIS.
