2996 4432
209 977 279 1006 cod.
302 978 322 1007 s.
340 981 400 1007 143.

198 3336 267 3365 cod.
292 3337 313 3365 f.
331 3340 390 3366 [45.

454 227 544 273 102
1381 240 1511 272 esan.
1548 241 1790 274 ni-:usnnmr

1301 356 1592 391 SECUNDA
1639 359 1871 394 sBc'rlo.

566 473 609 513 t.
646 472 812 524 Quanta
842 474 985 513 autem
1014 470 1288 514 veneratione
1317 471 1420 515 velit
1447 474 1563 516 Deus
1592 472 1831 516 sacerdotes
1860 477 1903 517 et
1931 475 2147 520 ministros
2169 490 2269 521 suos
2292 477 2495 523 honorari
2511 511 2524 534 ‚
2546 486 2593 524 ut
2616 483 2726 525 Gre-

446 543 595 606 gorius
625 542 780 586 doctor
799 542 946 585 scribit
968 541 1216 597 imperatori
1236 543 1443 587 Mauricio
1460 575 1472 598 ,
1495 546 1542 587 in
1571 544 1727 587 divinis
1758 545 1940 601 eloquiis
1960 546 2221 604 declaratur,
2245 551 2289 592 in
2312 551 2468 606 quibus
2489 552 2722 608 aliquando
2741 538 2746 545 ⁵

447 613 587 668 angeli
614 618 839 656 vocantur.
871 614 979 656 Nam
1010 617 1052 655 et
1081 625 1158 669 per
1187 614 1364 670 Moysen
1393 615 1448 658 de
1480 628 1532 658 eo
1563 615 1639 670 qui
1669 615 1725 658 ad
1753 616 2038 660 iuramentum
2068 619 2286 665 ducendus
2316 627 2407 676 est,
2434 623 2618 666 dicitur:
2642 639 2721 679 ap-

444 689 554 739 plica
581 687 699 727 illum
727 687 783 726 ad
809 686 925 737 deos,
959 686 1144 728 videlicet
1170 688 1401 728 sacerdotes,
1428 687 1482 729 Et
1502 686 1682 728 iterum:
1708 687 1787 728 diis
1815 700 1893 729 non
1922 691 2124 743 detrahes,
2154 692 2207 736 de
2234 693 2385 737 iisdem
2412 695 2715 739 sacerdotibus,

447 758 500 798 Et
529 755 742 811 propheta
770 757 856 798 ait:
891 757 1000 797 labia
1028 758 1241 798 sacerdotis
1270 759 1497 800 custodiunt
1522 760 1723 799 scientiam
1736 790 1750 811 ‚
1776 764 1816 800 et
1835 761 1961 813 teqem
1990 765 2193 814 requirent
2219 778 2273 805 ex
2300 779 2367 806 ore
2396 768 2503 818 eius,
2532 769 2629 820 quia
2648 781 2721 810 an-

445 829 560 879 qetus
589 828 752 868 Domini
780 829 1027 869 exercituum
1057 834 1128 870 est.
1163 828 1274 881 Quid
1304 841 1408 883 ergo
1438 828 1593 872 mirum
1622 830 1656 871 si
1684 830 1911 885 imperialis
1925 862 1939 885 ,
1970 833 2039 875 vel
2075 833 2286 888 quaelibet
2314 841 2501 891 potestas
2533 838 2720 881 honoret

445 898 685 942 sacerdotes
704 929 717 952 ,
751 898 907 953 quihus
935 900 979 941 in
1010 911 1128 942 sacro
1159 900 1331 954 eloquio
1362 899 1572 943 honorem
1600 900 1794 943 tribuens
1809 933 1822 955 ,
1845 914 1919 945 eos
1947 907 2019 945 aut
2045 905 2219 958 angelos
2248 910 2324 948 aut
2352 906 2456 951 deos
2484 910 2573 964 ipse
2593 911 2719 952 etiam

443 970 631 1026 appellat
660 970 809 1013 Deus?
839 971 998 1012 Scimus
1028 975 1195 1025 autem,
1228 971 1331 1026 quia
1361 970 1582 1027 quondam
1607 972 1763 1027 pagani
1791 973 1837 1015 in
1866 973 2089 1029 republica
2118 976 2334 1031 principes
2362 977 2506 1032 fuere,
2539 981 2614 1035 qui
2639 994 2717 1023 ve-

442 1055 540 1085 rum
570 1043 708 1085 Deum
738 1042 969 1085 nescientes
989 1073 1001 1095 ,
1035 1041 1137 1084 deos
1165 1043 1332 1097 ligneos
1362 1047 1405 1086 et
1433 1042 1625 1098 lapideos
1654 1043 1877 1097 colebant3
1905 1048 1947 1086 et
1975 1042 2116 1087 tamen
2147 1055 2296 1087 eorum
2327 1045 2616 1090 sacerdotibus
2636 1049 2719 1090 ho-

444 1126 594 1156 norem
623 1114 855 1156 maximum
884 1113 1143 1156 tribuebant.
1178 1112 1291 1165 Quid
1321 1113 1453 1168 igitur
1482 1116 1637 1156 mirum
1666 1115 1702 1157 si
1733 1115 1949 1158 christiani
1977 1115 2055 1158 Dei
2084 1115 2323 1159 sacerdotes
2351 1116 2592 1170 honorent,
2615 1118 2718 1161 dum

442 1186 617 1242 pagani,
651 1189 699 1227 ut
721 1185 1005 1241 praediximus
1020 1214 1032 1237 ,
1058 1184 1275 1239 principes
1296 1185 1507 1228 honorem
1526 1185 1773 1241 impendere
1793 1198 1943 1229 eorum
1971 1181 2262 1229 sacerdotibus
2281 1189 2439 1229 novere
2452 1220 2467 1242 ‚
2496 1188 2571 1243 qui
2593 1188 2719 1243 lignis

442 1262 486 1299 et
514 1257 728 1312 lapidibus
758 1255 1031 1298 serviebant?
1061 1257 1170 1298 Item
1199 1256 1253 1299 de
1282 1255 1449 1298 honore
1478 1257 1770 1299 ministrorum
1799 1258 1878 1300 Dei
1906 1258 2105 1301 Salomon
2141 1259 2185 1301 in
2225 1259 2490 1313 proverbiis:
2533 1264 2576 1302 in
2613 1263 2722 1302 omni

442 1332 586 1370 virtute
617 1333 710 1380 tua,
743 1316 909 1383 inquit,
942 1328 1066 1380 diliqe
1096 1330 1334 1380 Dominum,
1370 1333 1412 1370 et
1437 1332 1480 1369 in
1509 1330 1708 1370 ministros
1737 1332 1822 1370 eius
1849 1342 1928 1371 non
1962 1331 2180 1382 delinques.
2214 1331 2347 1372 Item:
2378 1333 2430 1372 in
2451 1329 2550 1373 *tota
2584 1336 2719 1373 anima

441 1407 511 1442 tua
533 1404 624 1441 time
644 1402 796 1451 Deum,
826 1404 866 1440 et
885 1400 1103 1440 sacerdotes
1125 1403 1210 1440 eius
1237 1402 1452 1452 sanctifica.
1485 1399 1737 1444 Ambrosius
1766 1401 1812 1443 in
1841 1401 2020 1455 registro
2042 1414 2120 1444 suo
2147 1404 2198 1455 1).
2239 1421 2255 1438 α
2280 1403 2459 1455 Honor,
2480 1403 2653 1457 fratres,
2676 1408 2720 1446 et

441 1471 677 1514 sublimitas
708 1470 960 1525 episcopalis
989 1470 1116 1512 nullis
1144 1471 1304 1525 poterit
1333 1471 1721 1526 comparationibus
1751 1471 1999 1527 adaequari.
2031 1473 2072 1514 Si
2101 1485 2251 1527 regum
2281 1474 2440 1528 fulgori
2470 1486 2716 1529 compares,

440 1548 484 1585 et
513 1542 757 1597 principum
787 1541 1043 1596 diademati,
1068 1542 1197 1597 longe
1218 1543 1299 1584 erit
1319 1542 1520 1597 inferius,
1542 1555 1672 1598 quam
1692 1544 1725 1586 si
1744 1543 1910 1599 plumbi
1931 1544 2143 1586 metallum
2167 1544 2222 1587 ad
2243 1546 2337 1587 auri·
2365 1545 2573 1600 fulgorem
2602 1559 2719 1589 com-

440 1627 581 1670 pares.
615 1614 784 1668 Quippe
815 1625 912 1656 cum
942 1613 1086 1656 videas
1115 1626 1267 1669 regum
1297 1614 1409 1656 colla
1437 1619 1480 1657 et
1509 1616 1752 1670 principum
1783 1615 1975 1658 submitti
2004 1615 2182 1670 genibus
2202 1616 2472 1658 sacerdotum
2487 1650 2498 1672 ‚
2518 1623 2562 1659 et
2591 1630 2719 1660 osca-⁴

439 1686 527 1727 lata
556 1697 703 1727 eorum
735 1683 905 1727 dextera
928 1683 990 1740 2),
1024 1685 1292 1728 orationibus
1322 1698 1471 1729 eorum
1502 1687 1679 1736 credant
1700 1700 1745 1730 se
1765 1688 2034 1729 communiri.
2060 1688 2173 1730 Haec
2204 1692 2383 1741 cuncta,
2415 1688 2593 1740 fratres,
2617 1688 2720 1731 ideo

440 1770 520 1800 nos
550 1757 815 1813 praemisisse
846 1756 1007 1799 debetis
1037 1769 1293 1812 cognoscere
1312 1791 1324 1812 ,
1357 1763 1406 1800 ut
1435 1758 1780 1811 ostenderemus,
1813 1757 1921 1800 nihil
1950 1759 1995 1800 in
2025 1758 2108 1800 hoc
2126 1759 2297 1801 saeculo
2328 1771 2417 1801 esse
2447 1759 2721 1802 excellentius

439 1829 729 1872 sacerdotibus
748 1859 760 1882 ,
794 1829 901 1871 nihil
932 1828 1156 1871 sublimius
1184 1829 1393 1885 episcopis
1421 1830 1616 1885 reperiri.
1638 1848 1657 1867 n
1698 1829 1985 1885 Hieronymus
2018 1828 2073 1872 ad
2106 1830 2407 1872 Heliodorum.
2449 1849 2466 1866 «
2483 1830 2587 1872 Mihi
2620 1835 2718 1872 ante

438 1900 735 1956 presbyterum
770 1900 917 1943 sedere
948 1912 1035 1942 non
1064 1900 1190 1942 lieet:
1226 1901 1316 1953 illi,
1352 1901 1387 1942 si
1417 1907 1675 1955 peccavero,
1708 1899 1808 1943 licet
1836 1913 1905 1943 me
1936 1901 2105 1944 tradere
2139 1902 2184 1943 in
2219 1902 2436 1944 interitum
2471 1902 2604 1943 carnis
2622 1932 2634 1954 ,
2666 1906 2715 1944 ut

439 1972 612 2027 spiritus
647 1973 786 2015 salvus
816 1972 870 2014 sit
900 1972 945 2014 in
982 1971 1050 2014 die
1087 1973 1274 2014 Domini.
1299 1991 1316 2008 υ
1353 1972 1617 2015 Theodosius
1651 1977 1695 2015 et
1733 1959 2060 2015 Valentinianus.
2101 1991 2119 2008 «
2138 1973 2365 2015 Statuimus
2398 1973 2452 2015 de
2481 1973 2635 2015 sanctis
2665 1985 2718 2015 ac

437 2042 749 2085 venerabilibus
780 2042 1075 2086 sacerdotibus
1108 2044 1175 2086 vel
1206 2045 1330 2086 etiam
1363 2043 1503 2087 levitis
1519 2074 1531 2098 ‚
1562 2057 1636 2087 eos
1661 2056 1759 2087 cum
1790 2044 1905 2086 omni
1932 2044 2087 2087 timore
2111 2044 2305 2086 venerari
2328 2043 2483 2098 quibus
2507 2048 2620 2087 terra
2642 2056 2715 2086 ca-

438 2118 517 2168 put
542 2112 728 2158 inclinat.

1391 2237 1555 2282 'suarm
1584 2236 1754 2268 sacrm.

556 2330 599 2370 5.
633 2330 698 2371 De
727 2329 966 2374 obedientia
995 2344 1098 2373 vero
1130 2336 1309 2387 propter
1338 2333 1476 2375 Deum
1504 2333 1586 2375 Dei
1616 2333 1818 2376 ministris
1840 2331 2102 2385 exhibenda,
2124 2333 2184 2374 sic
2205 2332 2264 2374 ait
2284 2333 2375 2386 ipse
2394 2333 2442 2373 -in
2463 2331 2707 2384 evangelio:

437 2404 505 2451 qui
533 2414 601 2441 vos
630 2403 771 2456 audit,
805 2416 865 2443 me
895 2404 1033 2455 audit;
1066 2410 1107 2445 et
1133 2407 1205 2457 qui
1232 2418 1299 2445 vos
1328 2410 1479 2458 spernit
1495 2437 1508 2458 ,
1544 2419 1607 2446 me
1635 2407 1802 2458 spernit.
1836 2406 1889 2446 Et
1918 2404 2112 2447 Samuhel
2141 2403 2367 2458 propheta.
2407 2404 2613 2455 Numquid
2646 2404 2711 2443 vi-

436 2473 573 2512 ctimas
602 2476 682 2513 sive
713 2474 939 2515 holocausta
968 2477 1055 2516 vult
1085 2478 1193 2516 Deus
1210 2507 1221 2528 ,
1255 2482 1292 2517 et
1330 2489 1407 2517 non
1443 2479 1575 2529 potius
1613 2482 1660 2518 ut
1696 2477 1904 2517 obediatur
1940 2479 2026 2516 voci
2062 2478 2186 2516 suae?
2215 2477 2361 2516 Melior
2399 2479 2456 2515 est
2489 2475 2712 2514 obedientia

436 2556 554 2594 quam
589 2548 768 2586 victimae
779 2562 796 2597 ,-
835 2551 875 2586 et
911 2549 1134 2593 auscultare
1170 2550 1298 2600 maqis
1313 2579 1325 2601 ,
1367 2561 1486 2600 quam
1523 2547 1672 2600 offerre
1704 2549 1872 2607 adipem⁴
1900 2551 2070 2588 arietum
2087 2560 2103 2586 .·
2139 2549 2323 2599 quoniam
2361 2548 2475 2598 quasi
2507 2550 2711 2598 peccatum

436 2615 642 2656 ariolandi
669 2622 727 2657 est
764 2631 1019 2671 repuqnare5
1051 2624 1093 2660 et
1125 2624 1239 2672 quasi
1274 2622 1400 2661 scelus
1434 2620 1709 2672 idololatriae,
1754 2621 1860 2660 nolte
1899 2620 2156 2671 acquiescere.
2190 2619 2243 2659 Et
2259 2616 2520 2672 apostolus:
2559 2618 2712 2658 obedite

428 2688 670 2739 praepositis
698 2690 856 2741 vestris,
894 2696 934 2731 et
959 2692 1155 2732 subiacete
1190 2693 1246 2732 eis
1256 2707 1274 2743 ,·
1315 2695 1393 2744 ipsi
1428 2694 1532 2733 enim
1560 2692 1810 2744 perviqilant
1843 2694 1958 2743 quasi
1993 2694 2184 2732 rationem
2216 2702 2296 2742 pro
2331 2690 2538 2730 animabus
2573 2691 2711 2728 vestris

436 2759 655 2811 reddituri,
692 2766 737 2801 ut
765 2774 842 2802 non
872 2775 960 2802 cum
991 2764 1155 2804 tristitia
1183 2765 1230 2804 id
1249 2763 1423 2815 saciant.
1457 2765 1542 2803 Hoc
1572 2766 1676 2804 enim
1705 2764 1870 2816 expedit
1896 2764 2021 2804 vobis.
2054 2761 2172 2804 Idem
2203 2760 2328 2802 alibi:
2353 2762 2389 2800 si
2409 2761 2498 2813 quis
2519 2773 2596 2801 non
2616 2761 2712 2800 obc-

435 2831 495 2870 dit
523 2834 640 2872 verbo
670 2839 801 2874 nostro
824 2848 903 2887 per
932 2834 1136 2887 epistolam
1149 2860 1161 2887 ,-
1198 2837 1302 2877 lianc
1330 2841 1461 2877 notate
1475 2867 1487 2887 ,
1525 2841 1563 2877 et
1591 2848 1669 2877 non
1698 2834 2025 2876 commisceamini
2053 2846 2143 2874 cum
2173 2846 2217 2874 co
2231 2865 2243 2887 ,
2275 2837 2323 2872 ut
2350 2831 2633 2884 confundatur.
2658 2832 2710 2872 Et

436 2901 564 2943 alibi:
598 2905 641 2944 in
663 2911 856 2958 promptu
885 2907 1069 2948 habentes
1098 2909 1237 2949 ulcisci
1264 2920 1416 2949 omnem
1447 2908 1766 2949 inobedientiam.
1800 2906 1920 2948 Idem
1949 2903 2320 2947 inobedientibus:
2355 2904 2455 2956 quid
2481 2904 2633 2943 vultis?
2667 2905 2710 2941 in

435 2977 549 3026 virqa
577 2978 733 3018 veniam
755 2978 809 3018 ad
826 2981 926 3019 vos?
955 2978 1064 3020 Hine
1087 2979 1375 3034 Hieronymus
1397 2978 1452 3021 ad
1475 2977 2090 3033 Heliodorumvpresbyterum.
2131 2994 2147 3011 τ’
2163 2977 2215 3018 In
2242 2976 2376 3017 veteri
2397 2975 2489 3029 lege
2513 2974 2708 3028 quicum-

435 3057 517 3097 que
540 3047 831 3090 saeerdotibus
851 3061 939 3091 non
970 3049 1306 3105 obtemperasset
1322 3081 1334 3103 ,
1359 3054 1434 3093 aut
1455 3063 1552 3092 exra
1575 3054 1710 3092 eastra
1732 3050 1897 3105 positus
1918 3048 2190 3103 lapidabatur
2212 3060 2236 3089 a
2257 3046 2421 3102 populo
2436 3079 2448 3100 ,
2473 3051 2547 3088 aut
2567 3044 2708 3099 gladio

435 3117 596 3158 cervice
616 3118 806 3162 subiecta
824 3125 1118 3176 contemptum
1131 3121 1338 3176 expiabat
1355 3134 1525 3164 cruore.
1549 3123 1672 3164 Nunc
1696 3133 1798 3164 vero
1822 3120 2096 3173 inobediens,
2117 3119 2324 3174 spirituali
2350 3116 2710 3160 animadversione

433 3191 674 3243 truncatur,
698 3195 771 3232 aut
800 3192 955 3234 eiectus
987 3192 1040 3234 de
1063 3193 1239 3235 ecclesia
1265 3193 1416 3235 rabido
1438 3192 1693 3235 daemonum
1715 3204 1790 3235 ore
1820 3191 2090 3246 discerpitur.
2115 3210 2132 3226 »
2165 3189 2283 3232 Idem
2315 3201 2441 3244 super
2469 3192 2702 3243 Aggaeum.

441 3277 457 3292 «
484 3259 531 3300 In
554 3259 879 3304 deuteronomio
910 3263 1117 3318 legimus,
1142 3268 1192 3305 ut
1217 3263 1352 3306 sicubi
1374 3264 1420 3306 in
1450 3264 1630 3306 urbibus
1657 3263 1818 3306 Israhel
1846 3263 2038 3319 quaestio
2062 3262 2192 3304 fuerit
2222 3265 2369 3303 exorta
2397 3261 2508 3302 inter
2535 3258 2707 3312 sangui-

433 3342 530 3371 nem
561 3335 603 3372 et
633 3333 903 3386 sanguinem,
926 3334 1037 3375 inter
1066 3334 1268 3377 iudicium
1297 3339 1341 3377 et
1367 3334 1571 3378 iudicium
1591 3366 1603 3389 ,
1631 3335 1795 3390 lepram
1831 3339 1875 3376 et
1902 3335 2090 3389 lepram,
2117 3331 2497 3375 contradictionem
2527 3335 2570 3372 et
2602 3342 2710 3371 con·-

433 3401 728 3444 tradictionem
747 3434 759 3455 ‚
785 3409 883 3445 eant
915 3405 969 3447 ad
991 3406 1231 3448 sacerdotes
1263 3411 1306 3448 et
1332 3407 1478 3449 levitas
1508 3410 1551 3448 et
1577 3405 1824 3461 pontificem
1852 3407 1928 3460 qui
1952 3405 2081 3447 fuerit
2110 3404 2156 3446 in
2186 3403 2336 3446 diebus
2364 3403 2474 3455 illis,
2506 3405 2548 3443 et
2578 3414 2709 3456 quae-

433 3478 527 3515 rant
563 3473 616 3515 ab
650 3475 709 3516 eis
739 3475 878 3528 legem
901 3476 1103 3531 Domini3
1140 3477 1296 3532 quibus
1326 3477 1685 3533 respondentibus
1704 3508 1716 3531 ,
1743 3477 1898 3519 faciant
1931 3488 2042 3531 quae
2068 3475 2245 3518 iubent:
2276 3473 2396 3529 quod
2423 3473 2455 3515 si
2482 3484 2569 3514 non
2597 3472 2710 3513 fece·

431 3546 516 3587 rint
533 3578 544 3599 ‚
578 3546 912 3588 exterminentur
942 3547 994 3589 de
1019 3549 1182 3603 populo
1212 3561 1307 3592 suo.
1329 3567 1347 3584 »

550 3686 578 3725 1)
602 3688 704 3718 Immo
726 3695 804 3719 vero
825 3687 995 3729 sequentia
1016 3688 1127 3720 extant
1146 3688 1181 3720 in
1203 3689 1340 3730 epistola
1362 3690 1511 3723 Gerberti
1532 3698 1590 3723 seu
1612 3689 1760 3722 silvestri
1783 3690 1826 3721 11.
1850 3690 1914 3721 ΡΡ.
1938 3688 1981 3721 de
2010 3687 2260 3728 informatione
2290 3688 2550 3728 episcoporum,
2580 3682 2668 3715 edita
2688 3689 2710 3714 a

418 3739 617 3771 -Mabillonio
640 3740 674 3771 in
697 3740 864 3774 anecdotis
885 3740 936 3773 ed.
956 3749 1032 3772 nov.
1048 3750 1081 3782 p.
1101 3746 1170 3774 103.
1194 3751 1287 3784 seqq.
1309 3745 1402 3778 Patet
1424 3744 1533 3776 autem
1549 3768 1558 3784 ,
1581 3743 1615 3775 in
1637 3743 1751 3775 codice
1772 3752 1790 3774 a
1812 3742 1992 3775 Deusdedit
2013 3743 2097 3774 lecto
2118 3742 2202 3774 hane
2217 3741 2389 3783 epistolam
2410 3740 2442 3771 S.
2462 3736 2623 3771 Ambrosii
2643 3743 2702 3767 no·

427 3793 513 3825 mine
534 3793 634 3826 fuisse
656 3790 864 3835 insignitam;
887 3793 989 3827 veluti
1011 3797 1060 3827 est
1081 3796 1114 3827 et
1135 3796 1219 3828 alter
1239 3796 1356 3840 titulus
1377 3796 1420 3829 de
1440 3796 1614 3838 diqnitate
1635 3796 1868 3834 sacerdotali,
1888 3804 1987 3837 quem
2008 3796 2144 3838 ipsemet
2162 3795 2332 3828 observavi
2355 3795 2389 3826 in
2411 3792 2590 3826 codicibus.

543 3846 574 3887 2)
596 3846 747 3881 Ridicule
769 3847 857 3889 apud
879 3847 1104 3881 Mabillonium
1127 3849 1341 3883 exosculatis
1363 3858 1484 3884 cortem
1504 3849 1653 3883 decretis
1666 3874 1676 3890 ,
1698 3858 1758 3891 pro
1779 3848 1945 3882 dexteris.
