2996 4432
0 2104 3 2131 ι

0 2140 5 2184 ἱ

0 2201 9 2271 ἶ

0 2287 5 2299 1

0 2345 5 2383 i

0 2390 4 2416 ι

0 2430 4 2444 Ι

0 2456 5 2483 ¹.

1032 267 1203 301 CONTRA
1236 264 1476 297 vasonES
1511 264 1606 295 ETc.
1645 266 1731 295 Lm.
1771 266 1803 296 1.
2489 250 2552 296 85

282 359 533 414 haereseos,
564 363 608 401 et
634 359 767 402 totius
791 356 1040 400 christianae
1067 352 1282 409 religionis
1311 350 1622 394 lamentabilem
1651 350 2018 393 destructionem?
2046 350 2206 405 Nempe
2239 362 2337 392 cum
2369 350 2556 404 dignitas

225 470 228 474 ,
283 432 540 487 episcopalis
559 442 584 472 a
604 430 798 486 principe
817 427 991 484 adipisci
1018 439 1143 483 posse
1172 426 1266 481 quis
1286 427 1452 479 sperat,
1485 423 1740 476 contemptis
1766 423 1852 464 suis
1879 423 2090 477 episcopis
2119 434 2179 464 aes
2195 422 2354 464 clericis
2377 422 2552 464 ecclesia

284 503 364 544 Dei
404 501 636 554 deseriturg
667 505 708 543 et
740 499 792 542 ab
830 499 924 542 aliis
955 498 1128 554 quidem
1164 499 1311 551 ingens
1342 492 1523 550 pecunia
1552 504 1638 534 non
1671 493 1809 534 solum
1840 493 2010 547 regibus
2045 492 2120 535 sed
2156 495 2280 535 etiam
2315 493 2551 536 aulicorum

286 554 508 628 marsupiis
540 572 802 623 infunditur,
834 576 878 614 et
909 583 1057 613 eorum
1088 569 1292 622 suffragia
1319 566 1376 609 ad
1394 570 1482 621 tam
1510 564 1709 608 nefariam
1729 564 2041 618 promotionem
2071 569 2326 606 mercantur.
2362 564 2427 607 Ab
2456 565 2552 606 aliis

283 645 473 687 infinitae
499 644 700 700 pecuniae
728 642 983 697 dispendio,
1020 641 1117 697 plus
1148 638 1355 683 decennio
1389 638 1435 680 in
1467 635 1669 679 saeculari
1698 636 1814 676 curia
1849 634 2110 687 deservitur,
2146 639 2313 689 aestus,
2350 636 2545 690 pluviae,

285 717 475 771 frigora,
506 720 550 758 et
576 719 716 758 cete-ra
738 713 1010 756 incommoda
1043 711 1342 768 patientissime
1366 708 1620 752 tolerantur.
1657 706 1724 748 Ab
1755 706 1846 747 aliis
1875 710 2018 748 autem
2047 707 2116 748 vel
2147 686 2209 749 sssi
2242 707 2449 761 pastoris,
2481 707 2569 751 vel.

284 788 408 830 euius
441 783 876 829 honorem'ambiunt
907 797 1024 827 mors
1053 784 1306 826 incessanter
1334 784 1534 836 optatur:
1567 778 1621 821 ab
1649 778 1734 820 alio
1763 777 1835 819 alii
1864 777 2132 820 vehementer
2166 777 2380 820 invidetur
2399 778 2552 830 ,dum

284 871 396 914 quae
422 857 504 900 sibi
536 862 704 913 sperat,
740 857 794 899 ab
828 868 880 899 eo
909 856 1069 910 surripi
1100 866 1235 910 posse·
1254 856 1444 908 putatur.
1477 852 1614 893 Immo
1647 850 1759 904 proh
1793 849 1948 891 dolor!
1983 851 2028 891 in
2056 853 2218 892 tantam
2254 850 2327 892 Dei
2358 850 2550 899 iniuriam

286 929 500 972 interdum
529 929 750 984 prosilitur
765 960 776 981 ‚
805 933 854 970 ut
872 932 916 970 et
941 927 1071 970 servis
1094 929 1138 968 et
1157 923 1395 967 fornicariis
1423 922 1605 977 dignitas
1625 922 1705 963 ista
1732 925 1987 975 praestetur.
2016 921 2135 962 Tales
2155 921 2313 976 quippe
2334 933 2431 963 cum
2453 920 2550 966 ade-

287 1000 352 1054 pti
378 1000 535 1042 fuerint
566 999 686 1055 quod
716 1000 858 1042 taliter
885 999 1126 1053 expetivere
1142 1027 1155 1049 ,
1187 999 1412 1051 peccantes
1441 993 1595 1050 saeculi
1619 996 1846 1048 potestates
1872 992 2113 1034 nullatenus
2145 991 2397 1046 redarguere
2422 985 2548 1047 prae·-

281 1075 482 1123 sumunt,
513 1071 718 1126 quoniam
743 1083 788 1113 se
817 1070 871 1115 ab
891 1070 976 1112 illis
1005 1072 1229 1125 promotos
1259 1079 1348 1117 esse
1375 1067 1620 1108 meminere.
1653 1066 1706 1107 Et
1731 1065 1778 1106 lii
1800 1063 1969 1119 quidem
1994 1064 2060 1106 lac
2088 1068 2130 1105 et
2156 1064 2293 1106 lanam
2320 1064 2373 1105 ab
2400 1064 2551 1106 ovibus

284 1143 531 1197 accipiunt,
567 1142 641 1185 sed
676 1141 959 1197 perditissime
988 1142 1178 1182 viventes
1214 1139 1359 1181 ovium
1388 1138 1566 1179 salutern
1594 1136 1846 1190 negligunt:
1882 1136 2026 1190 sicque
2056 1135 2257 1190 impletur
2291 1135 2410 1189 quod
2443 1137 2549 1177 scri·-

288 1218 410 1268 ptum
444 1218 533 1256 est:
567 1214 690 1256 ruina
724 1213 876 1268 populi
909 1211 1149 1254 sacerdotes
1180 1210 1291 1252 mali.
1326 1211 1378 1252 Et
1399 1209 1574 1251 iterum:
1606 1213 1649 1250 et
1679 1209 1759 1250 erit
1787 1208 1896 1249 sicut
1923 1207 2138 1261 populus,
2173 1207 2233 1248 ita
2263 1211 2305 1248 et
2333 1206 2549 1248 sacerdos.

287 1284 535 1326 Sacerdotes
565 1286 726 1339 quippe
756 1298 782 1326 a
813 1284 977 1339 populo
1006 1295 1093 1325 non
1127 1281 1327 1323 videntur
1356 1280 1511 1322 distare
1531 1311 1543 1334 ,
1577 1291 1674 1321 cum
1709 1280 1901 1320 certatim
1931 1291 1975 1320 se
2008 1278 2285 1332 popularibus
2316 1278 2552 1323 actionibus

287 1355 462 1398 student
490 1355 723 1411 implicare.
751 1356 860 1398 Nam
893 1367 993 1397 eum
1025 1366 1150 1396 nemo
1181 1353 1365 1395 militaus
1390 1353 1511 1404 Deo,
1543 1351 1733 1406 implicet
1759 1363 1804 1392 se
1835 1351 2015 1404 negotiis
2048 1349 2354 1402 saecularibus,
2385 1348 2554 1404 quidam

291 1439 442 1469 eorum
462 1439 550 1469 non
579 1439 789 1469 canonum
808 1457 819 1479 ,
842 1426 918 1468 sed
948 1438 1103 1468 canum
1126 1429 1168 1467 et
1189 1425 1433 1479 accipitrum
1455 1422 1597 1464 studia
1624 1426 1666 1464 et
1687 1422 1874 1476 reliquos
1899 1421 2048 1463 mundi
2071 1421 2194 1476 lngus
2216 1425 2425 1462 exercent.
2449 1421 2554 1472 Qui-

293 1497 394 1540 dam
423 1503 590 1551 autem,
614 1500 735 1553 quasi
763 1499 875 1540 Deus
902 1497 1047 1540 laudet
1073 1497 1117 1538 in
1149 1494 1367 1538 sacerdote
1394 1492 1514 1548 quod
1543 1493 1813 1548 reprehendit
1837 1492 1881 1534 in
1910 1492 2062 1547 divite,
2087 1493 2341 1535 amiciuntur
2366 1492 2555 1546 peregri-

287 1582 445 1612 norum
467 1571 651 1611 murium
675 1570 881 1624 pellibus,
917 1574 960 1611 et
986 1568 1143 1610 relictis
1167 1567 1252 1609 suis
1273 1565 1588 1608 cathedralibus
1613 1565 1822 1617 ecclesiis,
1857 1565 2055 1606 assistunt
2082 1563 2434 1618 imperatoribus;
2457 1575 2554 1605 cum

290 1653 473 1683 canones
508 1641 660 1695 spiritu
687 1641 766 1683 Dei
793 1640 956 1682 conditi
986 1638 1244 1694 prohibeant
1264 1636 1538 1692 pontificibus
1566 1636 1724 1691 palatia
1744 1637 1852 1690 regis
1872 1636 2018 1688 adire3
2050 1635 2123 1678 sed
2153 1637 2270 1690 siqua
2293 1634 2555 1688 suggerenda

285 1717 390 1753 sunt
415 1742 427 1764 ,
460 1725 537 1767 per
568 1725 669 1754 suos
699 1713 899 1754 diaconos
929 1714 1072 1767 potius
1102 1710 1314 1752 intimare.
1342 1709 1567 1763 Quumque
1596 1708 1723 1750 iidem
1755 1708 1859 1749 sacri
1889 1720 2070 1749 canones
2101 1707 2182 1748 sub
2216 1707 2555 1765 interminatione

292 1779 547 1834 prohibeant
577 1793 787 1835 quemque
813 1781 1058 1835 pontificem
1080 1794 1106 1823 a
1132 1794 1209 1823 sua
1231 1780 1465 1822 cathedrali
1491 1780 1664 1821 ccclesia
1682 1779 1819 1821 tribus
1842 1779 2062 1821 dominicis
2082 1779 2233 1820 diebus
2252 1778 2425 1830 abesse,
2450 1778 2555 1820 alios

290 1851 467 1905 quidem
492 1865 641 1894 eorum
663 1853 733 1894 vix
762 1858 828 1894 ter
857 1857 929 1894 aut
957 1858 1110 1907 quater
1133 1853 1177 1894 in
1208 1864 1318 1894 anno
1335 1882 1348 1904 ,
1374 1851 1481 1893 alios
1506 1851 1575 1892 vix
1599 1863 1711 1892 anno
1731 1851 1897 1904 integro
1924 1850 2132 1903 contingit
2149 1850 2324 1892 eandem
2348 1851 2549 1891 revisere:

291 1926 336 1963 et
367 1927 414 1964 ut
442 1923 522 1964 soli
549 1935 635 1964 non
667 1926 872 1977 peccent,
906 1923 983 1965 sed
1011 1923 1142 1972 fiant,
1170 1928 1220 1966 ut
1250 1923 1454 1979 scriptum
1485 1927 1574 1977 est,
1604 1923 1782 1976 laqueus
1805 1923 2002 1967 iuvenum
2024 1951 2036 1974 ,
2067 1921 2172 1963 dant
2201 1922 2438 1975 exemplum
2467 1921 2553 1971 cle7

291 1994 416 2045 ricis‚
448 2006 547 2037 suas
583 1994 732 2042 itidem
762 1995 961 2056 ecclesias
995 1995 1215 2049 deserere3
1247 2000 1289 2038 et
1321 1995 1400 2037 sub
1430 2007 1507 2050 spe
1540 1994 1846 2049 episcopandi,
1879 2005 2026 2047 regum
2061 1993 2202 2034 euriae
2233 1993 2428 2034 militare.
2471 1991 2551 2033 Sed

293 2060 720 2118 obiicitur,'clericos
740 2070 789 2107 ut
808 2065 952 2108 divina
981 2066 1120 2108 officia
1139 2067 1401 2122 principibus
1423 2065 1673 2118 exhibeant,
1697 2065 1941 2107 eorumdem
1969 2065 2128 2106 curiam
2157 2063 2394 2104 inhabitare
2418 2075 2551 2117 opor-

289 2126 413 2189 tere3
446 2137 566 2190 quasi
596 2149 684 2178 non
719 2138 958 2179 sit.iustius
989 2137 1105 2192 apud
1134 2139 1297 2192 Deum,
1335 2143 1378 2180 et
1407 2137 1520 2192 apud
1549 2137 1737 2180 homines
1759 2136 2101 2188 convenientius,
2128 2139 2177 2176 ut
2205 2134 2328 2176 nobis
2355 2134 2548 2187 videtur,

292 2218 508 2261 quemque
531 2208 782 2263 episcopum
807 2209 852 2250 in
882 2210 1001 2251 cuius
1026 2209 1209 2252 dioecesi
1236 2210 1455 2262 continget
1477 2210 1713 2264 principem
1740 2208 1882 2250 adesse
1902 2238 1914 2260 ,
1946 2208 2081 2248 eidem
2107 2207 2284 2248 idoneos
2311 2210 2353 2247 et
2378 2206 2551 2260 religio-

209 2294 217 2295 ’
291 2289 364 2318 sos
397 2278 571 2321 ciericos
599 2279 653 2321 ad
684 2279 827 2322 divina
860 2281 1059 2335 mysteria
1087 2281 1339 2323 celebranda
1369 2281 1551 2335 dirigere
1574 2314 1587 2335 ,
1610 2285 1654 2322 et
1673 2293 1754 2335 pro
1776 2279 1980 2334 temporis
2002 2278 2278 2320 diuturnitate
2296 2307 2308 2328 ,
2333 2290 2419 2332 qua
2438 2277 2551 2319 idem

295 2348 454 2391 ibidem
484 2355 674 2392 moratur
692 2380 704 2402 ,
737 2350 841 2392 alios
871 2351 966 2393 aliis
994 2351 1142 2394 iubere
1169 2352 1410 2394 succedere.

364 2443 370 2448 ·
417 2422 483 2463 16.
518 2422 593 2463 His
621 2422 750 2464 tantis
779 2422 970 2465 cladibus
1001 2435 1109 2478 quae
1143 2424 1396 2478 contingunt
1425 2436 1475 2465 ex
1506 2422 1733 2478 praedictis
1770 2421 2141 2478 promotionibus,
2175 2420 2402 2475 Gregorius
2436 2419 2548 2460 ·V11·

292 2491 471 2535 obviare
499 2494 702 2549 cupiens,
734 2494 780 2536 in
809 2507 987 2537 romana
1007 2495 1175 2550 synodo
1203 2496 1266 2537 ·L·
1289 2497 1587 2550 episcoporum
1603 2526 1615 2548 ,
1641 2494 1886 2536 considente
1915 2493 2258 2548 presbyterorum
2289 2496 2331 2533 et
2351 2491 2553 2533 abbatum

291 2563 568 2607 multitudiue
587 2595 599 2616 ‚
634 2578 710 2619 per
740 2567 884 2607 omnia
911 2566 1064 2608 sanetis
1093 2566 1318 2622 praedictis
1346 2566 1536 2621 patribus
1566 2567 1839 2608 consonantia
1879 2565 2047 2607 decreta
2083 2564 2231 2606 statuit
2268 2563 2438 2605 dicens:
2479 2581 2495 2597 κ
2517 2561 2555 2603 si

296 2634 395 2688 quis
426 2635 626 2691 deinceps
655 2637 946 2692 episcopatum
975 2637 1044 2679 vel
1075 2637 1288 2680 abbatiam
1315 2638 1372 2679 de
1402 2650 1531 2680 manu
1559 2638 1736 2679 alicuius
1765 2638 1896 2679 laicae
1924 2649 2129 2692 personae
2164 2635 2421 2688 susceperit,
2453 2633 2551 2676 nul-

294 2705 458 2749 latenus
487 2708 597 2750 inter
626 2709 850 2763 episcopos
879 2709 948 2751 vel
978 2709 1155 2751 abbates
1183 2708 1415 2763 habeatnr,
1445 2721 1524 2751 nec
1554 2708 1637 2750 ulla
1666 2709 1704 2750 ei
1734 2713 1781 2750 ut
1811 2708 2011 2763 episcopo
2049 2719 2124 2749 seu
2159 2706 2302 2748 abbati
2340 2704 2555 2747 audientia

294 2778 572 2821 concedatur.
610 2780 790 2834 Insuper
825 2781 863 2821 ei
901 2781 1082 2834 gratiam
1117 2779 1230 2822 beati
1259 2780 1374 2822 Petri
1411 2783 1457 2822 et
1483 2780 1704 2821 introitum
1743 2779 1944 2821 ecclesiae
1981 2778 2269 2835 interdicimus
2287 2807 2300 2828 ‚
2331 2787 2553 2830 quo-usque

295 2848 442 2891 locum
472 2862 602 2904 quem
631 2850 709 2892 sub
741 2851 914 2892 crimine
945 2855 1033 2892 tam
1061 2851 1300 2893 ambitionis
1326 2863 1455 2906 quam
1484 2850 1795 2893 inobedientiae
1816 2850 1934 2904 quod
1955 2854 2018 2892 est
2039 2850 2174 2891 scelus
2195 2847 2461 2891 idololatriae
2479 2859 2553 2888 ce-

295 2920 381 2974 pit,
413 2921 696 2975 resipiscendo
728 2934 814 2963 non
845 2921 1015 2963 deserit.
1041 2922 1239 2964 Similiter
1259 2922 1383 2964 etiam
1414 2922 1468 2964 de
1496 2921 1766 2964 inferioribus
1788 2921 2074 2963 ecclesiasticis
2093 2919 2368 2973 dignitatibus
2390 2918 2551 2960 consti*

294 2991 470 3034 tuimusa
501 2993 610 3034 Item
641 2993 678 3034 si
717 2993 813 3047 quis
849 2994 1181 3047 imperatorum,
1222 2980 1373 3048 regum
1391 3023 1404 3044 ,
1437 2993 1622 3045 ducum,
1663 2993 1978 3045 marchionum,
2010 2992 2214 3033 comitum
2232 3021 2244 3044 ,
2277 2990 2346 3031 vel
2375 2988 2554 3044 quilibet

295 3063 572 3105 saecularium
603 3067 860 3117 potestatum
878 3067 951 3105 aut
974 3075 1249 3117 personarum
1264 3094 1276 3117 ,
1300 3064 1591 3106 investituram
1620 3063 1944 3118 episcopatuum
1966 3063 2032 3104 vel
2056 3062 2229 3104 alieuius
2250 3061 2551 3103 ecclesiastieae

294 3133 514 3186 dignitatis
534 3133 636 3176 dare
655 3136 1005 3190 praesumpserit,
1023 3134 1210 3177 eiusdem
1231 3139 1474 3176 sanctorum
1493 3139 1663 3189 patrum
1684 3135 1913 3176 sententiae
1935 3133 2106 3176 vinculo
2129 3146 2173 3175 se
2194 3132 2437 3175 adstrictum
2463 3143 2551 3191 esse

296 3207 416 3247 sciat.
438 3225 454 3241 ι»
492 3207 543 3247 Et
573 3207 776 3260 quoniam
806 3210 1050 3248 sanctorum
1090 3211 1254 3261 patrum
1293 3207 1544 3248 auctoritate
1579 3210 1861 3248 monstratum
1896 3209 1959 3247 ea
1976 3235 1988 3259 ,
2021 3205 2272 3259 pontificum
2307 3205 2554 3246 electionem

294 3275 499 3317 saeculari
530 3276 728 3329 potestati
759 3287 848 3317 non
878 3275 1120 3327 subiacere,
1142 3275 1248 3318 libet
1277 3275 1416 3318 adhuc
1432 3275 1760 3318 ¹christianornm
1779 3277 2110 3331 imperatorum,
2130 3288 2235 3330 quas
2255 3272 2331 3318 hac
2354 3276 2406 3318 dc
2429 3287 2553 3317 causa

293 3358 472 3388 sanxere
502 3346 828 3388 constitutiones
854 3347 900 3388 in
930 3345 1114 3388 medium
1145 3345 1383 3399 deducere,
1409 3350 1457 3388 ut
1479 3351 1617 3402 pateat
1637 3347 1762 3389 nohis
1779 3348 1812 3389 si
1833 3348 1939 3403 qnid
1959 3348 2040 3391 sihi
2068 3349 2170 3390 iuris
2192 3349 2234 3389 in
2258 3347 2405 3389 eadem
2427 3359 2552 3389 causa

297 3415 468 3458 voluere
497 3416 730 3459 vindicare.
763 3418 879 3459 Haec
909 3419 1022 3459 enim
1051 3417 1228 3460 Carolus
1257 3416 1570 3460 et'Lndovicus
1599 3418 1774 3473 gloriosi
1801 3420 2077 3474 imperatores
2102 3419 2150 3461 in.
2178 3421 2318 3474 primo
2346 3419 2459 3460 libro
2481 3430 2552 3459 ca·

297 3486 534 3541 pitulorum
562 3499 738 3530 suorum
766 3489 966 3532 statuere.
1004 3506 1021 3525 σι
1044 3489 1294 3531 Sanctorum
1322 3501 1535 3531 canonmn
1565 3478 1654 3532 non
1682 3490 1846 3544 ignari,
1870 3495 1918 3532 ut
1945 3492 1994 3533 iu
2009 3492 2087 3533 Dei
2117 3491 2291 3532 nomine·
2315 3493 2463 3531 saneta
2478 3500 2550 3530 ec-

297 3558 423 3600 clesia
451 3570 530 3599 suo
560 3558 736 3603 liberius
766 3560 957 3614 potiatur
985 3559 1172 3613 honore,
1198 3572 1411 3603 assensum
1441 3560 1582 3603 ordini
1611 3560 1887 3604 ecclesiastico
1917 3561 2189 3616 praebemus,
2213 3565 2261 3602 ut
2282 3561 2438 3602 scilicet
2459 3559 2551 3614 epi-

299 3630 424 3683 scopi
455 3641 533 3684 per
553 3629 803 3672 electionem
820 3630 924 3672 cleri
944 3634 985 3672 et
1003 3630 1151 3686 populi
1166 3662 1179 3684 ,
1201 3629 1433 3672 secundum
1454 3634 1611 3673 statuta
1633 3643 1840 3674 canonum
1871 3631 1924 3674 de
1952 3634 2129 3688 propria
2159 3631 2364 3689 dioecesi,
2392 3634 2553 3672 remota

221 3728 229 3731 s
298 3711 575 3754 personarum
606 3704 650 3742 et
677 3713 903 3743 munerum
933 3702 1179 3756 acceptione
1197 3732 1210 3755 ,
1250 3700 1307 3743 ob
1338 3702 1447 3744 vitae
1482 3703 1679 3744 meritum
1706 3706 1749 3744 et
1777 3697 2005 3758 sapientiae
2041 3703 2202 3745 donum
2238 3702 2446 3755 eligantur-
2465 3732 2477 3753 ,
2509 3705 2551 3742 et

299 3771 434 3812 verbo
465 3775 507 3813 et
536 3771 727 3826 exemplo
758 3763 839 3814 sihi
869 3771 1070 3814 subiectis
1099 3771 1298 3827 prodesse
1327 3773 1507 3815 valeant.
1533 3791 1550 3809 υ
1576 3773 1698 3815 Certe
1717 3774 1961 3817 constitutio
1980 3774 2085 3817 haec
2103 3774 2160 3815 ita
2180 3774 2551 3817 consonantissima

298 3846 539 3885 sanctorum
569 3846 740 3899 patrum
769 3842 1145 3887 constitutionibus
1174 3855 1261 3887 esse
1290 3843 1593 3901 perpenditur,
1626 3844 1746 3900 quasi
1775 3844 1840 3890 vel
1869 3857 1894 3889 a
1915 3845 2088 3889 nicaena
2109 3843 2222 3887 vela
2243 3843 2427 3899 qualibet
2456 3847 2551 3887 uni-

2591 2142 2660 2172 cod.
2676 2142 2696 2172 f.
2718 2147 2778 2172 120.
