2996 4432
443 215 533 261 10ss
1368 223 1498 258 canu.
1536 224 1776 256 nsusnnmr

435 317 541 370 liqui
575 312 746 355 ordines
777 312 819 352 in
852 308 1022 352 duobus
1054 308 1125 351 vel
1155 308 1292 351 tribus
1322 310 1500 353 testibus
1521 311 1887 354 damnabuntur.»
1914 312 1965 355 In
1985 312 2152 361 eodem.
2183 314 2328 357 «Nulli
2351 318 2529 361 omnino
2556 321 2721 366 clerico

435 388 561 429 licere
593 396 762 426 causam
791 383 834 424 in
865 381 1042 437 publico
1075 378 1343 434 examinare,
1377 394 1454 425 nec
1484 383 1617 425 ullum
1648 382 1846 425 clericum
1877 387 1971 426 ante
2001 385 2186 433 iudicem
2216 386 2369 430 laicum
2392 393 2502 432 stare
2524 391 2709 457 placata

437 458 623 500 Gelasius
653 456 698 497 in
729 454 925 509 registrO.
955 453 1170 494 «Constat
1201 464 1299 494 eum
1329 453 1405 507 qui
1435 455 1658 497 caelestem
1685 454 1861 496 militem
1887 455 2051 510 pulsat,
2078 458 2231 500 nonin
2262 459 2350 502 eius
2382 460 2526 505 forum
2556 450 2714 507 debere

437 528 646 570 sectari.»
680 525 920 568 Hadiianus
955 524 1001 566 in
1040 524 1237 577 registro.
1287 542 1303 559 κ
1323 524 1374 566 In
1411 525 1663 567 clericorum
1701 536 1824 566 causa
1852 524 2098 570 huiusmodi
2127 528 2265 572 forma
2304 535 2521 583 servetur,
2553 539 2603 577 ut
2631 548 2710 578 ne-

439 610 653 653 quaquam
684 609 756 638 eos
786 595 992 637 sententia
1020 607 1043 636 a
1072 606 1160 636 non
1190 606 1268 637 suo
1298 594 1437 638 iudice
1467 595 1581 638 dicta
1610 595 1890 649 constringat.
1916 614 1934 633 ι
1958 597 2043 649 Leo
2066 610 2175 654 papa
2193 600 2238 646 in
2256 601 2423 656 synodo
2444 604 2604 647 Romae
2625 606 2710 650 ha..

438 671 554 724 bita,
585 669 640 711 ad
669 671 954 710 Sarmacionem
973 697 985 718 ‚
1020 667 1297 707 Chariettonem
1325 665 1361 723 Ι)
1385 671 1424 707 et
1450 664 1733 720 Desiderium‚
1758 670 1800 708 et
1829 666 1884 708 ad
1913 667 2186 725 presbyteros
2216 672 2414 714 omnium
2439 675 2710 720 ecclesiarum

211 744 279 772 «Μ
298 744 317 772 s·
337 747 396 771 ¹³0·
439 743 552 783 cirea
581 739 847 795 provinciam
876 737 1046 779 tertiam
1077 738 1347 780 constitutos.
1386 755 1401 771 κ
1424 734 1596 778 Tantam
1625 735 1780 778 saeculi
1809 740 2041 791 potestates
2071 741 2351 784 reverentiam
2381 744 2492 786 circa
2514 748 2709 802 sacerdo-

439 814 565 876 talem
596 811 790 854 ordinem
821 809 1062 865 praevalere
1091 808 1297 860 voluere,
1321 811 1368 849 ut
1399 807 1527 848 etiam
1555 807 1586 848 ii
1616 818 1748 862 quos
1756 807 1966 863 imperiali
1997 809 2169 851 nomine
2189 813 2313 854 terris
2343 813 2485 857 divina
2514 820 2706 870 pountia

116 886 398 950 Jfi,‘}‘,'„,‘,'‘⁸¹l'‘⁹²‘⁰'“
439 895 628 939 praeesse
656 881 902 936 praecepit,
931 880 997 921 ius
1028 876 1458 932 distringendorum*
1482 878 1754 932 negotiorum
1785 879 1997 934 episcopis
2026 881 2181 923 sanctis
2211 883 2325 925 iuxta
2354 882 2512 929 divalia
2547 892 2709 931 consti-

437 959 531 997 tuta
560 952 849 1008 permiserint.
880 952 934 992 Et
962 951 1088 992 infra.
1123 951 1346 992 censemus
1373 948 1519 1004 itaque
1548 953 1598 992 ut
1627 949 1885 1005 quicumque
1920 952 2214 1005 praetermisso
2250 953 2479 1001 sacerdote·
2508 958 2708 1002 ecclesiae

438 1040 564 1079 suae,
590 1024 645 1067 ad
673 1023 1022 1079 disceptationem
1053 1020 1215 1062 venerit
1243 1020 1553 1073 saecularium,
1583 1020 1714 1062 sacris
1727 1019 1934 1063 limitibus
1956 1022 2180 1077 expulsus,
2203 1035 2228 1066 a
2250 1023 2418 1066 caelesti
2438 1032 2630 1071 arceatur
2653 1032 2730 1072 al-'

438 1099 607 1140 tario.»
643 1097 765 1138 Nunc
795 1098 1109 1149 perscrutemur
1139 1090 1245 1146 quid
1274 1091 1482 1133 senserint
1511 1091 1842 1134 christianorum
1869 1091 2176 1148 imperatorum
2216 1098 2373 1138 statuta
2410 1096 2463 1138 de
2493 1098 2712 1142 ministro-

440 1182 535 1211 rum
564 1168 644 1211 Dei
673 1165 1043 1222 persecutoribus,
1075 1164 1162 1205 sive
1191 1161 1397 1205 iudicium
1426 1161 1673 1204 eorumdem
1703 1162 1787 1205 sibi
1815 1161 2138 1217 usurpantibus.

566 1242 631 1281 10.
666 1240 717 1280 Ιιι
748 1236 924 1279 historia
955 1234 1248 1277 ecclesiastica.
1288 1252 1304 1269 α
1326 1234 1626 1276 Constantinus
1655 1234 1889 1288 imperator
1918 1231 2206 1275 sacerdotibus
2237 1234 2320 1276 ait.
2346 1235 2461 1277 Deus
2491 1223 2714 1281 constituit

440 1326 518 1354 vos
547 1310 813 1361 sacerdotes,
846 1312 888 1349 ct
918 1310 1173 1361 potestatem
1203 1304 1330 1347 vobis
1358 1305 1474 1348 dedit
1504 1305 1556 1347 de
1585 1304 1710 1347 nobis
1740 1316 1914 1359 quoque
1942 1303 2186 1357 iudicandi3
2220 1308 2263 1346 et
2293 1304 2390 1348 ideo
2421 1319 2500 1349 nos
2533 1320 2558 1349 a
2589 1308 2718 1352 vobis

442 1387 556 1426 recte
588 1380 861 1431 iudicamur3
894 1389 972 1419 vos
1001 1380 1142 1418 autem
1171 1388 1259 1418 nou
1289 1377 1466 1431 potestis
1495 1375 1551 1418 ab
1580 1375 1829 1419 hominibus
1855 1374 2050 1419 iudicari.
2093 1376 2278 1430 Propter
2308 1376 2429 1431 quod
2467 1378 2547 1419 Dei
2584 1379 2719 1423 solius

441 1456 552 1496 inter
583 1464 661 1493 vos
690 1453 908 1505 expectate
937 1440 1138 1490 iudicium
1155 1479 1168 1501 ‚
1200 1451 1249 1489 ut
1278 1451 1421 1490 vestra.
1445 1447 1582 1503 iurgia
1612 1458 1905 1502 quaecumque
1934 1447 2044 1499 sint,
2078 1445 2133 1488 ad
2155 1442 2263 1489 illud
2284 1446 2472 1490 divinum
2493 1461 2716 1493 reserven-

442 1531 514 1567 tur
543 1534 731 1565 examen.
765 1522 853 1563 Vos
884 1519 1039 1561 etenim
1069 1518 1195 1560 nobis
1226 1531 1251 1560 a
1279 1519 1370 1561 Deo
1402 1518 1488 1561 dati
1518 1518 1616 1560 estis
1646 1517 1738 1571 dii,
1772 1522 1816 1560 et
1846 1518 2101 1560 conveniens
2122 1530 2210 1560 non
2241 1523 2332 1572 est,
2357 1523 2406 1561 ιιι
2435 1519 2566 1562 homo
2597 1521 2715 1564 iudi-

442 1599 508 1637 cet
539 1593 641 1635 deos
660 1623 671 1644 ,
705 1590 780 1632 sed
810 1589 880 1631 ille
911 1589 1027 1630 solus
1058 1587 1111 1629 de
1141 1597 1233 1643 quo.
1259 1588 1466 1643 scriptum
1496 1592 1583 1630 est:
1619 1590 1810 1629 Dominus
1839 1592 1944 1630 stetit
1973 1593 2016 1629 in
2045 1602 2249 1642 synagoqa
2281 1591 2488 1632 deorum.»
2525 1576 2633 1634 Item
2663 1594 2709 1643 in

442 1665 618 1708 historia
649 1662 867 1705 Anastasii.
906 1659 1262 1701 «Valentinianus
1292 1658 1346 1701 de
1376 1659 1512 1701 causis
1543 1659 1860 1714 episcoporum.
1900 1660 2036 1714 Supra
2065 1671 2180 1714 nos,
2215 1659 2384 1716 inquit,
2429 1666 2493 1703 est
2523 1666 2713 1705 vestrum
2757 1711 2761 1716 ¹

443 1736 659 1790 negotium
679 1765 692 1787 ,
724 1738 767 1775 et
795 1731 893 1774 ideo
925 1743 1002 1773 vos
1033 1730 1086 1772 de
1116 1730 1267 1772 vestris
1296 1730 1406 1772 inter
1434 1742 1513 1771 vos
1542 1730 1653 1784 agite
1684 1729 1845 1783 causis,
1887 1730 1986 1784 quia
2025 1743 2153 1786 supra
2192 1743 2273 1773 nos
2313 1732 2426 1774 estis.
2455 1751 2472 1767 »
2507 1734 2568 1774 Ex
2597 1733 2713 1775 libro

442 1807 706 1850 novellarum
738 1802 926 1846 secundo
948 1833 960 1856 ,
1001 1802 1303 1845 constitutione
1339 1801 1576 1855 ·CCCCLX·
1617 1820 1633 1837 a
1653 1802 1694 1843 Si
1728 1802 1782 1844 de
1819 1803 1995 1856 negotio
2031 1803 2314 1845 ecclesiastico
2348 1804 2555 1846 canonico
2589 1817 2717 1850 causa

443 1878 682 1930 emerserit,
713 1889 799 1918 non
824 1875 1093 1929 magistratus
1123 1872 1197 1916 scd
1224 1873 1448 1927 religiosus
1480 1873 1707 1929 episcopus
1737 1872 1971 1916 secundum
2005 1885 2151 1916 sacros
2188 1886 2370 1916 canones
2405 1873 2598 1930 imponat
2633 1888 2713 1918 ne-

443 1950 563 2004 gotio
597 1948 778 1990 finem.»
814 1945 1159 1998 Valentinianus»,
1198 1944 1402 1987 Arcadius
1442 1948 1485 1986 et
1519 1943 1803 1987 Theodosius.
1838 1962 1855 1980 ι
1874 1944 2084 1987 Continua
2112 1944 2205 1998 lege
2235 1945 2473 2000 sancimus,
2496 1950 2545 1988 ut
2573 1946 2717 1990 nullus

445 2023 742 2078 episcoporum
760 2053 772 2074 ,
804 2019 871 2061 vel
902 2029 1051 2060 eorum
1083 2018 1159 2072 qui
1189 2017 1388 2059 ecclesiae
1417 2015 1735 2059 necessitatibus
1763 2016 1975 2070 serviunt,
2006 2015 2060 2058 ad
2089 2015 2244 2058 iudicia
2279 2016 2366 2058 sive
2400 2015 2714 2060 ordinariorum

126 2106 223 2156 4⁰⁰³·
246 2106 319 2134 inst.
340 2106 402 2133 ιε.
446 2095 533 2137 sive
564 2091 992 2134 extraordinariorum
1025 2088 1213 2131 iudicum
1247 2088 1548 2143 pertrahantur
1564 2087 1598 2130 *.
1634 2087 1804 2130 Habent
1836 2087 1897 2129 illi
1929 2099 2029 2130 suos
2057 2086 2240 2141 iudices;
2274 2100 2354 2129 nec
2383 2087 2613 2142 quicquam
2653 2078 2721 2130 his

446 2163 627 2220 publicis
660 2167 882 2204 commune
913 2173 1009 2203 cum
1036 2159 1217 2214 legibus.
1250 2162 1310 2202 Ex
1345 2159 1493 2203 codice
1516 2160 1734 2202 Iustiniani
1751 2192 1763 2213 ,
1789 2159 2091 2201 constitutione
2115 2158 2280 2214 quinta.
2319 2177 2335 2193 «
2359 2159 2598 2214 Imperator
2627 2159 2715 2201 Leo

445 2239 645 2290 augustus
675 2232 887 2289 Eutychio
918 2232 1132 2287 praefecto
1157 2231 1376 2287 praetorii.
1416 2250 1433 2266 οι
1456 2232 1612 2275 Omnes
1635 2230 1711 2285 qui
1742 2229 1901 2285 ubique
1931 2233 2030 2272 sunt
2048 2259 2061 2283 ,
2092 2229 2159 2271 vel
2190 2233 2289 2284 post
2318 2229 2424 2272 haec
2454 2230 2612 2272 fuerint
2643 2243 2719 2276 ors

444 2306 660 2349 thodoxae
692 2304 791 2347 fidei
824 2303 1065 2347 sacerdotes
1098 2307 1140 2345 et
1172 2302 1316 2346 clerici
1353 2303 1654 2357 cuiuscumque
1693 2301 1850 2356 gradus
1883 2301 1994 2353 sint,
2032 2299 2228 2343 monachi
2262 2311 2463 2355 quoque,
2502 2301 2546 2341 in
2578 2302 2715 2343 causis

446 2378 639 2421 civilibus
671 2390 720 2418 ex
753 2375 908 2419 nullius
943 2375 1113 2430 penitus
1146 2374 1317 2417 maioris
1353 2374 1579 2415 minorisve
1616 2373 1824 2415 sententia
1854 2372 2005 2414 iudicis
2036 2370 2092 2413 acl
2131 2374 2324 2413 extranea
2360 2370 2516 2413 iudicia
2552 2376 2717 2426 pertra-

445 2451 626 2502 hantur,
651 2452 724 2490 aut
745 2446 968 2502 provincia
995 2446 1063 2488 vel
1084 2446 1182 2488 loco
1211 2449 1286 2487 aut
1314 2445 1488 2499 regione
1517 2455 1645 2499 quam
1669 2441 1861 2485 habitant
1891 2443 2005 2485 exire
2041 2445 2266 2495 cogantur.
2284 2461 2301 2477 »
2327 2442 2381 2483 Et
2409 2442 2535 2484 infra.
2575 2461 2593 2478 α
2614 2443 2717 2485 Nul-

444 2521 511 2563 lus
541 2523 742 2562 executor
763 2530 913 2568 vexare
944 2516 1214 2559 contumel-iis
1243 2515 1418 2558 clericos
1450 2514 1584 2567 ullos,
1616 2513 1743 2556 nullis
1773 2511 2099 2568 impulsionibus
2125 2512 2346 2555 molestare
2365 2543 2378 2566 ,
2401 2512 2526 2554 nullis
2556 2524 2714 2567 expro-

445 2592 570 2633 brare
604 2590 806 2632 conviciis
836 2594 909 2631 aut
940 2587 1233 2643 corporalibus
1260 2587 1423 2630 iniuriis
1455 2586 1632 2640 fatigare
1659 2589 1853 2628 conetur.
1888 2585 1945 2626 Hi
1972 2587 2113 2626 autem
2145 2584 2222 2638 qui
2258 2582 2503 2624 huiusmodi
2533 2583 2720 2637 aggressi

449 2664 633 2715 fuerint,
670 2665 840 2716 praeter
864 2661 1127 2702 amissionem
1149 2658 1307 2713 cinguli
1330 2662 1372 2701 et
1392 2657 1656 2713 patrimonii,
1683 2655 1831 2698 ultima
1862 2655 2061 2710 protinus
2086 2652 2449 2703 animadversione
2481 2654 2713 2708 plectendi.

446 2737 507 2776 Ex
535 2734 653 2776 libris
681 2733 940 2775 novellarum
968 2732 1112 2786 legum
1134 2743 1231 2786 cap.
1254 2730 1551 2773 ·CCGCLXVI·
1577 2728 1643 2770 «si
1667 2728 1763 2783 quis
1784 2727 1934 2769 divinis
1954 2726 2191 2781 mysteriiS,
2217 2724 2284 2768 vel
2306 2725 2394 2768 aliis
2416 2727 2568 2768 sanctis
2589 2726 2716 2767 mini-

214 2814 279 2842 «οὐ.
302 2815 322 2843 2¹·
346 2818 403 2843 1⁵1.
448 2807 584 2848 steriis
603 2807 646 2847 ιιι
673 2808 860 2846 sanctam
882 2803 1109 2845 intervenit
1137 2802 1382 2854 ecelesiam,
1415 2805 1458 2843 et
1477 2801 1679 2855 episcopo
1709 2798 1779 2842 vel
1799 2799 1962 2841 clericis
1987 2797 2057 2840 vel
2085 2797 2176 2840 aliis
2204 2797 2404 2840 ministris
2433 2796 2630 2839 ecclesiae
2650 2797 2718 2839 in-

451 2879 601 2920 iuriam
632 2876 804 2929 fecerit,
838 2875 1034 2918 iubemus
1059 2886 1155 2916 eum
1176 2873 1398 2915 tormentis
1429 2871 1665 2915 subiectum
1693 2871 1738 2912 in
1768 2869 1937 2911 exilium
1962 2869 2100 2911 mitti:
2134 2872 2178 2911 et
2206 2868 2376 2923 sicipse
2402 2869 2476 2923 qui
2504 2869 2618 2910 circa
2644 2868 2712 2910 di-

447 2950 543 2991 vina
571 2948 799 2989 ministeria
824 2945 1088 2998 turbaverit,
1121 2944 1190 2986 vel
1216 2942 1427 2986 celebrare
1454 2940 1751 2997 prohibuerit,
1781 2940 1948 2995 capitali
1980 2939 2191 2995 supplicio
2223 2939 2440 2995 puniatur.
2478 2940 2573 2981 Hoc
2602 2938 2721 2981 idem

450 3019 760 3062 observandum
803 3022 866 3060 est
901 3018 946 3059 in
980 3017 1137 3059 litaniis
1173 3017 1216 3058 in
1251 3015 1405 3070 quibus
1447 3013 1638 3069 episcopi
1668 3012 1738 3054 vel
1774 3010 2249 3064 clerici-inveniuntur,
2285 3014 2334 3052 ut
2363 3010 2398 3051 si
2438 3010 2535 3065 quis
2568 3014 2719 3052 coutu-

449 3092 611 3133 meliam
643 3095 802 3132 tantam
833 3089 1002 3141 fecerit,
1035 3087 1256 3131 tormentis
1281 3091 1322 3129 et
1349 3086 1471 3128 exilio
1502 3084 1706 3127 tradatur.
1744 3083 1815 3126 Sin
1851 3087 1993 3125 autem
2023 3082 2191 3125 litanias
2220 3081 2515 3135 conturbarit,
2541 3080 2723 3135 capitale·

448 3163 681 3216 periculum
707 3160 943 3203 sustinebit.
966 3161 1108 3215 anue
1129 3158 1355 3206 defendere
1377 3157 1573 3199 volumus
1592 3167 1681 3198 non
1701 3154 1840 3197 solum
1860 3154 2002 3196 civiles
2021 3152 2098 3196 sed
2118 3153 2248 3196 etiam
2269 3152 2474 3194 militares
2497 3151 2671 3194 iudices.
2696 3170 2713 3187 »

573 3234 639 3273 tl.
677 3233 731 3272 lix
753 3231 864 3273 libro
889 3230 1074 3284 codicis,
1104 3229 1406 3272 constitutione
1431 3228 1468 3269 I.
1489 3228 1773 3282 Imperatores
1795 3224 2003 3268 Arcadius
2028 3229 2070 3267 et
2096 3224 2313 3267 Honorius
2336 3235 2464 3278 augg.
2489 3222 2720 3266 Theodoro

452 3303 665 3358 praefecto
702 3303 937 3356 praedicto.
978 3303 1019 3344 Si
1057 3302 1153 3357 quis
1183 3301 1229 3342 in
1264 3300 1349 3342 hoc
1381 3311 1515 3353 genus
1547 3297 1754 3352 sacrilegii
1783 3296 2056 3352 proruperit,
2092 3300 2142 3339 ut
2175 3296 2220 3338 ιιι
2257 3295 2451 3338 ecclesias
2486 3294 2723 3337 catholicas

452 3376 646 3427 irruens,
677 3374 970 3416 sacerdotibus
999 3378 1043 3416 et
1075 3372 1303 3424 ministris,
1330 3372 1400 3413 vel
1428 3371 1508 3426 ipsi
1538 3369 1670 3412 cultui
1697 3369 1883 3424 locoque
1919 3366 2078 3423 aliquid
2115 3368 2322 3423 importet
2357 3366 2564 3420 iniuriae,
2600 3366 2720 3421 quod

449 3447 631 3499 geritur,
664 3457 686 3486 a
717 3445 956 3499 provinciae
982 3444 1220 3487 rectoribus
1250 3442 1632 3486 animadvertatur:
1659 3445 1785 3496 atque
1814 3441 1876 3483 ita
1900 3439 2146 3495 provinciae
2173 3437 2418 3481 moderator
2450 3436 2722 3480 sacerdotum

450 3522 491 3558 et
520 3516 753 3559 catholicae
788 3514 983 3557 ecclesiae
1016 3495 1336 3569 ministrorum,
1369 3513 1457 3556 loci
1495 3525 1670 3568 quoque
1702 3512 1836 3567 ipsius
1869 3515 1912 3554 et
1949 3510 2082 3553 divini
2114 3509 2253 3552 cultus
2288 3508 2515 3562 iniuriam,
2549 3507 2719 3563 capitali

453 3588 671 3629 convictos
693 3588 778 3628 sive
801 3585 1015 3628 confessos
1037 3599 1131 3628 reos
1159 3585 1366 3628 sententia
1395 3584 1561 3627 noverit
1587 3581 1878 3626 iudicandum.
1902 3583 1957 3625 Et
1982 3593 2072 3624 non
2101 3583 2293 3636 expectet
2319 3584 2368 3623 ιιι
2399 3579 2624 3636 episcopus
2651 3578 2724 3620 in-

569 3711 598 3751 1)
621 3712 708 3742 Haec
726 3718 785 3741 nos
806 3709 939 3741 nomina
960 3707 1147 3748 supplemus
1169 3707 1202 3739 in
1224 3706 1346 3740 codicis
1368 3707 1494 3739 lacuna.
1518 3707 1616 3739 Extat
1637 3707 1745 3754 autem
1765 3706 1846 3738 haec
1865 3704 2004 3747 epistola
2025 3703 2060 3736 ιιι
2081 3702 2224 3737 editione
2244 3702 2458 3736 balleriniana
2475 3703 2509 3734 S.
2526 3701 2643 3734 Leonis
2658 3701 2722 3733 PP.

447 3765 484 3796 'l
505 3765 530 3794 1.
554 3763 617 3795 eol.
648 3766 737 3802 1471;
760 3761 817 3794 sed
838 3770 897 3802 ea,
921 3759 1094 3794 sirmondo
1115 3759 1243 3801 iudice,
1263 3760 1418 3794 tribuitur
1438 3760 1547 3802 potius
1562 3760 1662 3794 Leoni
1684 3759 1837 3801 episcopo
1861 3757 2076 3799 bituricensi,
2098 3757 2216 3793 Leonis
2240 3764 2342 3801 papae
2366 3756 2647 3820 contemporaneo.
2666 3751 2725 3784 Vi

454 3816 539 3849 desis
568 3816 602 3848 in
625 3816 696 3849 loco
717 3816 817 3849 citato
838 3813 1106 3848 admonitionem.
