2996 4432
769 335 876 394 AD
923 332 1422 394 BONIZONEM
1464 332 1960 395 PRAEFATIO.

337 567 374 614 1.
402 517 513 612 De
544 562 812 617 Bonizonis,
848 561 1014 608 sutrini
1038 562 1246 624 primum
1271 559 1442 607 deinde
1466 559 1716 623 placentini
1742 562 1945 625 episcopi
1966 597 1978 616 ,
2006 563 2099 611 vita
2125 566 2356 628 variisque
2381 568 2500 614 scri-

240 644 331 707 ptis
356 678 368 697 ,
403 651 451 690 et
485 641 545 689 de
577 641 676 688 eius
710 640 959 701 martyrica
991 639 1133 702 paulo
1169 645 1275 686 ante
1309 637 1479 686 saeculi
1513 637 1748 685 undecimi
1782 638 1924 685 finem
1964 655 2105 694 nece,
2143 643 2251 688 satis
2293 656 2349 689 ea
2387 652 2498 691 sunt

240 735 360 783 quae
381 719 496 766 dixit
517 733 624 766 cum
644 718 782 780 Pagio
803 717 1030 763 Baronius
1056 715 1116 763 ad
1140 731 1216 763 an.
1251 715 1392 762 1044.
1427 715 1567 763 1085.
1599 717 1740 762 1089.
1756 749 1769 769 ,
1791 731 1878 762 nee
1903 731 1996 763 non
2021 719 2260 780 Ughellius
2286 721 2335 767 in
2360 722 2499 768 sutri-

238 800 312 845 nis
335 806 382 845 et
413 798 463 844 in
486 795 760 859 placentinis
789 794 1042 857 episcopis,
1077 802 1178 840 tum
1206 793 1408 841 Mansius
1430 793 1479 840 in
1508 792 1833 840 additamentis
1858 793 1917 839 ad
1939 793 2136 841 Fabricii
2159 794 2499 846 bibliothecam

234 877 456 928 latinam.
494 872 777 921 Muratorius
809 872 860 918 in
892 872 1037 934 antiq.
1078 870 1220 918 medii
1252 870 1352 917 aevi
1382 871 1433 916 T.
1466 870 1546 917 111.
1574 870 1667 917 col.
1697 870 1810 925 599,
1848 871 2063 933 Campius
2097 872 2205 919 hist.
2239 874 2353 921 eccl.
2393 875 2499 938 pla-

234 961 356 1002 cent.
381 951 467 999 lib.
498 952 579 1006 xl.
604 958 650 997 et
682 949 896 1012 plurimis
921 946 1080 996 verbis
1112 947 1324 995 Oudinus
1346 982 1358 1002 ‚
1399 955 1638 1011 postremo
1670 960 1784 1011 prae
1817 947 1981 995 ceteris
2013 958 2224 996 accurate
2258 951 2495 999 Ballerinii

233 1032 401 1079 fratres
424 1045 538 1093 opp.
558 1029 603 1075 S.
625 1029 794 1075 Leonis
816 1029 867 1074 T.
887 1027 967 1073 111.
990 1042 1037 1090 p.
1060 1026 1174 1073 307.
1196 1041 1293 1089 seq.
1316 1025 1455 1082 Quod
1478 1026 1518 1072 si
1542 1023 1657 1088 quid
1684 1023 1838 1072 adhuc
1859 1025 2103 1072 Bonizonis
2127 1027 2318 1074 notitiae
2340 1027 2494 1082 deest,
2514 1059 2517 1061 -

233 1109 324 1157 hoc
347 1107 476 1170 quod
513 1121 600 1153 nos
632 1105 779 1152 modo
807 1104 1052 1167 vulgamus
1078 1119 1199 1167 opus
1221 1111 1317 1150 tam
1341 1102 1562 1166 graphice
1587 1099 1850 1150 doctrinam
1876 1103 2163 1165 virtutesque
2189 1105 2391 1151 auctoris
2416 1105 2495 1152 de-

230 1194 481 1239 monstrat,
519 1192 570 1230 ut
605 1182 863 1246 quamlibet
900 1181 960 1229 de
990 1182 1095 1244 ipso
1129 1181 1372 1228 historiam
1407 1179 1542 1243 facile
1575 1187 1781 1243 superet.
1818 1179 2054 1226 Hactenus
2083 1195 2198 1227 vero
2234 1188 2329 1228 tres
2353 1181 2494 1229 huius

231 1271 454 1311 tractatus
481 1261 666 1309 codices
698 1261 1015 1306 innotuerant.
1042 1259 1223 1306 Primus
1251 1260 1427 1322 priscus
1461 1256 1856 1311 vindobonensiS,
1889 1257 1949 1303 de
1974 1271 2071 1319 quo
2090 1257 2362 1305 Lamhecius
2386 1259 2490 1306 Bib.

229 1342 359 1388 CaeS.
385 1342 436 1386 T.
472 1341 530 1385 11.
557 1337 634 1385 ed.
663 1352 774 1384 nov.
803 1336 895 1383 col.
926 1336 1038 1382 619.
1067 1351 1165 1398 seq.
1193 1336 1267 1382 cui
1295 1343 1388 1383 tres
1413 1336 1593 1398 priores
1613 1333 1724 1381 libri
1754 1333 1950 1389 desunt,
1978 1348 2035 1381 ex
2066 1349 2164 1396 quo
2192 1336 2408 1398 contigit,
2439 1345 2493 1383 ut

229 1419 432 1481 epitome
455 1416 676 1477 historiae
699 1429 822 1461 rom.
851 1412 1129 1460 Pontificum
1155 1428 1276 1476 quae
1305 1421 1374 1460 est
1397 1413 1582 1460 initium
1607 1411 1717 1459 libri
1739 1412 1816 1467 lv,
1847 1412 2028 1459 dicatur
2050 1412 2276 1460 mendose
2307 1428 2333 1461 a
2358 1414 2495 1461 Lam—

228 1496 363 1544 becio
395 1493 690 1557 prooemium
712 1490 883 1553 operis.
924 1489 1164 1536 Secundus
1186 1497 1256 1536 est
1284 1489 1432 1536 codex
1459 1490 1571 1536 item
1595 1490 1774 1553 priscus
1797 1488 2067 1544 brixiensis,
2102 1490 2229 1537 unde
2260 1489 2494 1539 librorum

227 1572 390 1619 decem
427 1570 528 1633 (tot
554 1570 679 1616 enim
705 1583 825 1630 opus
853 1566 1057 1629 constat)
1084 1567 1214 1612 initia
1240 1566 1476 1613 Ballerinii
1504 1565 1593 1614 sibi
1626 1568 1965 1614 communicata
1998 1566 2281 1614 habuerunt.
2312 1570 2492 1616 Tertius

227 1664 450 1696 romanus
483 1646 610 1710 apud
633 1643 966 1692 bibliothecam
996 1644 1042 1690 S.
1075 1645 1198 1690 Petri
1232 1644 1281 1690 in
1313 1644 1537 1699 vinculis,
1563 1646 1644 1707 qui
1675 1644 1793 1692 nihil
1826 1645 1954 1692 aliud
1985 1653 2054 1692 est
2076 1660 2218 1707 quam
2245 1645 2491 1694 brixiensis

225 1725 551 1789 apographum
575 1739 758 1776 recens,
778 1721 909 1784 quod
924 1720 1057 1770 brevi
1079 1721 1284 1769 dictione
1306 1722 1554 1769 illustravit
1573 1737 1672 1769 rev.
1695 1723 1939 1787 episcopus
1959 1722 2234 1771 laodicensis
2251 1725 2382 1773 Vinc.
2405 1726 2490 1772 Ga-

224 1804 419 1851 rofalus.
448 1802 632 1849 Etenim
657 1802 895 1848 vaticanus
918 1799 1066 1847 codex
1088 1800 1234 1847 7143.
1263 1801 1339 1847 vix
1363 1800 1412 1847 in
1439 1800 1529 1847 hoc
1557 1799 1726 1849 ordine
1755 1802 1869 1864 poni
1897 1809 2075 1864 potest,
2103 1801 2485 1865 quandoquidem

222 1882 373 1928 solam
403 1878 545 1927 habet
573 1893 695 1926 rom.
726 1875 1004 1924 Pontificum
1031 1878 1294 1940 epitomen,
1321 1892 1378 1924 ex
1404 1876 1748 1925 vindobonensi
1777 1878 1850 1926 vel
1883 1878 1976 1926 alio
2007 1879 2306 1941 exscriptam,
2344 1895 2487 1942 quam

223 1974 310 2006 nos
342 1957 513 2021 partim
545 1954 776 2018 Spicilegii
807 1968 929 2001 rom.
971 1962 1100 2000 sexto
1137 1962 1270 2001 tomo
1302 1954 1598 2001 inseruimus.
1629 1955 1719 2002 Sed
1745 1963 1940 2018 quartus
1965 1955 2168 2018 denique
2199 1972 2325 2003 nunc
2356 1971 2486 2004 acce—

220 2036 292 2082 dit
325 2047 548 2081 romanus
577 2031 751 2086 codex,
789 2046 930 2093 quem
965 2045 1054 2093 pro
1085 2046 1168 2078 sua
1202 2030 1487 2094 benignitate
1519 2033 1881 2079 communicavit
1912 2047 2095 2079 mecum
2129 2033 2202 2079 vir
2236 2032 2408 2080 nobilis
2438 2042 2487 2080 et

219 2112 387 2161 eximie
418 2110 627 2158 eruditus
659 2110 929 2156 Franciscus
960 2109 1020 2157 de
1053 2107 1249 2163 Rubeis,
1277 2109 1359 2171 qui
1393 2109 1464 2155 his
1494 2111 1625 2156 annis
1659 2110 1887 2172 insignem
1923 2109 2138 2156 codicum
2174 2117 2220 2156 et
2252 2111 2485 2156 rariorum

218 2190 479 2238 editionum
513 2188 697 2250 copiam
730 2188 780 2234 in
810 2187 904 2234 suis
935 2185 1245 2249 quirinalibus
1282 2187 1476 2234 aedibus
1510 2187 1783 2234 cumulavit.
1819 2186 1974 2234 Codex
2016 2187 2092 2234 hic
2127 2202 2348 2234 romanus
2387 2186 2485 2234 bri-

219 2269 367 2316 xiensi
389 2269 438 2313 in
460 2266 619 2312 multis
642 2264 802 2311 similis
829 2274 923 2318 est,
956 2279 1155 2327 namque
1178 2273 1224 2312 et
1251 2265 1476 2328 praefatio
1499 2265 1654 2319 deest,
1682 2266 1851 2312 amisso
1877 2273 1925 2312 ut
1948 2265 2133 2312 videtur
2160 2266 2314 2328 primo
2341 2265 2481 2319 folio,

216 2355 268 2394 et
288 2346 517 2409 scriptura
550 2344 791 2405 utriusque
828 2342 996 2404 (aeque
1029 2358 1082 2389 ac
1110 2342 1498 2406 vindobonensis)
1534 2343 1722 2390 videtur
1755 2343 1898 2406 paulo
1930 2351 2035 2406 post
2067 2344 2220 2406 ipsum
2248 2352 2485 2390 auctorem

216 2410 428 2475 exarata,
465 2422 594 2468 cuius
628 2435 714 2467 nos
747 2420 983 2482 specimen
1018 2420 1067 2465 in
1105 2419 1276 2467 tabulis
1314 2420 1714 2484 palaeographicis
1747 2422 2069 2484 exposuimus;
2105 2430 2150 2467 et
2182 2421 2485 2468 nihilominus

218 2500 279 2548 ab
301 2500 468 2548 eodem
492 2499 712 2545 brixiensi
743 2497 983 2544 nonnullis
1008 2497 1294 2546 dictionibus
1318 2498 1502 2553 differt,
1530 2499 1594 2545 ita
1621 2506 1672 2545 ut
1698 2499 1935 2561 exemplar
1963 2499 2060 2545 eius
2090 2498 2181 2545 dici
2206 2514 2302 2545 non
2325 2508 2481 2560 queat.

217 2578 374 2626 Codex
404 2592 628 2625 romanus
658 2575 820 2638 incipit
852 2576 932 2622 sic.
961 2575 1021 2621 In
1049 2574 1251 2639 epistola
1285 2575 1343 2622 de
1369 2575 1607 2640 parvulis.
1640 2577 1732 2623 Cur
1746 2576 1959 2640 peccatis
1979 2587 2238 2639 parentum
2256 2576 2373 2638 filii⁴
2387 2593 2484 2622 non

216 2666 438 2701 tenentur
469 2651 707 2716 obligati,
747 2651 1148 2714 quemadmodum
1176 2669 1266 2716 per·
1289 2652 1443 2714 fidem
1467 2652 1660 2699 illorum
1686 2652 1737 2699 in
1762 2653 1998 2718 baptismo
2032 2665 2142 2700 sunt
2165 2653 2358 2701 salvati.
2387 2656 2485 2700 Au-

214 2730 437 2796 gustinus
470 2729 539 2776 ad
570 2727 882 2790 Bonisaeium
915 2727 1201 2792 episcopum.
1241 2729 1444 2784 Quaeris
1469 2744 1502 2776 a
1524 2746 1598 2775 me
1623 2741 1786 2776 utrum
1816 2742 2040 2793 parentes
2072 2729 2333 2794 baptizatis
2362 2746 2483 2794 par-

214 2807 338 2855 vulis
369 2806 469 2854 suis
500 2816 703 2852 noceant
735 2813 824 2851 etc.
863 2805 975 2860 Quis
1006 2820 1102 2851 non
1127 2805 1255 2852 videt
1283 2806 1561 2868 acephalum
1589 2822 1689 2853 esse
1718 2807 1927 2853 codicem
1946 2841 1957 2859 ,
1989 2807 2070 2868 qui
2101 2815 2147 2852 et
2176 2806 2312 2853 titulo
2343 2821 2484 2868 gene-

217 2885 304 2932 rali
327 2892 373 2930 et
396 2881 607 2946 qualibet
631 2882 976 2928 introductione
1006 2881 1076 2928 vel
1113 2881 1310 2928 exordio
1338 2883 1499 2929 caret?
1532 2884 1758 2946 Deinceps
1787 2892 1941 2930 tamen
1971 2883 2030 2930 ad
2064 2882 2208 2930 finem
2237 2899 2385 2945 usque
2413 2893 2479 2930 est

213 2962 570 3024 integerrimus,
611 2959 852 3021 librosque
891 2958 1053 3005 decem
1095 2958 1236 3006 habet
1259 2994 1271 3013 ,
1310 2959 1528 3006 videlicet
1562 2962 1598 3007 Ι.
1637 2962 1704 3007 Βο
1741 2959 1991 3023 baptismo.
2027 2962 2084 3006 ΙΙ.
2130 2962 2197 3006 De
2229 2962 2474 3023 episcopis.

213 3040 291 3086 111.
327 3040 394 3085 De
428 3035 818 3085 ordinationibus.
857 3037 933 3082 lV.
974 3037 1039 3083 De
1073 3036 1343 3084 excellentia
1375 3052 1596 3084 romanae
1621 3037 1861 3084 eccleaiae.
1899 3039 1954 3084 V.
1991 3039 2057 3083 De
2085 3038 2274 3084 secundi
2303 3037 2482 3084 ordinis

213 3114 552 3163 sacerdotibus.
585 3115 661 3161 VI.
697 3115 763 3160 De
797 3113 1052 3160 monachis.
1085 3114 1182 3160 Vll.
1211 3114 1278 3160 De
1309 3113 1498 3176 regibus
1532 3123 1578 3161 et
1608 3113 1839 3160 iudicibus
1872 3123 1917 3160 et
1950 3115 2010 3161 de
2037 3114 2107 3160 his
2131 3116 2212 3176 qui
2248 3116 2298 3162 in
2331 3114 2481 3162 laicali

211 3193 381 3240 ordine
405 3195 454 3239 in
491 3190 854 3238 sublimitatibus
886 3190 926 3252 1)
955 3198 1061 3236 sunt
1087 3191 1339 3237 constituti.
1368 3191 1487 3238 Vlll.
1517 3191 1767 3247 Quomodo
1795 3191 1968 3238 subditi
1999 3194 2143 3239 vitam
2175 3191 2376 3240 debeant
2400 3193 2480 3239 in·-

210 3270 418 3316 stituere.
452 3270 529 3315 lX.
568 3267 854 3315 Medicinalis
882 3267 978 3313 sive
1012 3267 1367 3329 paenitentialis.
1402 3269 1461 3314 X.
1500 3269 1566 3315 De
1602 3268 1785 3315 iudiciis
1821 3269 2085 3315 criminum.
2122 3269 2358 3316 Generalis
2379 3304 2391 3323 ‚
2429 3277 2481 3315 ut

209 3347 436 3399 diximus,
474 3346 636 3392 titulus
669 3337 833 3408 operis*
861 3344 1014 3398 deest;
1048 3360 1155 3390 nam
1189 3345 1335 3391 codex
1371 3344 1738 3392 vindobonensis
1775 3355 1867 3392 tres
1900 3347 2080 3408 priores
2111 3345 2260 3393 libros
2295 3346 2481 3394 deside-

213 3432 309 3476 rat;
342 3421 585 3469 brixiensis
611 3430 766 3470 autem
792 3430 838 3468 et
863 3422 938 3468 hic
964 3437 1186 3468 romanus
1210 3422 1416 3484 primum
1442 3422 1607 3470 saltem
1642 3422 1826 3470 folium.
1856 3422 1929 3469 Ad
1953 3425 2110 3486 operis
2137 3423 2326 3470 titulum
2349 3423 2479 3486 quod

210 3502 403 3553 attinet,
431 3501 707 3561 Anonymus
739 3500 931 3562 quidem
956 3498 1236 3546 mellicensis
1263 3515 1364 3563 cap.
1410 3502 1518 3546 112.
1556 3500 1669 3547 dicit
1695 3512 1923 3564 excerpta
1947 3500 2005 3546 de
2029 3501 2306 3548 canonibus.
2344 3503 2479 3548 Lam-

209 3575 367 3623 becius
400 3576 772 3623 coniecturaliter
804 3576 1037 3622 decretale
1068 3575 1162 3622 sive
1198 3587 1459 3641 syntagma
1489 3575 1783 3623 decretorum
1819 3577 2259 3624 ecclesiasticorum.
2298 3579 2350 3624 In
2380 3576 2479 3624 bri-

293 3710 327 3750 1)
353 3705 471 3742 Verba
502 3706 543 3742 in
564 3705 867 3743 sublimitatibus
897 3705 1032 3743 desunt
1054 3705 1094 3743 in
1118 3706 1319 3753 specimine
1344 3705 1520 3743 brixiensi
1542 3705 1641 3754 apud
1667 3705 1887 3743 Ballerinios
1911 3705 1981 3744 loc.
2012 3708 2078 3744 cit.
2096 3706 2166 3744 Sed
2192 3705 2343 3743 nonnisi
2370 3714 2473 3742 men-

203 3764 293 3801 dose
321 3763 481 3810 desunt,
510 3769 553 3801 ut
576 3770 728 3812 apparet
756 3776 797 3803 ex
824 3765 932 3803 initio
959 3764 1044 3803 libri
1063 3765 1202 3811 octavi,
1228 3765 1293 3802 ubi
1319 3765 1370 3802 ait
1394 3766 1532 3803 Bonizo
1560 3777 1598 3803 se
1622 3765 1662 3802 in
1682 3765 1867 3813 superiore
1892 3766 1986 3803 libro
2009 3767 2125 3814 egisse
2149 3766 2196 3803 cle
2209 3764 2406 3813 praelatis
2432 3766 2472 3799 in

208 3823 347 3861 laicali
368 3825 502 3862 ordine
520 3825 671 3872 positis.
