2944 4426
369 1113 399 1170 ¹³¹<

238 1139 306 1169 cod.
327 1139 348 1171 f.

238 1994 304 2023 eod.
323 1994 344 2024 f
357 1963 439 2024 {1ss

345 2610 372 2631 v.
395 2606 438 2631 20.

242 2636 311 2665 cod.
327 2637 348 2666 r.
366 2643 392 2667 ⁹.
410 2645 438 2667 a.

353 3740 382 3760 v.
402 3736 446 3761 26.

220 3767 288 3796 cod.
313 3768 332 3797 l.
356 3772 397 3797 10.
418 3775 446 3798 a.

505 241 535 283 2
1527 252 1738 300 ornemus*

497 335 637 386 τιὲναι·
676 339 759 391 ωᾶς
796 334 870 404 γὰρ
907 336 925 384 ὃ
964 357 1016 386 τα
1051 339 1186 403 φαῦλα
1223 334 1411 404 ωρᾶττων
1436 373 1450 398 ,
1488 342 1592 401 μισὲἷ

495 405 539 457 zo*
578 426 669 473 φως·
708 408 793 453 ἅλ’).
831 410 873 454 σύ
909 403 1023 471 παρὰ
1059 429 1129 458 την
1166 407 1307 457 cir-ew
1346 428 1461 477 φυσιν
1499 410 1595 457 ἀτι-

493 476 658 562 μζάζεται
680 516 691 534 ,
727 474 830 524 ἀλλα
861 498 970 543 παρα
1001 499 1067 529 την
1100 474 1249 526 ἐκεινων
1285 479 1461 544 ἄγνοιαν·
1502 480 1590 527 ἀλλ’

493 548 526 596 εἷ
567 550 743 607 εὐσεβεῖς
791 548 989 613 αιρσῧνται
1035 546 1107 600 τῆν
1153 547 1377 608 σαιόειαν,
1413 552 1482 598 ’ἵνα
1518 570 1589 600 την

492 617 624 681 ψυχὴν
656 616 954 684 καθαρθέντες,
991 617 1238 674 εἰσδέξωνται
1272 623 1341 670 τὴν
1384 622 1440 674 εἷς
1473 618 1589 667 κακό-

493 710 610 752 τεχνε
613 708 632 735 ν
669 692 805 752 ψυχὶν
849 713 902 752 μη
941 711 1033 738 εισι
1035 711 1133 739 υσαν
1178 687 1336 756 σσφιαν·
1381 693 1415 738 οἶ
1453 687 1496 737 δε
1532 712 1588 752 μη

494 758 656 823 ἔχοντες
689 756 811 827 φόβον
842 763 970 820 θεοῦ,
1004 758 1069 809 τᾶν
1101 782 1153 808 115:
1159 785 1188 807 ι
1175 763 1291 809 ῧντα
1330 756 1458 826 ἀρχην
1492 761 1589 808 αἱσ-

491 826 684 889 θῆσεως,
729 832 1020 882 ἀναισθητσυσι
1067 852 1204 897 σεφιας
1248 853 1315 878 και
1359 825 1552 883 ωαιόειας
1575 866 1588 888 ,

489 922 556 948 και
584 903 839 956 ἐξευθενσυσιν
864 899 1068 987 οἷμφοτερα
1093 905 1154 964 1)·
1179 903 1229 954 ὡς
1254 923 1288 948 ει
1315 924 1384 953 την
1411 896 1589 950 παλαιὰν

489 968 545 1033 W}
577 970 804 1035 δεχόμενοι,
836 994 901 1020 και
935 967 1002 1020 τόν
1042 968 1252 1036 ὂημσυργόν
1283 994 1332 1026 ως
1366 966 1470 1033 ὦμὲν
1503 971 1589 1016 δια-

489 1039 727 1102 βάλλσντες.

440 1126 446 1133 ’
549 1112 752 1178 ’Ὠσπερ
731 1135 759 1162 η
778 1134 920 1179 κορυφη
952 1134 1017 1159 και
1043 1111 1061 1158 o‘
1089 1109 1262 1175 τράχηλε
1268 1133 1285 1163 ς
1310 1112 1416 1159 ὂηλει
1453 1112 1590 1157 ἑνταῧ-

490 1190 542 1230 θα
577 1182 643 1232 τὸν
674 1205 786 1243 νευν,
813 1184 910 1232 οὕτω
941 1204 1007 1230 και
1041 1181 1058 1229 3
1093 1201 1259 1247 ςεφανσς
1290 1203 1357 1228 και
1389 1183 1407 1228 3
1439 1179 1563 1227 κλοιὸς
1551 1218 1586 1237 ,

489 1255 662 1302 ἐνταῦθα
689 1275 853 1314 σημαινε
839 1276 867 1300 ιι
893 1275 963 1303 την
995 1255 1151 1315 γνῶσιν·
1179 1252 1253 1298 αὕτ
1257 1273 1280 1301 η
1314 1273 1389 1317 γαρ
1420 1253 1446 1298 ᾗ
1472 1271 1588 1300 συνη-

489 1332 572 1372 θεια
603 1347 669 1374 του
698 1321 914 1386 πνεύματος
947 1344 986 1370 τε
989 1345 1013 1369 υ
1045 1319 1130 1385 ἁγῖε
1116 1343 1178 1379 υ,
1204 1324 1368 1375 πολλεις
1402 1318 1587 1383 ὀνόμασιν

487 1390 663 1456 ὠνόμασε
696 1392 763 1441 τὸν
795 1393 889 1441 θεόν
924 1413 967 1442 τε
998 1414 1064 1439 και
1098 1413 1186 1446 τενς
1221 1387 1413 1456 ἀγγελους
1440 1394 1585 1450 αὐτοῦ,

487 1486 551 1512 και
592 1462 658 1513 τὸν
689 1484 798 1523 νουν,
831 1486 895 1511 ναι
929 1484 997 1512 την
1030 1459 1195 1528 ἀρετ-ην
1223 1483 1288 1509 και
1323 1483 1395 1514 την
1419 1483 1586 1526 γνωσιν,

487 1556 552 1582 και
588 1556 657 1586 την
691 1534 886 1600 ἀγνωσιαν
908 1571 920 1592 ,
955 1555 1020 1581 και
1055 1553 1124 1583 την
1156 1551 1290 1580 κακιαν
1312 1569 1325 1591 ‚
1362 1555 1426 1581 και
1469 1529 1588 1581 αὐτὸν

487 1604 554 1654 τὸν
582 1603 761 1666 διαβολσν
786 1628 851 1652 και
873 1626 961 1657 τους
987 1602 1177 1668 ἀγγέλους
1201 1605 1333 1650 αὐτοῦ·
1356 1625 1429 1666 ουχ
1452 1598 1589 1657 οἱπλως

487 1674 526 1726 δὲ
550 1675 697 1731 τιθησι
731 1698 783 1724 τα
813 1673 1012 1736 ἑνοματα,
1039 1675 1090 1738 ὥς
1125 1695 1226 1727 τινες
1259 1671 1424 1724 εἵσνται·
1452 1670 1588 1741 ὂιαφό-

485 1770 558 1814 ρων
592 1748 784 1813 ἐνεργειων
819 1768 895 1795 εισι
925 1763 1198 1810 γνωρισματα·
1230 1747 1316 1791 θεεν
1277 1766 1317 1790 υ
1349 1741 1391 1793 ὂε
1418 1742 1482 1793 διὰ
1514 1766 1587 1793 των

487 1815 668 1884 ἀγγέλων
700 1840 797 1881 ημιν
832 1819 1074 1882 ἐνεργοῦντες
1095 1854 1107 1872 .,
1143 1838 1206 1863 και
1238 1814 1345 1877 ἦαῶν
1379 1817 1418 1863 ἐν
1455 1817 1586 1879 αὐτῷ,

486 1887 679 1953 δαιμόνων
712 1887 751 1938 τὲ
778 1885 880 1954 πρός
917 1889 1040 1948 ἡμᾶς.

556 1963 680 2010 Οὕτει
710 1956 1010 2045 ,συγκληρονέμει
1043 1960 1116 2006 τῶν
1149 1954 1424 2018 ἀντινειμενων
1458 1952 1584 2014 εἶσιν,

486 2030 518 2079 οἶ
558 2035 631 2086 τῆς
668 2032 789 2085 αὐτῆς
833 2051 967 2083 αυτεις
1011 2050 1154 2082 κακιας
1199 2024 1586 2091 μεταλαμβάνσντες·

485 2099 608 2150 κεινὸν
642 2100 679 2150 δὲ
715 2097 854 2160 ἐστιν,
888 2097 906 2149 3
948 2119 1004 2161 μη
1037 2101 1106 2148 rofi
1135 2096 1220 2153 e’v33
1259 2096 1343 2147 ἐστι
1376 2101 1442 2146 to?
1472 2101 1584 2146 θεοῦ

488 2174 561 2239 ορα
594 2170 637 2221 δε
669 2170 851 2236 ὁμόνοιαν
882 2190 1049 2236 πονηραν
1086 2191 1150 2217 και
1171 2159 1327 2235 ὄλεθρε
1330 2190 1366 2218 ν.

563 2241 732 2293 Δικτυον
764 2244 825 2299 ἐςι
849 2239 1011 2294 κολασις
1044 2262 1169 2290 αιωνις
1175 2263 1216 2296 ς,
1250 2262 1314 2287 και
1349 2235 1588 2301 πολυσχιόγς

487 2315 653 2379 τιμωρία
677 2312 785 2380 παρὰ
809 2317 877 2362 τεῧ
900 2309 1049 2361 ὂικαιευ
1081 2333 1210 2377 κριτσυ
1234 2333 1324 2365 ταις
1350 2307 1587 2375 ἀκαθάρτοις

487 2406 712 2450 ωροσαγεμε
698 2407 760 2435 νη
805 2386 960 2447 ψυχαις
1005 2384 1068 2432 &ux
1112 2380 1297 2443 ἀωωλειᾳ
1347 2401 1418 2430 των
1461 2402 1589 2434 κακως

484 2454 674 2522 ἔκφυντων
701 2458 860 2520 πτερῶν·
889 2476 942 2505 ut
928 2475 1074 2520 „epora
1097 2450 1207 2508 δὲ,
1182 2474 1257 2516 τιμε
1262 2475 1296 2506 ις
1331 2453 1367 2499 οἱ
1391 2451 1583 2517 ἄνθρωπει

486 2525 519 2573 εἶ
553 2523 712 2588 ὂνναμιν
745 2523 811 2572 ἐὰν
844 2525 1025 2587 θέλωμεν
1059 2543 1221 2587 εχσντες
1255 2526 1322 2571 τοῦ
1345 2523 1586 2573 ἀναπτῆναι.

544 2594 642 2653 Ego
628 2600 686 2644 ὂε
690 2616 708 2642 ν
746 2618 811 2643 νυν
849 2598 909 2643 bv:
912 2592 1025 2658 μάζει
1060 2616 1131 2645 την
1165 2595 1208 2649 ἐ
1190 2596 1415 2642 ἶελθσυσαν
1454 2589 1587 2656 ψυχην

485 2664 563 2717 ἀπὸ
588 2689 728 2721 κακιας
760 2689 826 2716 και
859 2663 1074 2731 ἀγνωσιας·
1104 2685 1259 2716 τειαυτη
1285 2663 1327 2712 δὲ
1358 2662 1487 2718 ’ἔξοδος
1511 2683 1589 2712 των

485 2740 574 2786 υιῶν
605 2735 805 2803 Ἰσραηλ,
839 2740 863 2788 -n‘
897 2738 1000 2800 μετὰ
1036 2732 1103 2787 τὴν
1137 2736 1177 2783 ἐκ
1212 2738 1283 2789 τῆς
1320 2732 1482 2820 κρίσεως
1522 2756 1591 2784 τευ

484 2812 571 2857 θεοῧ
593 2830 655 2855 και
683 2805 940 2861 ὂιδασκαλιας
964 2803 1116 2870 γένεσιν
1141 2824 1339 2872 γεγονυια·
1369 2827 1439 2870 τῃν
1464 2826 1589 2855 αυτ-ην

486 2877 528 2927 δὲ
565 2875 699 2943 ψυχην
735 2901 800 2927 και
835 2874 1034 2928 ωλατειαν
1079 2875 1197 2942 λεγει·
1237 2873 1418 2926 σλάτυνε
1405 2895 1441 2922 v
1479 2873 1552 2941 γάρ
1574 2913 1587 2932 ,

486 2971 577 3016 φησι
599 2987 611 3005 .,
651 2947 693 2998 τὲ
727 2972 862 3013 στομα
895 2973 935 2999 o:
940 2971 995 3008 υ,
1030 2971 1095 2996 και
1138 2945 1330 3013 πληρωσω
1369 2942 1484 2995 αὐτό·
1522 2967 1588 2994 και

486 3016 741 3071 πλατυνθητε
764 3060 776 3080 ‚
812 3043 905 3086 φησι
928 3059 941 3077 .,
973 3042 1036 3067 και
1070 3018 1182 3082 υμέῖς
1217 3021 1254 3066 ἐν
1289 3021 1337 3082 τῇ
1371 3013 1462 3082 πρὸς
1484 3022 1561 3071 ,Kc
1564 3046 1588 3054 -

483 3088 599 3156 ρινθισ
584 3113 644 3144 υς
669 3093 687 3138 3
713 3094 891 3145 Παῧλσς·
916 3113 981 3138 και
1015 3086 1086 3140 vrt3
1120 3086 1192 3153 μὲν
1227 3091 1296 3142 τῆς
1323 3089 1441 3141 οὕτως
1476 3088 1588 3151 ἐξερ-

486 3161 654 3223 χομὲνης
693 3164 823 3223 ψυχῆς
844 3199 856 3217 ,
897 3163 1034 3223 ὑμνειτ
1040 3183 1078 3208 αι
1122 3162 1147 3209 ἦ
1192 3156 1324 3226 σοφία·
1374 3160 1412 3205 ἐν
1459 3155 1500 3205 ὂε
1539 3161 1590 3222 γῇ

485 3235 663 3279 ωλατυνε
648 3229 759 3295 εμένῃ
794 3229 857 3277 ὂια
889 3235 964 3279 τῶν
1004 3232 1144 3294 ἀρετῶν
1169 3267 1180 3287 ,
1220 3226 1441 3294 παῤῥησιαν
1479 3227 1586 3292 ἄγει·

478 3299 630 3364 Ἄκρων
665 3298 708 3348 δὲ
741 3299 902 3363 τειχέων
935 3302 1086 3360 αυτ-ῆς,
1122 3321 1194 3351 την
1227 3298 1351 3363 ἄκραν
1383 3297 1589 3348 ἀπάθειαν

488 3367 608 3434 λεγεν
641 3370 748 3436 ε’ίπερ
781 3393 813 3418 ει
847 3374 1076 3434 ἀγαπωντες
1112 3369 1178 3419 τὸν
1209 3367 1345 3431 νόμον,
1374 3367 1590 3436 παραβάλ-

488 3444 620 3489 λουσιν
655 3440 808 3494 ἓαυτοις
840 3461 989 3504 τειχος·
1025 3443 1121 3506 ὑπὲρ
1158 3436 1204 3488 εὖ
1236 3462 1343 3503 τειχε
1327 3462 1390 3494 υς
1426 3438 1589 3502 εὔχεται

487 3532 553 3559 και
580 3512 601 3558 ὀ
608 3509 756 3559 Δαυιό
788 3508 926 3576 λέγων·
959 3514 1034 3561 οἶκε
1020 3508 1252 3573 δομηθήτω
1287 3509 1337 3559 τὰ
1363 3532 1475 3572 τειχη
1506 3512 1590 3558 Ἱε-

488 3578 717 3647 ρευσαλῆμ,
745 3578 923 3632 τουτέστι
948 3580 1016 3637 τῆς
1042 3585 1355 3647 τειᾶςὸεηψυχῆς
1383 3579 1434 3630 τοὶ
1457 3603 1588 3629 κακα-

490 3648 740 3712 πεπτωκέτα,
755 3650 925 3704 δηλενότι
947 3658 985 3700 ὲκ
1005 3657 1078 3707 τῆς
1097 3657 1164 3701 τεῦ
1184 3652 1328 3718 Οὐρίου
1347 3648 1590 3718 προφάσεως.

565 3726 663 3778 Πῶς
684 3718 748 3771 εἶν
782 3722 1032 3789 ἐ’μππροσθεν
1065 3722 1180 3790 φησὶν
1214 3723 1232 3770 ὅ
1259 3721 1468 3786 Σολομών,
1503 3726 1522 3768 o‘
1548 3719 1594 3769 δέ

1663 339 1762 395 quia
1783 353 1918 396 neque
1940 346 2095 396 agunt,
2121 354 2258 398 neque
2280 342 2536 397 intelligunt.
2558 342 2757 399 Quisquis

1662 411 1770 453 enim
1787 413 1897 455 male
1913 413 2025 468 agit,
2041 414 2178 456 lucem
2199 413 2304 456 odit.
2326 415 2472 469 Neque
2488 427 2560 457 eos
2581 418 2757 471 propria

1662 486 1812 524 natura
1826 482 2091 536 dehonestat,
2101 485 2175 527 sed
2187 485 2376 540 ipsorum
2389 485 2569 527 inscitia.
2581 487 2758 529 Verum-

1660 556 1803 595 tamen
1821 552 2094 608 pii‘homines
2124 556 2386 611 disciplinam
2414 556 2728 610 amplectuntur
2743 591 2755 612 ,

1661 626 1710 663 ut
1729 623 1933 666 mundato
1963 626 2126 678 animo,
2163 627 2373 682 excipiant
2400 627 2545 679 illam,
2575 640 2683 682 quae
2714 629 2757 669 in

1661 692 1902 734 maliv'olam
1918 695 2097 736 animam
2114 710 2200 738 non
2212 697 2447 751 ingreditur
2460 729 2471 749 ,
2488 698 2754 752 sapientiam.

1661 762 1810 815 Secus,
1832 763 1905 816 qui
1932 764 2010 804 Dei
2026 765 2365 820 timore'carent,
2400 769 2474 823 qui
2505 769 2651 810 sensus
2674 769 2758 810 ini-

1660 832 1767 873 tium
1793 832 1924 886 facit,
1963 846 2099 888 neque
2121 833 2371 892 lsapientiam
2400 852 2538 894 neque
2569 838 2757 894 discipli-

1662 914 1760 943 nam
1786 903 1981 958 sapiunt,
2012 905 2086 947 sed
2106 910 2330 961 utramque
2348 914 2650 963 aspernantur:
2678 922 2755 951 ve·
2812 901 2815 902 ⁷

1662 972 1727 1013 lut
1748 973 1811 1014 illi
1833 975 1905 1028 qui
1931 983 2052 1018 vetus
2074 981 2369 1019 testamentum
2389 990 2475 1021 non
2501 979 2755 1034 admittunt,

1662 1047 1704 1084 et
1737 1048 1970 1087 creatorem
1999 1047 2260 1090 crudelitatis
2289 1048 2578 1091 insimulant.-

1721 1115 1836 1157 Sicut
1871 1122 2015 1159 vertex
2048 1122 2090 1160 ct
2120 1119 2277 1162 collum
2303 1120 2397 1162 heic
2430 1119 2602 1162 denotat
2635 1132 2757 1162 men-
2786 1122 2790 1125 '

1661 1188 1764 1238 tem,
1781 1186 1840 1228 ita
1857 1188 1980 1229 etiam
1999 1201 2156 1232 corona
2172 1195 2214 1232 et
2230 1195 2402 1245 torques
2419 1189 2662 1244 significant
2677 1190 2760 1233 hoc

1660 1255 1758 1298 loco
1789 1257 2021 1299 scientiam.
2065 1260 2180 1301 Solet
2219 1261 2329 1303 enim
2370 1262 2548 1316 Spiritus
2590 1264 2759 1304 sanctus

1660 1327 1805 1368 multis
1830 1329 2073 1371 nominibus
2099 1329 2323 1384 indigitare
2350 1332 2487 1372 Deum
2511 1336 2553 1372 et
2587 1331 2759 1386 angelos

1662 1397 1751 1439 eius
1768 1430 1779 1452 ,
1801 1404 1982 1441 mentem
2015 1413 2063 1443 ac
2086 1402 2285 1443 virtutem
2303 1433 2314 1455 ,
2344 1402 2557 1444 scientiam
2590 1406 2631 1443 et
2656 1402 2758 1444 insi-

1660 1470 1862 1524 pientiam
1882 1502 1894 1525 ,
1921 1472 2123 1514 malitiam
2141 1503 2153 1526 ,
2173 1474 2396 1528 ipsumque
2418 1472 2640 1515 diabolum
2662 1485 2759 1516 cum

1661 1541 1819 1596 angelis
1844 1543 1948 1585 eius.
1985 1544 2111 1586 Haud
2144 1557 2246 1586 vero
2283 1549 2440 1586 temere
2471 1544 2647 1587 nomina
2679 1546 2760 1587 im-

1659 1614 1811 1667 ponit,
1840 1618 1889 1655 ut
1919 1613 2093 1669 quidam
2120 1615 2388 1666 existimant,
2418 1613 2493 1657 sed
2529 1627 2579 1657 ea
2613 1613 2777 1662 diver-‚

1659 1696 1802 1726 sarum
1839 1687 2132 1740 operationum
2169 1691 2266 1728 sunt
2302 1686 2488 1728 indicia:
2529 1686 2621 1727 Deo
2662 1685 2761 1740 qui-

1659 1754 1758 1797 dem
1790 1768 1872 1810 per-
1901 1758 2073 1811 angelos
2098 1759 2141 1800 in
2178 1757 2304 1800 nobis
2334 1760 2570 1812 operante·
2559 1787 2571 1810 ‚
2601 1744 2648 1798 ¹et
2676 1768 2759 1797 no-

1658 1827 1726 1869 bis
1752 1829 1797 1870 in
1833 1842 1884 1872 eo
1918 1830 2130 1885 vicissim3
2169 1831 2414 1886 pariterque
2446 1829 2620 1890 diabolo
2663 1840 2762 1883 erga

1660 1913 1739 1942 nos
1768 1906 1936 1954 agente.

1712 1971 1767 2013 Hi
1778 1977 1876 2014 sunt
1887 1972 2227 2016 adversariorum
2239 1972 2485 2026 coheredes,
2495 1972 2569 2027 qui
2582 1970 2758 2014 eandem
2807 1994 2812 1997 -

1660 2048 1757 2083 eum
1780 2043 1881 2097 ipsis
1897 2044 2152 2098 participant
2168 2044 2502 2099 improbitatem.
2525 2042 2760 2084 Commune

1660 2124 1791 2166 porro
1811 2119 1876 2155 est
1888 2145 1899 2167 ,
1916 2115 2035 2168 quod
2053 2128 2138 2157 non
2156 2119 2219 2158 est
2234 2115 2359 2157 unius
2373 2114 2468 2156 Dei.
2485 2111 2759 2155 Animadver-

1659 2187 1701 2224 te
1725 2188 1868 2241 autern
1889 2186 2162 2248 concordiam
2176 2186 2418 2242 improbam
2436 2189 2478 2226 et
2502 2183 2737 2226 exitiosam.

1717 2255 1820 2297 Rete
1837 2260 1900 2322 est
1916 2243 2084 2300 aeterna
2100 2270 2235 2312 poena
2249 2289 2260 2311 ,
2278 2261 2320 2299 et
2334 2257 2452 2299 varia
2467 2255 2632 2311 punitio
2652 2265 2758 2308 quae

1659 2338 1682 2368 a
1711 2327 1822 2368 iusto
1849 2324 1994 2387 ¹iudice
2028 2329 2206 2383 impuris
2236 2328 2456 2370 animabus
2495 2326 2759 2380 imponitur,

1659 2408 1708 2445 ut
1739 2401 1851 2442 male
1873 2406 1996 2443 natae
2018 2400 2112 2442 alae·
2134 2399 2380 2455 perdantur.
2414 2399 2504 2440 Iam
2526 2407 2629 2438 vero
2657 2406 2760 2450 pen-

1660 2475 1747 2516 nati
1778 2485 1858 2515 nos
1884 2473 2078 2515 homines
2109 2470 2315 2524 dicimur,
2347 2470 2447 2524 quia
2482 2465 2656 2508 volandi
2693 2465 2758 2506 vi-

1660 2545 1805 2598 ribus,
1837 2543 2044 2599 siquidem
2080 2542 2284 2594 velimus,
2316 2538 2498 2594 praediti
2536 2548 2696 2578 sumus.

1718 2617 1886 2659 Exitum
1906 2618 2019 2656 nunc
2039 2612 2227 2668 appellat
2247 2610 2531 2665 egredientem
2550 2620 2575 2650 a
2597 2606 2761 2649 malitia

1660 2694 1701 2731 et
1728 2687 1968 2742 insipientia
1993 2685 2188 2728 animam.
2216 2683 2292 2726 Ille
2317 2686 2458 2724 autem
2486 2683 2548 2721 est
2570 2677 2760 2720 filiorum
2791 2709 2795 2712 ,

1660 2759 1855 2803 Israhelis
1879 2759 2014 2801 exitus
2030 2789 2042 2811 ,
2069 2757 2144 2812 qui
2168 2756 2219 2798 fit
2247 2759 2346 2811 post
2367 2753 2553 2808 genesim
2573 2763 2620 2794 ex
2640 2747 2760 2792 iudi-

1662 2831 1773 2874 dicio
1804 2830 1883 2872 Dei
1912 2843 1961 2871 ac
1989 2827 2248 2882 magisterio.
2280 2827 2371 2868 Iam
2407 2826 2544 2879 ipsam
2575 2821 2760 2864 animam

1662 2902 1764 2945 dicit
1802 2901 2016 2957 plateam:
2056 2899 2184 2940 dilata
2220 2898 2331 2940 enim
2353 2927 2364 2948 ,
2398 2895 2537 2950 inquit
2565 2895 2752 2950 scriptu-

1662 2986 1736 3026 ra,
1770 2985 1819 3014 os
1841 2976 1993 3025 tuum,
2017 2974 2062 3024 „et
2079 2968 2267 3024 implebo
2297 2967 2420 3010 illud.
2451 2968 2501 3008 Et
2532 2979 2609 3009 vos
2639 2962 2753 3024 quo'-

1662 3057 1745 3099 que
1774 3042 2036 3094 dilatamini,
2058 3041 2117 3083 ait
2136 3029 2189 3082 >in
2215 3039 2399 3082 secunda
2427 3038 2481 3081 ad
2514 3040 2756 3083 Corinthios

1662 3114 1831 3157 Paulus.
1859 3115 1911 3155 Et
1936 3113 1989 3154 ab
2018 3114 2154 3155 anima
2171 3143 2183 3166 ,
2209 3110 2380 3167 quidem
2399 3143 2410 3165 ,
2445 3123 2551 3166 quae
2574 3111 2633 3153 ita
2662 3124 2759 3154 eva—

1662 3187 1741 3239 sit,
1773 3185 2009 3227 celcbratur
2039 3184 2242 3239 sapientia
2262 3216 2274 3237 ,
2300 3187 2342 3225 et
2373 3183 2418 3224 in
2446 3187 2559 3224 terra
2589 3181 2756 3229 virtuti·-

1661 3257 1742 3299 bus
1780 3259 1964 3312 spatiosa
1997 3255 2257 3298 confidenter
2288 3254 2421 3308 degi&
2454 3256 2646 3298 Summos
2677 3263 2755 3293 au-

1661 3334 1748 3371 tem
1777 3341 1922 3371 muros
1950 3328 2052 3371 dicit
2082 3327 2214 3382 ipsius
2247 3338 2454 3374 summam
2487 3337 2511 3366 a
2540 3321 2753 3377 cupidita-

1661 3400 1774 3442 tibus
1802 3399 2180 3454 tranquillitatem:
2214 3394 2557 3452 quandoquidem
2583 3393 2658 3447 qui
2685 3391 2752 3434 le-

1662 3482 1759 3525 gem
1779 3470 1985 3525 diligunt‚
2013 3480 2182 3510 murum
2206 3467 2287 3509 sibi
2308 3463 2583 3508 circumdant.
2608 3461 2755 3504 Cuius-

1662 3541 1780 3583 modi
1800 3541 1910 3582 muri
1941 3541 2074 3594 gratia
2093 3543 2290 3595 precatur
2316 3533 2454 3589 David
2481 3533 2647 3575 dicens:
2685 3545 2756 3574 ae-

1663 3613 1887 3655 dificentur
1903 3612 2014 3654 muri
2029 3609 2320 3653 Hierusalem:
2341 3605 2387 3648 id
2407 3608 2469 3655 est
2489 3599 2621 3646 huius
2637 3616 2755 3646 meae

1662 3685 1822 3726 animae
1837 3682 2166 3739 prostrati‘muri
2187 3682 2363 3735 propter
2377 3677 2501 3718 Uriae
2516 3676 2749 3729 negotium.
2790 3718 2791 3723 ¹
2830 3699 2834 3701 —

1721 3753 1948 3808 Quomodo
1981 3765 2084 3807 ergo
2122 3751 2226 3794 dixit
2266 3752 2384 3790 antea
2415 3747 2638 3789 Salomon:
2681 3745 2754 3800 qui

572 3840 600 3882 1)
622 3842 709 3873 Haec
730 3840 848 3881 partim
870 3841 1056 3881 repetuntur
1078 3849 1115 3873 ex
1139 3828 1359 3881 superioribus
1370 3852 1381 3883 ς
1405 3840 1462 3873 sed
1483 3841 1591 3874 tamen
1613 3841 1658 3874 ita
1679 3849 1712 3873 se
1734 3840 1830 3873 habet
1851 3839 1964 3873 codex.
