2996 4432
1241 261 1480 296 nomzoms.
1491 287 1493 289 .
2471 255 2501 299 9

240 369 334 410 nat
366 356 662 418 hominem;
696 349 789 404 sed
822 366 961 421 quae
993 347 1290 420 procedunt
1326 366 1393 400 ex
1423 346 1615 411 corde,
1650 349 1781 402 haec
1811 362 1937 403 sunt
1973 369 2111 421 quae
2146 352 2498 422 coinquinant

241 440 525 491 hominem.
566 437 632 488 Et
663 432 797 486 illud
834 432 1070 484 sollerter
1100 429 1395 483 cavendum
1428 441 1538 492 est,
1575 441 1635 482 ut
1663 431 1707 482 si
1741 432 1959 503 quando
1997 434 2223 498 ieiunat,
2268 435 2496 489 Domino

237 522 437 574 ieiunet
463 532 516 572 et
543 537 652 571 non
678 516 810 580 sibi3
842 515 884 566 si
909 513 1127 585 quando
1153 515 1535 584 eleemosynam
1566 513 1783 575 tribuit,
1813 516 2042 567 Domino
2074 515 2275 568 tribuat
2307 528 2358 568 et
2386 537 2496 569 non

238 605 358 656 sibi.
398 604 463 654 Et
492 613 550 653 ut
582 599 809 652 breviter
842 609 1032 650 cuncta
1068 595 1541 669 comprehendam,
1582 595 1757 647 onmia
1787 615 1922 666 quae
1956 598 2021 649 ad
2059 599 2351 669 profectum
2385 601 2496 650 ani-

238 705 352 739 mae
387 684 634 737 videntur
667 681 907 753 operari,
957 681 1187 732 Domino
1230 689 1515 751 operetur,
1556 689 1609 729 et
1644 697 1756 729 non
1792 679 1912 730 sibi.
1952 681 2016 730 Et
2056 681 2273 733 sollicite
2314 695 2494 734 caveat

239 787 308 820 ne
339 786 472 820 vana
507 766 670 837 gloria
705 765 816 817 eius
850 763 1053 815 actibus
1085 781 1139 815 se
1163 761 1451 833 aliquando
1482 762 1758 814 interserat
1778 802 1792 824 ,
1833 782 1965 814 neve
1994 764 2172 834 regina
2208 765 2307 816 sibi
2341 784 2492 817 oscu-

238 852 345 902 lum
380 850 638 921 porrigat.
1649 910 1651 912 ,
1721 905 1726 911 .

809 929 1005 996 Quales
1041 940 1207 981 vestes
1244 928 1475 981 debeant
1510 947 1620 982 esse
1658 928 1910 1000 episcopi.

350 1017 427 1068 15.
459 1017 536 1067 De
561 1014 799 1086 appetitu
826 1014 1175 1084 pretiosarum
1199 1014 1420 1065 vestium
1449 1013 1579 1084 quid
1605 1012 1772 1066 dicam
1788 1053 1802 1075 ,
1832 1013 1932 1065 nisi
1958 1012 2109 1084 quod
2134 1013 2271 1066 inter
2296 1025 2491 1068 utrum-

237 1117 344 1169 que
367 1097 594 1150 'incedat
627 1097 841 1170 Domini
877 1096 1158 1167 pontifex?
1190 1108 1248 1148 ut
1279 1116 1377 1150 nec
1408 1098 1671 1168 speciosas
1702 1098 1948 1168 appetat,
1977 1117 2076 1150 nec
2106 1097 2343 1150 sordidas
2370 1099 2489 1150 affe-

236 1192 359 1232 ctet.
401 1179 454 1231 Si
492 1181 632 1232 enim
671 1180 937 1251 appetitus
973 1180 1322 1250 pretiosarum
1354 1181 1576 1233 vestium
1611 1181 1767 1251 culpa
1804 1199 1916 1232 non
1949 1191 2110 1243 esset,
2153 1198 2492 1251 nequaquam

236 1264 497 1316 Dominus
534 1265 591 1315 in
629 1264 896 1333 evangelio
929 1275 1286 1334 purpuratum
1323 1262 1537 1315 divitem
1572 1275 1833 1327 notasset,
1870 1282 1966 1315 nec
1998 1264 2290 1319 Iohannem
2327 1264 2491 1334 bapti-

240 1359 370 1399 stam
394 1365 493 1418 pro
519 1347 796 1417 asperitate
822 1347 1249 1398 vestimentorum
1276 1345 1565 1409 laudasset3
1596 1365 1693 1398 nec
1723 1347 2086 1417 apostolorum
2110 1347 2359 1417 princeps
2384 1367 2491 1398 mu-

236 1431 388 1482 lieres
422 1430 488 1481 ab
524 1428 826 1481 huiusmodi
856 1429 1095 1499 appetitu
1126 1441 1481 1501 compesceret
1505 1429 1715 1482 dicens:
1748 1450 1858 1481 non
1891 1450 2023 1481 auro
2057 1431 2134 1481 vel
2164 1443 2379 1501 argento
2417 1431 2494 1481 vel

237 1515 296 1564 in
328 1525 454 1564 veste
474 1513 739 1583 pretiosa,
782 1532 875 1564 nec
912 1513 1125 1564 intortis
1154 1514 1391 1565 crinibus
1422 1533 1554 1564 auro
1585 1525 1635 1564 et
1660 1514 1961 1584 margaritis
1995 1514 2353 1566 radiantibus.
2386 1514 2488 1566 Ve-

234 1608 337 1648 stes
367 1597 546 1667 itaque
574 1614 904 1657 communes,
940 1607 1001 1647 ut
1033 1607 1154 1665 toga
1174 1638 1186 1660 ,
1216 1596 1296 1648 vel
1325 1595 1708 1667 bombycinus,
1738 1598 1842 1647 sint
1869 1608 2108 1666 comptae
2142 1608 2195 1648 et
2226 1597 2382 1648 unius
2407 1617 2488 1649 co-

234 1680 389 1744 loris,
434 1698 545 1731 non
585 1691 782 1730 artatae
824 1678 892 1730 ad
927 1697 1231 1744 mensuram
1274 1680 1658 1741 membrorum,
1695 1691 1755 1730 ut
1794 1680 2063 1749 pugilum,
2104 1678 2195 1731 sed
2237 1680 2385 1732 laxae
2426 1692 2486 1732 ut

232 1763 339 1814 cito
380 1773 677 1824 exuantur,
722 1773 782 1813 ut
819 1782 938 1813 cum
978 1760 1367 1831 exsurgendum
1403 1761 1564 1812 fuerit
1596 1780 1626 1811 a
1670 1779 1887 1824 somno,
1926 1781 2035 1813 non
2074 1762 2302 1813 habeant
2338 1763 2485 1814 cubi-

232 1845 419 1897 cularii
459 1844 604 1897 unde
646 1857 1065 1915 conquerantur.
1119 1845 1227 1897 Nec
1263 1862 1582 1913 magnopere
1622 1843 1913 1896 curandum
1951 1857 2026 1896 est
2062 1846 2099 1897 si
2142 1864 2232 1916 pes
2269 1846 2326 1897 in
2368 1847 2485 1898 laxa

235 1929 371 1998 pelle
402 1928 655 1980 follescat.
696 1927 943 1980 Similiter
973 1927 1266 1980 cavendum
1299 1937 1377 1976 est
1412 1928 1702 1997 episcopis,
1742 1947 1809 1979 ne
1846 1928 2094 1998 pulchras
2132 1929 2212 1980 vel
2249 1928 2485 1980 sordidas

234 2023 403 2062 vestes
434 2012 684 2063 affectent
703 2003 1008 2082 ,pretiosae
1041 2010 1212 2071 enim,
1249 2009 1542 2075 luxuriam3
1579 2010 1822 2063 sordidae
1853 2031 2010 2076 vero,
2043 2031 2230 2063 vanam
2266 2013 2484 2082 gloriam

234 2105 523 2164 expetunt:
554 2113 654 2147 nec
680 2094 844 2146 cilicia
870 2096 1009 2144 circa
1032 2092 1226 2144 collum
1251 2091 1536 2145 defluentia
1567 2107 1618 2146 et
1644 2113 1813 2165 usque
1834 2094 1900 2146 ad
1934 2094 2104 2147 nodos
2129 2115 2377 2147 manuum
2403 2095 2485 2147 de-

233 2178 522 2248 pendentia
545 2189 840 2241 ostentent3
870 2177 997 2247 quia
1021 2176 1171 2228 valde
1196 2177 1537 2229 inhonestum
1561 2189 1664 2240 est,
1695 2189 1755 2229 ut
1780 2179 1873 2248 qui
1898 2179 2002 2230 vita
2027 2190 2078 2230 et
2104 2178 2345 2231 doctrina
2369 2182 2482 2232 Deo

234 2273 286 2313 et
322 2261 628 2313 hominibus
659 2261 865 2332 placere
900 2259 1144 2322 student,
1183 2259 1292 2312 sola
1325 2257 1658 2314 inhonestate
1691 2262 1915 2314 vestium
1959 2263 2176 2333 cupiant
2208 2263 2476 2314 honorari.

228 2345 367 2396 Sunt
400 2356 573 2396 autem
607 2340 876 2406 nonnulli,
920 2363 1055 2415 quos
1090 2342 1242 2396 valde
1282 2342 1435 2396 decet
1469 2345 1897 2396 vestimentorum
1929 2345 2150 2397 abiectio
2173 2385 2186 2406 ,
2218 2345 2253 2395 ii
2290 2346 2383 2416 qui
2415 2364 2483 2398 ex

233 2429 505 2480 monachis
527 2427 662 2479 fiunt
694 2427 944 2499 episcopi.
971 2419 1041 2478 Hi
1067 2425 1331 2497 siquando,
1353 2427 1651 2479 excellentis
1675 2428 1813 2479 vitae
1837 2429 2047 2490 meritc,
2076 2423 2308 2479 utilitatis
2330 2447 2484 2480 causa

232 2511 314 2561 vel
343 2511 683 2572 necessitatis,
713 2509 778 2561 ad
805 2509 1101 2581 episcopale
1126 2509 1388 2580 fastigium
1413 2512 1770 2580 pervenerint3
1794 2511 1987 2562 talibus
2012 2511 2176 2562 multo
2201 2511 2361 2563 satius
2384 2522 2478 2577 est,

232 2591 299 2643 ad
325 2593 488 2644 instar
511 2592 651 2644 beati
677 2593 918 2655 Martini,
947 2611 1152 2644 morum
1178 2592 1440 2663 probitate
1464 2604 1516 2644 et
1545 2591 1949 2663 praedicationis
1974 2594 2220 2645 instantia
2237 2633 2250 2656 ,
2285 2594 2482 2645 incom-

232 2676 339 2745 ptis
374 2675 572 2746 capillis
612 2687 662 2727 et
698 2676 1045 2746 incomposita
1078 2687 1220 2727 veste
1252 2677 1365 2727 Deo
1393 2676 1600 2747 placere
1629 2687 1681 2727 et
1711 2677 2046 2739 hominibuS,
2085 2696 2245 2747 quam
2273 2696 2482 2729 crucem

232 2759 447 2810 vDomini
479 2758 578 2809 sub
614 2758 735 2809 albo
770 2758 981 2810 camisio
1009 2769 1342 2828 contegentes
1364 2799 1376 2821 ,
1405 2757 1732 2811 abscondant
1756 2759 1902 2830 quod
1928 2771 2080 2821 sunt,
2118 2771 2170 2812 et
2203 2760 2365 2811 velint
2391 2779 2482 2831 ap-

230 2859 417 2910 parere
442 2840 591 2911 quod
617 2859 727 2892 non
755 2852 895 2892 sunt.
919 2839 1037 2892 Scio
1063 2841 1257 2892 nostris
1280 2841 1607 2910 temporibus
1631 2853 1870 2893 sanctum
1894 2841 2199 2893 Anselmum
2219 2842 2481 2894 lucensem

233 2924 541 2994 episcopum
580 2924 653 2991 1),
691 2942 848 2994 quem
883 2925 1023 2975 Deus
1053 2933 1174 2993 post
1198 2934 1418 2975 mortem
1449 2924 1627 2976 multis
1657 2936 1709 2976 et
1732 2925 1889 2976 variis
1920 2936 1972 2976 et
1997 2926 2197 2994 magnis
2227 2925 2481 2995 glorifica-

233 3006 307 3057 vit
333 3006 593 3058 miraculis
611 3047 623 3070 ,
652 3006 993 3058 humilitatem
1021 3024 1179 3077 quam
1203 3006 1437 3076 gestabat
1461 3007 1517 3058 in
1540 3006 1699 3060 corde
1716 3047 1729 3070 ,
1758 3026 1927 3079 usque
1952 3006 2080 3060 dum
2103 3008 2237 3060 vixit
2260 3009 2478 3061 vestium

233 3089 536 3161 propalasse
573 3089 626 3140 in
666 3089 870 3140 habitu.

838 3170 998 3237 Quod
1036 3189 1210 3223 sacrae
1246 3183 1414 3226 vestes
1449 3173 1553 3224 sint
1589 3173 1870 3244 speciosae.
2097 3223 2102 3230 ,

345 3255 424 3304 16.
455 3255 534 3306 De
558 3253 789 3305 vestibus
813 3272 940 3306 vero
965 3254 1177 3305 sacratis
1208 3253 1280 3305 nil
1307 3253 1452 3307 aliud
1482 3254 1812 3307 sentiendum
1837 3267 1940 3318 est,
1974 3256 2072 3308 nisi
2100 3255 2247 3328 quod
2273 3257 2479 3328 Moyses

239 3334 504 3387 mandavit
537 3335 649 3388 fieri
674 3337 729 3387 in
760 3335 933 3388 exodo
952 3377 964 3401 ,
993 3347 1044 3388 et
1080 3335 1249 3388 David
1282 3336 1462 3390 fecisse
1485 3337 1703 3408 legimus
1734 3339 1788 3390 in
1823 3339 2291 3410 paralipomenon,
2327 3351 2386 3392 ut
2410 3359 2479 3393 se·

233 3416 467 3468 cundum
493 3419 888 3488 possibilitatem
922 3419 1164 3471 ecclesiae
1197 3420 1271 3471 sic
1301 3418 1592 3473 induantur
1621 3421 1717 3492 qui
1745 3422 2043 3475 ministrant
2069 3422 2249 3475 nitidis
2274 3434 2326 3475 et
2357 3441 2477 3494 pre-

227 3502 404 3564 tiosis,
445 3513 504 3552 ut
537 3503 631 3571 qui
662 3521 773 3553 non
806 3513 1112 3554 reverentur
1143 3520 1232 3554 eos
1261 3514 1483 3573 propter
1518 3503 1796 3568 iustitiam,
1831 3504 2011 3559 saltem
2042 3505 2299 3558 admoniti
2333 3524 2476 3558 reve-

232 3595 449 3637 reantur
486 3583 859 3653 inaequalitate
890 3585 1130 3636 vestium.

1049 3669 1128 3719 De
1164 3679 1354 3720 ornatu
1391 3667 1654 3722 ecclesiae.

347 3770 424 3819 17·
465 3750 603 3802 Cura
640 3750 705 3802 sit
751 3751 997 3823 episcopo
1034 3761 1095 3803 ut
1130 3751 1371 3805 ecclesiae
1414 3753 1636 3824 parietes
1672 3753 1873 3808 niteant
1895 3796 1909 3822 ,
1949 3767 2002 3809 et
2035 3756 2332 3828 pavimenta
2369 3754 2474 3805 sint

344 3870 378 3911 1)
406 3867 474 3903 Hie
499 3873 554 3904 est
580 3867 703 3916 magni
729 3867 774 3906 de
799 3868 880 3906 iure
904 3868 1080 3907 canonico
1106 3869 1225 3918 operis
1240 3874 1390 3915 auctor,
1416 3869 1521 3909 cuius
1544 3873 1837 3920 noe-summaria
1853 3872 2036 3912 edidimus
2052 3872 2087 3910 in
2103 3871 2221 3920 spicil.
2239 3881 2332 3908 rom.
2354 3871 2396 3907 T.
2414 3870 2477 3908 Vl.

2267 3931 2297 3969 B

2539 1034 2608 1063 cod.
2634 1034 2712 1064 [13.
2735 1036 2766 1063 l»,

2540 1364 2762 1395 Cod.f.15.a.
