2996 4432
494 267 562 314 80
1429 276 1559 309 61116.
1595 269 1840 310 nnusnssmr

494 364 674 409 facultas
703 361 866 406 clericis
884 359 1103 405 ‘renitendi
1122 392 1135 416 ,
1167 359 1203 404 si
1231 372 1277 404 56
1306 356 1492 405 viderint
1520 363 1819 419 praegravari,
1853 366 1896 405 et
1926 372 2036 418 quos
2066 361 2147 405 sibi
2177 362 2309 420 inseri
2339 373 2391 404 ex
2411 365 2654 406 transverso
2677 375 2784 420 eog-

496 435 695 479 noverint
710 465 723 489 ,
754 446 844 477 non
873 434 1048 476 timeant
1077 432 1276 475 refutare.
1311 432 1439 486 Quod
1468 434 1504 477 si
1533 446 1622 477 non
1643 434 1837 477 debitum
1858 434 2092 489 praemium
2108 467 2124 489 ,
2146 434 2331 477 liberum
2360 439 2502 477 tamen
2525 434 2579 477 dc
2602 447 2681 490 eo,
2706 435 2783 491 qui
2823 421 2838 435 s

498 519 573 550 eos
601 510 665 549 est
693 509 886 548 recturus
902 535 915 558 ,
948 503 1105 547 debent
1135 503 1295 546 habere
1323 503 1544 548 iudicium.
1566 524 1584 542 »
1620 505 1851 559 Gregorius
1882 505 2096 548 Gaudioso
2119 506 2323 562 episeopo
2340 537 2351 559 ,
2376 507 2488 548 inter
2510 510 2661 548 cetera.
2692 524 2709 542 α
2726 508 2781 549 Ε1

497 578 596 622 11160
625 577 868 620 fraternitas
900 581 970 619 tua
999 575 1053 619 ad
1082 576 1347 631 praedictam
1376 577 1596 619 ecclesiam
1625 577 1687 618 ire
1716 576 1989 631 properabit,
2013 580 2063 618 ut
2084 577 2246 619 clerum
2272 578 2528 633 plebemque
2547 577 2782 620 admonerev

257 656 372 688 06111.
391 659 455 688 116
497 650 695 703 festinet„
730 653 772 691 et
802 651 968 690 remoto
999 647 1141 690 studio
1158 677 1170 700 ,
1194 660 1281 690 uno
1306 646 1542 702 eodemque
1574 660 1781 690 consensu
1809 648 1939 691 talem
1962 647 2044 690 sihi
2061 647 2393 703 praeficiendum
2415 652 2615 704 expetant
2636 661 2779 691 sacer-

498 720 673 772 dotem,
707 719 782 775 qui
812 731 837 761 a
866 717 1118 760 venerandis
1149 718 1383 760 canonibus
1412 719 1653 761 nullatenus
1684 723 1934 773 respuatur:
1962 720 2037 774 qui
2061 719 2162 762 dum
2185 720 2266 763 fuit
2295 721 2533 776 postulatus
2564 733 2662 762 eum
2684 720 2778 762 sol-

495 793 712 835 lemnitate
743 790 922 843 decreti,
959 790 1179 832 hominum
1210 790 1597 845 subscriptionibus
1627 789 1842 844 roborati,
1869 794 1912 832 et
1943 789 2183 832 dilectionis
2211 794 2310 833 tuae
2330 792 2577 834 testimonio
2608 791 2778 833 littera-

495 877 619 917 rum,
654 862 708 905 ad
737 874 817 904 nos
848 861 1076 904 sacrandus
1107 866 1320 903 occurrat.
1354 861 1683 903 Commonemus
1714 861 1844 903 etiam
1874 865 1922 903 ut
1952 860 2117 903 nullum
2149 874 2200 903 ex
2231 861 2363 904 aliena
2393 863 2493 917 eligi
2529 863 2776 917 permittant

494 935 693 989 ecelesia,
715 934 796 977 nisi
825 934 937 976 forte
967 934 1079 976 inter
1110 933 1285 976 elericos
1304 934 1436 988 ipsius
1467 933 1644 975 civitatis
1673 932 1817 975 nullus
1847 932 1903 974 ad
1933 933 2226 988 episcopatum
2257 932 2437 987 dignus,
2461 933 2580 988 quod
2611 934 2782 976 evenire

495 1019 585 1050 non
616 1006 849 1058 eredimus,
885 1005 1047 1060 poterit
1075 1005 1289 1047 inveniri:
1316 1005 1568 1059 provisurus
1598 1007 1696 1046 ante
1727 1005 1894 1058 omnia,
1921 1017 1973 1047 ne
2003 1005 2058 1047 ad
2089 1005 2313 1048 cuiuslibet
2336 1005 2665 1048 consecrationis
2683 1015 2775 1046 me-

495 1080 654 1132 ritum,
692 1078 822 1120 laicae
857 1089 1066 1132 personae
1104 1076 1323 1131 adspirare
1359 1081 1659 1130 praesumant3
1699 1079 1741 1117 et
1776 1077 1836 1118 sic
1872 1076 2109 1131 periculum
2152 1076 2314 1118 ordinis
2351 1077 2445 1130 tui,
2480 1076 2598 1131 quod
2639 1076 2777 1127 absit,

495 1152 741 1193 incurras.»
783 1150 845 1191 Ex
872 1149 1052 1191 concilio
1084 1148 1259 1189 nicaeno
1290 1152 1463 1202 patrum
1486 1148 1758 1190 ·GCCXV111·
1786 1161 1880 1203 cap.
1906 1150 1982 1191 VI.
2021 1150 2139 1190 «Per
2169 1148 2310 1190 omnia
2341 1152 2480 1189 autem
2512 1147 2778 1189 manifestum

448 1272 450 1274 v
498 1226 589 1274 est,
624 1221 721 1276 quia
750 1221 785 1262 si
814 1220 909 1275 quis
939 1224 1106 1275 praeter
1145 1219 1410 1261 voluntatem
1443 1223 1486 1274 et
1521 1219 1738 1261 scientiam
1775 1220 2094 1276 metropolitani
2131 1220 2323 1275 episcopi
2361 1219 2489 1261 fuerit
2526 1207 2743 1260 ordinatus
2761 1247 2779 1270 ,-

497 1293 614 1335 hunc
645 1292 872 1334 concilium
902 1303 1106 1345 magnum
1139 1295 1182 1332 61
1211 1293 1414 1332 sanetum·
1436 1290 1598 1332 censuit
1627 1303 1714 1332 non
1747 1290 1901 1334 debere
1932 1291 2182 1347 episcopum
2212 1303 2316 1333 esse.
2359 1291 2465 1332 Sane
2494 1290 2528 1332 si
2564 1286 2779 1331 communi

190 1363 457 1430 Ze‘iog‘rtfgfund‘,
498 1366 688 1408 omnium
719 1364 939 1406 consensui
969 1362 1276 1405 rationabiliter
1304 1362 1491 1417 probato
1523 1362 1756 1405 seeundum
1786 1363 1984 1405 eeclesiae
2013 1363 2223 1416 regulam,
2262 1361 2348 1403 duo
2381 1361 2449 1403 vel
2476 1365 2564 1403 tres
2581 1358 2782 1401 *animo-

497 1436 620 1478 sitate
651 1435 768 1478 ducti
798 1447 876 1488 per
905 1435 1224 1476 contentionem
1255 1433 1582 1488 contradicunt,
1616 1434 1810 1477 obtineat
1840 1435 2124 1489 plurimorum
2154 1434 2358 1476 sententia
2388 1432 2674 1475 sacerdotum.
2696 1448 2713 1466 υ

566 1532 569 1536 ·
617 1509 660 1550 7.
684 1508 745 1548 Ex
764 1505 1060 1561 ‘VII‘synodo
1081 1505 1309 1547 universali
1327 1505 1472 1548 habita
1495 1519 1519 1548 a
1542 1506 1731 1561 quinque
1750 1505 1999 1561 patriarchis
2020 1517 2119 1547 cum
2138 1505 2303 1547 ‘CCCL·
2324 1504 2513 1558 patribus
2535 1502 2614 1545 sub
2637 1504 2781 1558 primo

498 1578 712 1621 Hadriano
744 1577 948 1631 pontifice
978 1589 1178 1619 romano.
1206 1595 1222 1611 «ι
1242 1576 1388 1619 061615
1419 1577 1571 1618 electio
1603 1577 1794 1632 episcopi
1823 1577 1890 1618 vel
1913 1576 2154 1632 presbyteri
2179 1576 2252 1617 a'ut
2279 1573 2444 1617 diaconi
2468 1587 2492 1617 a
2514 1573 2783 1629 principibus

496 1650 610 1693 facta
627 1680 638 1702 ,
671 1653 835 1691 maneat
865 1648 1100 1691 secundum
1129 1648 1322 1702 regulam
1353 1659 1462 1702 quae
1484 1647 1608 1689 dicit:
1636 1649 1670 1689 si
1691 1649 1786 1703 quis
1816 1650 2041 1704 episeopus
2064 1647 2348 1689 saecularibus
2369 1646 2656 1702 potestatibus
2675 1656 2780 1687 usus

499 1722 692 1765 ecclesias
722 1733 800 1775 per
830 1720 941 1776 ipsas
982 1720 1172 1762 obtineat
1191 1751 1203 1772 ,
1237 1719 1507 1774 deponatur;
1541 1723 1584 1761 et
1613 1724 1890 1772 segregentur
1930 1732 2077 1761 omnes
2107 1719 2183 1774 qui
2213 1718 2273 1760 illi
2304 1717 2635 1760 communicant.
2659 1734 2676 1752 ι»
2718 1717 2780 1757 Ex·

217 1798 227 1809 '
248 1795 344 1826 Lahb.
362 1795 454 1827 exn.
503 1795 634 1836 ·VIII·
661 1792 828 1848 synodo
860 1793 961 1834 item
992 1791 1221 1834 universali
1250 1792 1394 1833 habita
1424 1792 1527 1833 item
1556 1803 1581 1832 a
1611 1791 1801 1845 quinque
1830 1790 2083 1845 patriarchis
2114 1802 2211 1832 cum
2241 1789 2436 1844 patribus
2472 1788 2640 1830 ·CGXL·
2663 1786 2682 1804 *
2699 1786 2801 1828 subs

498 1865 639 1921 primo
670 1863 846 1905 Nicolao
871 1862 1075 1917 pontifice
1097 1875 1192 1917 cap.
1217 1862 1348 1904 XXII.
1380 1863 1710 1904 «Promotiones
1739 1865 1781 1904 61
1812 1862 2151 1903 consecrationes
2182 1862 2481 1916 episcoporum
2512 1857 2779 1901 concordans

495 1935 712 1992 prioribus
743 1934 961 1989 conciliis,
995 1934 1203 1976 electione
1234 1938 1277 1975 et
1307 1933 1479 1976 decreto
1513 1933 1765 1975 clericorum
1794 1938 1836 1975 61
1872 1933 2131 1988 populorum
2167 1931 2259 1974 fieri
2292 1932 2398 1974 haec
2436 1935 2578 1987 sancta
2609 1935 2651 1972 61
2680 1931 2778 1972 uni-

495 2007 669 2050 versalis
699 2005 889 2062 synodus
920 2003 1116 2047 definivit
1146 2009 1188 2047 et
1224 2006 1369 2047 statuit
1406 2009 1534 2059 atque
1570 2004 1664 2046 iure
1703 2004 2015 2059 promulgavit,
2053 2002 2265 2046 nemine-m
2301 1991 2509 2045 laieorum
2538 2002 2782 2058 principum

494 2079 565 2121 vel
596 2081 984 2133 potentum-semet
1013 2077 1200 2119 inserere
1235 2076 1431 2118 electioni
1463 2081 1505 2117 et
1534 2076 1799 2131 promotioni
1837 2075 2103 2130 patriarchae
2121 2106 2132 2127 ,
2165 2075 2465 2130 metropolitae
2485 2105 2497 2128 ,
2531 2079 2604 2116 aut
2635 2075 2784 2117 cuius-

495 2149 602 2192 libet
632 2150 849 2204 episcopi3
883 2160 936 2189 ne
967 2147 1164 2189 videlicet
1193 2146 1436 2189 inordinata
1465 2147 1566 2188 hinc
1597 2151 1640 2188 et
1670 2147 1907 2200 incongrua
1937 2147 2009 2188 fiat
2040 2138 2233 2189 confusio
2257 2151 2299 2188 et
2324 2147 2565 2199 eontentio,
2593 2154 2780 2199 praeser-

496 2222 574 2264 tim
606 2234 703 2263 cum
733 2221 891 2262 nullam
921 2220 964 2261 in
995 2218 1154 2261 talibus
1184 2223 1437 2275 potestatem
1470 2231 1685 2273 quemque
1716 2218 1923 2260 laieorum
1953 2219 2309 2273 potestativo-rum
2340 2216 2783 2269 habereeonveniat3

497 2293 573 2336 sed
598 2294 746 2348 potius
777 2293 899 2334 silere
931 2296 973 2333 61
1003 2291 1220 2333 attendere
1250 2290 1358 2344 sibi,
1391 2302 1618 2345 usquequo
1651 2290 1903 2344 regulariter
1933 2303 1957 2331 a
1989 2289 2171 2343 collegio
2203 2290 2399 2331 ecelesiae
2429 2287 2630 2343 suscipiat
2654 2288 2781 2329 finem
2840 2302 2842 2305 ¹

497 2365 647 2407 electio
679 2364 831 2406 summi
861 2362 1093 2418 pontificis.
1128 2363 1168 2404 Si
1200 2363 1295 2417 quis
1324 2374 1427 2404 vero
1458 2362 1665 2405 laicorum
1695 2361 1750 2404 ad
1781 2361 2115 2403 concertandum
2146 2366 2188 2403 61
2219 2359 2538 2416 cooperandum
2574 2360 2784 2400 invitatur

499 2435 553 2478 ab
585 2435 788 2488 ecclesia,
820 2435 947 2476 liceat
976 2433 1224 2475 huiusmodi
1255 2446 1351 2474 cum
1382 2434 1649 2487 reverentia,
1684 2433 1718 2474 si
1749 2432 1862 2474 forte
1893 2433 2078 2475 voluerit
2110 2433 2407 2487 obtemperare
2438 2444 2482 2474 se
2513 2430 2786 2473 adsciscenti-

496 2508 593 2550 bus.
627 2508 778 2549 Taliter
808 2507 920 2548 enim
950 2505 1127 2559 dignum
1157 2509 1370 2560 pastorem
1392 2505 1472 2547 sibi
1491 2505 1742 2559 regulariter
1762 2504 1815 2546 ad
1845 2516 1964 2546 suam
1987 2504 2164 2546 salutem
2186 2504 2362 2545 ecclesia
2385 2507 2627 2557 promovet.
2654 2502 2783 2555 Quis-

500 2581 595 2635 quis
626 2584 766 2621 autem
796 2578 1074 2621 saecularium
1105 2582 1395 2632 potestatum,
1428 2577 1693 2631 principum,
1727 2581 1770 2618 et
1800 2580 2050 2630 potentum,
2083 2575 2151 2617 vel
2181 2575 2352 2617 alterius
2392 2574 2612 2628 dignitatis
2648 2573 2814 2614 laicus*

499 2650 700 2693 adversus
734 2662 1003 2692 communem
1034 2653 1414 2691 etconsonantem
1444 2652 1573 2703 atque
1605 2647 1854 2690 canonicam
1885 2646 2137 2688 electionem
2167 2646 2438 2688 ecclesiastici
2462 2644 2623 2686 ordinis
2655 2655 2783 2697 agere

498 2721 749 2774 tentaverit,
785 2721 1007 2762 anathema
1038 2721 1119 2773 sit,
1152 2719 1290 2762 donec
1321 2719 1495 2762 obediat
1527 2724 1570 2762 61
1599 2720 1838 2761 consentiat
1868 2718 1987 2772 quod
2012 2718 2191 2760 'ecelesia
2224 2718 2276 2759 de
2310 2717 2514 2759 electione
2536 2721 2578 2757 et
2599 2715 2776 2757 ordina-

498 2793 616 2834 tione
647 2792 815 2847 proprii
843 2792 1048 2847 praesulis
1077 2804 1121 2834 se
1152 2791 1262 2834 velle
1292 2790 1645 2833 monstraverit.»
1683 2792 1790 2833 Item
1827 2802 1878 2832 ex
1913 2790 2094 2832 coneilio
2131 2790 2386 2832 antiocheno
2419 2802 2515 2844 cap.
2548 2789 2661 2830 ·*XlI·
2704 2806 2720 2822 α
2741 2787 2783 2830 Si
2851 2784 2854 2787 ⁴

505 2866 600 2919 quis
627 2864 851 2919 presbyter
877 2864 946 2905 vel
980 2863 1183 2905 diaconus
1213 2875 1290 2917 per
1314 2862 1574 2904 saecularem
1605 2862 1854 2916 dignitatem
1874 2862 2094 2903 ecclesiam
2128 2861 2301 2903 Domini
2326 2860 2558 2903 obtinuerit
2577 2890 2588 2912 ,
2611 2858 2785 2900 deiicia-

504 2941 600 2990 tur3
634 2936 785 2990 etipse
807 2939 849 2977 61
877 2935 1099 2977 ordinator
1121 2935 1209 2976 cius
1230 2947 1254 2976 a
1280 2934 1577 2976 communione
1604 2933 1746 2976 modis
1779 2933 1976 2975 omnibus
2005 2932 2309 2985 abscindatur,
2343 2937 2384 2975 61
2410 2931 2489 2973 sub
2519 2930 2786 2973 anathemate

269 3009 338 3039 00⁶·
358 3008 380 3038 ἲ·
402 3012 463 3038 11³·
505 3007 560 3049 sit
578 3008 686 3049 sieut
709 3007 852 3048 Simon
873 3018 1022 3060 magus
1043 3019 1066 3048 a
1089 3008 1264 3048 Petr0.»
1292 3006 1353 3047 Ex
1376 3005 1543 3060 synodo
1577 3005 1816 3060 Symmachi
1834 3005 1886 3046 R.
1913 3006 1961 3046 P.
1987 3016 2083 3046 eum
2112 3004 2350 3046 ·CCXVIII·
2376 3003 2602 3058 episeopis.
2643 3019 2661 3038 «ι
2685 3001 2783 3042 Non·

502 3079 663 3134 placuit
692 3078 846 3120 laicum
877 3078 931 3119 ad
959 3071 1122 3132 aliquid
1146 3076 1418 3119 statuendum
1447 3078 1492 3118 in
1513 3077 1686 3118 66616516
1705 3076 1858 3118 habere
1882 3062 2069 3129 aliquam
2090 3079 2372 3129 potestatem,
2402 3074 2472 3116 eui
2493 3070 2780 3126 subsequendi

502 3155 669 3192 maneat
698 3150 946 3202 necessitas,
981 3162 1070 3191 non
1101 3150 1330 3191 auctoritas
1355 3140 1606 3203 imperandi.
1631 3166 1647 3184 »
1683 3149 1745 3190 Ex
1775 3146 1943 3189 eodem.
1983 3164 2000 3181 «
2022 3146 2236 3188 Defuncto
2266 3144 2469 3200 pontifice
2491 3177 2502 3198 ,
2527 3144 2561 3186 si
2583 3144 2626 3185 in
2649 3154 2782 3184 unum
2812 3193 2814 3195 Ι

505 3220 768 3262 inclinaverit
788 3220 923 3266 totius
944 3220 1214 3262 ecelesiastici
1237 3219 1400 3261 ordinis
1420 3219 1571 3262 electio
1589 3251 1600 3273 ,
1634 3222 1905 3260 consecretur
1935 3218 2176 3273 episeopus.
2210 3205 2258 3259 Si
2279 3229 2382 3258 vero
2397 3249 2409 3271 ‚
2443 3220 2492 3258 ut
2516 3215 2608 3257 fieri
2642 3214 2782 3267 solet,

508 3291 649 3332 studia
675 3290 892 3344 coeperint
922 3302 1009 3331 6556
1041 3289 1206 3332 diversa
1226 3321 1237 3343 ,
1271 3290 1496 3332 convincat
1529 3289 1738 3332 sententia
1767 3289 2068 3344 plurimorum.
2096 3308 2111 3325 »

628 3363 670 3403 8.
707 3362 766 3402 Ex
795 3373 976 3413 romano·
1003 3361 1253 3415 pontificali.
1286 3361 1528 3403 Bonifacius
1564 3362 1661 3403 ·111·
1696 3361 1868 3402 natione
1899 3372 2100 3403 romanus
2129 3359 2232 3401 feeit
2267 3359 2544 3401 constitutum
2574 3359 2619 3399 in
2651 3357 2785 3399 eccle-

507 3433 571 3475 sia
599 3432 714 3474 beati
741 3432 857 3473 Petri
888 3432 1096 3485 apostoli,
1126 3433 1171 3474 in
1193 3445 1279 3487 quo
1310 3433 1455 3475 sedere
1484 3432 1674 3487 episcopi
1701 3431 1906 3484 ·LXXII·,
1931 3430 2168 3486 presbyteri
2200 3429 2367 3472 romani
2394 3428 2627 3481 ‘XXXlll·,
2655 3440 2779 3483 prae-

507 3508 625 3546 sente
656 3503 773 3544 omni
804 3503 918 3544 clero
936 3533 947 3555 ,
980 3503 1058 3544 sub
1087 3504 1351 3546 anathemate
1386 3522 1402 3539 α
1422 3508 1471 3546 61
1498 3503 1638 3545 661165
1662 3502 1870 3545 Pontifice
1899 3513 2075 3544 romano
2102 3502 2300 3554 juvente,
2333 3505 2406 3542 aut
2441 3501 2644 3555 episcopo
2674 3500 2782 3541 eivi-

507 3564 606 3617 tatis
635 3587 758 3627 suae,
792 3579 1032 3628 praesumat
1061 3576 1182 3629 loqui
1210 3580 1283 3618 aut
1315 3580 1457 3631 partes
1489 3575 1568 3617 sibi
1595 3575 1736 3617 faeere
1752 3605 1764 3628 ,
1794 3574 1876 3616 nisi
1909 3574 2037 3615 tertio
2066 3573 2134 3615 die
2164 3572 2440 3628 depositionis
2469 3572 2559 3613 cius
2591 3570 2780 3613 adunato

510 3647 625 3689 clero
643 3677 654 3699 ,
686 3650 728 3687 et
745 3645 842 3687 filiis
868 3645 1062 3687 ecclesiae
1079 3677 1090 3697 ,
1119 3650 1161 3687 et
1187 3651 1290 3688 tune
1320 3647 1470 3690 electio
1500 3645 1590 3688 fiat.
1613 3665 1629 3682 »
1653 3646 1760 3687 Item
1784 3645 1829 3686 in
1857 3644 2023 3686 eodem.
2053 3643 2314 3699 «Stephanus
2335 3643 2478 3684 iunior
2501 3642 2588 3694 (III)
2609 3640 2780 3683 natione

510 3717 666 3760 siculus
683 3748 694 3770 ,
721 3717 986 3770 congregatis
1009 3717 1219 3771 episcopis
1242 3719 1374 3760 totius
1395 3719 1569 3760 Tusciae
1591 3722 1717 3772 atque
1740 3716 2008 3771 Campaniae,
2026 3714 2353 3758 considentibus
2373 3714 2528 3769 pariter
2553 3712 2665 3754 ·XII·
2691 3711 2781 3764 epi-

511 3787 653 3843 scopis
684 3789 944 3830 Francorum
961 3817 973 3840 ,
1007 3791 1049 3828 et
1081 3788 1266 3829 romanis
1294 3788 1581 3844 presbyteris,
1603 3790 1649 3831 in
1679 3788 1917 3843 praesentia
1947 3788 2113 3831 romani
2143 3787 2248 3830 cleri
2271 3791 2315 3829 et
2343 3785 2527 3841 populi,
2553 3781 2777 3826 concilium

512 3859 613 3901 fecit
644 3859 690 3901 in
716 3859 888 3902 basilica
919 3859 1293 3914 Constantiniana,
1326 3859 1371 3901 16
1402 3872 1490 3915 quo
1514 3859 1731 3903 damnavit
1753 3860 2076 3904 Constantinum
2095 3858 2363 3914 neophytum
2390 3857 2630 3899 invasorem
2666 3850 2780 3895 sedis
