2996 4432
1246 244 1487 278 immotus,
2446 232 2504 281 61

355 333 468 386 132.
511 333 591 384 De
623 328 933 383 mulieribus
966 346 1123 395 vem,
1163 329 1394 382 romanis
1430 328 1635 398 legibus
1669 330 1926 382 sancitum
1958 338 2036 383 est
2071 341 2256 398 utlnec
2284 327 2507 384 ducatus

242 427 458 469 teneant
492 434 588 468 nec
619 413 879 467 iudicatus
913 424 1116 483 regant.
1157 412 1409 479 Quamvis
1447 411 1588 463 enim
1618 431 1897 464 romanum
1922 413 2201 485 imperium
2232 434 2261 466 a
2292 415 2508 485 paganis

245 485 529 570 sumpserit
568 495 881 559 exordium,
926 496 1065 566 leges
1107 505 1283 548 tamen
1331 495 1399 548 ab
1441 495 1516 547 eis
1559 496 1945 566 promulgatae,
1991 497 2195 568 legibus
2239 498 2410 568 Moysi
2455 509 2509 549 et

245 583 413 652 ipsius
438 581 660 634 ‘Domini
693 579 944 631 videntur
977 577 1370 650 quodammodo
1387 576 1724 630 concordare
1764 580 1828 647 1).
1858 580 1964 631 Lex
1992 581 2132 632 enim
2161 581 2230 632 ab
2261 581 2378 652 ipso
2407 582 2509 632 Do=

241 665 387 716 mino
423 663 630 715 mulieri
666 662 999 733 promulgata
1035 662 1164 714 haec
1189 672 1304 713 est:
1343 672 1404 713 ut
1437 659 1505 712 ad
1540 661 1711 711 virum
1755 661 1821 712 sit
1857 663 2130 714 conversio
2165 681 2291 728 sua,
2329 675 2382 716 et
2405 664 2510 716 sub

242 757 506 818 potestate
535 746 635 797 viri
672 746 757 798 sit.
798 746 862 797 Et
893 745 1013 797 licet
1049 743 1342 797 secundum
1379 743 1704 814 allegoriam,
1746 762 1959 796 earnem
2005 746 2132 797 velit
2174 764 2287 798 esse
2333 746 2508 799 subie-
2542 764 2544 767 ’

243 842 380 882 ctam
414 829 649 901 spiritui,
690 828 980 881 secundum
1018 828 1291 880 historiam
1325 844 1451 880 vero
1488 845 1711 879 uxorem
1746 826 1894 892 viro;
1934 839 2111 880 tamen
2147 847 2268 881 raro
2305 829 2508 882 audivi-

244 932 391 977 mus,
444 913 662 983 legimus
708 930 837 964 vero
891 930 1151 983 nusquam
1174 953 1186 976 ,
1227 911 1469 963 mulieres
1507 910 1789 981 imperasse
1840 909 1953 961 sine
1999 909 2227 961 mirabili
2251 915 2254 917 ’
2276 910 2508 982 dampno

241 994 592 1048 subditorum.
633 995 697 1046 In
727 995 1063 1066 Assyriorum
1099 993 1318 1064 imperio
1342 1033 1356 1058 ,
1396 991 1545 1064 quod
1577 992 1806 1063 primum
1840 1002 1962 1062 post
1986 1010 2263 1044 romanum
2287 1004 2339 1045 et
2365 1013 2509 1064 prae-

247 1079 463 1149 cipuum
500 1078 632 1141 fuit,
671 1077 964 1130 Semiramis
994 1088 1116 1148 post
1152 1087 1373 1129 mortem
1407 1076 1509 1128 viri
1545 1076 1627 1127 sui
1664 1075 1788 1127 Nini
1825 1074 2019 1127 dicitur
2053 1093 2314 1146 regnasse.
2364 1078 2508 1146 Haec

243 1172 326 1213 est
353 1162 442 1214 illa
479 1181 618 1234 quae
655 1161 947 1214 aedificavit
976 1160 1333 1231 Babylonem3
1374 1178 1482 1230 qua
1516 1170 1769 1228 regnante
1804 1158 2074 1211 Abraham
2107 1159 2366 1230 profugus
2401 1162 2511 1213 exi-

247 1244 326 1296 vit
363 1244 430 1297 de
465 1256 605 1298 terra
650 1256 743 1297 sua
778 1257 829 1297 et
865 1244 1010 1297 venit
1044 1244 1101 1295 in
1150 1243 1417 1307 Charran3
1472 1261 1609 1314 quae
1644 1254 1766 1314 post
1811 1243 1975 1294 multa
2017 1254 2069 1297 et
2113 1261 2243 1312 vaga
2292 1255 2506 1315 stupra,

249 1328 469 1382 libidine
505 1328 762 1400 regnandi
799 1328 965 1380 filium
1000 1346 1156 1379 suum
1191 1327 1394 1397 accepit
1428 1326 1486 1378 in
1523 1326 1834 1396 coniugem,
1883 1325 2160 1397 legemque
2196 1327 2418 1379 sancivit
2453 1328 2511 1379 in

248 1424 517 1483 posteros,
547 1411 863 1482 ut‘Assyriis
899 1429 1011 1462 non
1036 1420 1214 1481 posset
1249 1409 1505 1480 imperare
1539 1410 1652 1460 sine
1684 1409 1850 1460 mixto
1881 1410 2163 1479 sanguine,
2194 1421 2285 1461 aut
2318 1429 2384 1461 ex
2412 1429 2512 1462 ma-

249 1507 329 1547 tre
351 1495 432 1547 vel
465 1495 570 1547 filia
600 1495 681 1546 vel
707 1513 888 1546 sorore
913 1494 1050 1545 foret
1081 1503 1407 1563 procreatus.
1443 1491 1589 1557 Quid
1620 1490 1790 1543 dicam
1822 1490 1890 1543 de
1919 1491 2198 1564 Cleopatra
2227 1492 2512 1545 Ptolemaei

250 1578 389 1643 filia,
430 1597 567 1649 quae
602 1577 822 1630 libidine
858 1575 1113 1647 regnandi
1150 1577 1206 1627 in
1242 1587 1449 1627 tantum
1485 1576 1705 1638 exarsit,
1746 1586 1806 1626 ut
1841 1585 1893 1626 et
1911 1594 2189 1647 romanam
2213 1593 2324 1627 rem
2342 1576 2512 1647 publi-

251 1681 363 1713 cam
392 1673 674 1714 conaretur
709 1660 1012 1713 destruere?
1052 1659 1186 1719 Nam
1211 1659 1448 1711 Antonio
1485 1657 1766 1710 fortissimo
1803 1655 2081 1709 defensore
2105 1658 2180 1709 rei
2209 1659 2455 1729 publicae
2481 1678 2513 1711 a

255 1763 311 1797 se
333 1744 562 1807 adscitO,
602 1755 655 1796 et
691 1741 734 1796 si
771 1742 874 1795 dici
911 1742 986 1794 fas
1021 1753 1128 1804 est,
1166 1742 1223 1793 in
1260 1743 1540 1812 coniugem
1573 1742 1768 1805 eleetO,
1807 1741 2005 1793 bellum
2041 1740 2234 1793 indixit
2270 1743 2515 1795 Octavia-

252 1847 356 1890 no,
398 1847 509 1898 quo
547 1845 602 1879 se
639 1844 849 1897 pessum
885 1822 1032 1876 dedit
1069 1829 1122 1875 et
1158 1825 1477 1895 Aegyptum.
1511 1823 1613 1877 Sed
1650 1836 1703 1876 et
1738 1826 1833 1895 qui
1858 1825 2103 1876 historias
2128 1826 2399 1896 scripsere,
2441 1826 2513 1878 di-

251 1922 385 1963 cunt
428 1911 643 1962 Darium
682 1927 855 1979 regem
892 1910 1166 1960 Persarum
1201 1907 1272 1959 ob
1309 1906 1366 1959 id
1402 1907 1468 1959 ab
1506 1907 1812 1959 Alexandro
1849 1906 2136 1959 macedone
2172 1902 2509 1979 superatum,

253 2014 319 2047 eo
357 1993 506 2065 quod
535 2011 759 2045 uxorem
796 2010 972 2043 secum
1009 1989 1160 2042 duxit
1188 1991 1244 2041 in
1274 1990 1553 2061 proelium.
1589 1989 1751 2056 Quod
1780 2002 1832 2041 et
1862 1990 2222 2060 magnanimus
2251 1993 2515 2043 Romano-

254 2097 373 2130 rum
399 2076 510 2128 dux
543 2075 826 2145 Pompeius
859 2084 1033 2126 mente
1070 2084 1358 2124 retractans
1383 2113 1398 2136 ,
1439 2073 1735 2125 Corneliam
1770 2073 2046 2144 Mytilenes
2083 2073 2361 2126 abscondit
2396 2075 2516 2127 late·

254 2160 382 2212 bris,
423 2158 595 2211 Taceo
642 2157 707 2210 de
751 2155 1100 2227 Fredegunda
1151 2156 1332 2226 regina
1376 2156 1732 2222 Francorum,
1782 2157 1848 2209 de
1894 2158 2047 2209 cuius
2092 2158 2287 2222 malitia
2331 2159 2516 2210 melius

255 2255 332 2295 est
370 2243 547 2304 silere,
589 2260 749 2312 quam
786 2259 956 2310 pauca
992 2238 1182 2291 dicere.
1235 2241 1300 2291 Et
1336 2239 1402 2301 de
1438 2239 1735 2292 Rosalenda
1771 2240 2249 2310 Longobardorum
2296 2242 2476 2312 regina
2498 2283 2511 2306 ,

257 2344 395 2397 quae
431 2325 656 2377 feminea
691 2321 909 2374 audacia
943 2322 1001 2373 in
1037 2334 1260 2374 mortem
1295 2323 1397 2373 viri
1434 2322 1702 2375 adulteros
1737 2341 1847 2374 non
1886 2323 2061 2374 timuit
2102 2323 2398 2394 impellere,
2439 2322 2518 2374 di-

259 2426 492 2478 sponens
523 2417 707 2478 postea
735 2405 877 2477 ipsos
913 2404 1180 2457 adulteros
1212 2417 1263 2458 et
1294 2405 1583 2459 homicidas
1607 2424 1812 2459 veneno
1836 2405 2085 2477 perdere,
2133 2419 2194 2459 ut
2218 2406 2285 2459 ad
2313 2408 2517 2459 romani

259 2489 590 2560 imperatoris
624 2500 804 2559 posset
834 2489 1101 2540 connubia
1136 2489 1432 2559 pervenire.

375 2573 489 2625 133.
529 2570 585 2623 Si
619 2573 739 2643 quis
775 2591 901 2624 vero
938 2573 1068 2624 mihi
1103 2565 1628 2625 obiecerit'sororem
1665 2573 1836 2644 Moysi
1876 2573 2089 2625 Mariam
2137 2574 2325 2627 ducem
2361 2574 2517 2630 fuisse

262 2657 451 2729 populi
482 2656 679 2707 Israhel
717 2667 770 2707 et
811 2655 1068 2720 iudicem;
1110 2675 1222 2709 non
1258 2657 1437 2709 abnuo
1457 2697 1482 2720 ,‚
1510 2656 1602 2709 sed
1631 2657 1791 2709 audio
1830 2676 1944 2709 eam
1975 2657 2198 2710 feminea
2228 2659 2435 2710 licentia
2463 2658 2520 2708 in

260 2740 565 2811 superbiam
601 2739 806 2791 elatam.
846 2738 900 2790 Si
938 2740 1077 2791 enim
1114 2738 1227 2792 dux
1262 2759 1375 2792 non
1413 2751 1574 2803 esset,
1616 2759 1713 2791 nec
1750 2740 2080 2810 superbiret,
2122 2759 2220 2793 nee
2258 2753 2404 2794 extra
2444 2760 2523 2793 ea-

261 2835 371 2875 stra
406 2822 679 2874 mansisset
714 2820 782 2873 ad
806 2821 965 2873 breve
989 2822 1211 2892 leprosa.
1242 2821 1403 2888 Quod
1434 2823 1475 2874 si
1500 2823 1621 2892 quis
1645 2823 1837 2875 dixerit
1861 2824 2013 2874 mihi:
2047 2823 2355 2889 Deborram‚
2386 2842 2522 2894 quae

235 2906 378 2977 'apis
404 2906 813 2976 interpretatur,
842 2904 1325 2976 relicta*Lapidot,
1355 2923 1492 2976 quae
1520 2904 1786 2957 iudicabat
1814 2905 2035 2972 Israhe13
2068 2905 2245 2957 forsan
2270 2907 2396 2976 quia
2420 2926 2526 2958 mu-

267 2989 421 3041 liebri
446 2988 766 3058 regebantur
802 2987 1048 3052 arbitriO,
1088 2987 1209 3040 ideo
1235 2988 1532 3044 serviebant
1555 2988 1727 3040 labin.
1753 2989 1819 3039 Et
1847 2988 1968 3039 licet
1987 2988 2351 3059 prophetasset
2376 2988 2526 3059 quod

266 3072 324 3123 in
350 3090 510 3122 manu
536 3071 767 3122 mulieris
801 3069 1094 3142 tradendus
1121 3082 1254 3123 esset
1277 3069 1470 3135 Sisara,
1503 3071 1559 3122 in
1585 3089 1745 3122 manu
1770 3089 1862 3122 sua
1886 3081 2063 3122 tamen
2098 3090 2211 3122 non
2245 3071 2436 3141 legitur
2460 3071 2528 3124 fa-

265 3165 349 3206 eta
375 3154 623 3216 victoria,
665 3154 757 3205 sed
782 3154 838 3205 in
868 3173 1028 3206 manu
1054 3154 1288 3206 mulieris
1318 3154 1438 3206 licet
1462 3154 1810 3224 alienigenae,
1846 3154 2088 3206 habentis
2121 3165 2295 3206 tamen
2324 3155 2522 3220 virum,

266 3254 334 3288 ne
363 3236 663 3306 exemplum
700 3235 848 3288 daret
881 3237 1104 3307 posteris
1140 3235 1313 3288 viduis
1339 3235 1605 3288 ambiendi
1631 3235 1898 3288 ducatum.
1931 3235 2034 3288 Sed
2060 3236 2201 3288 dices
2227 3237 2355 3288 mihi
2380 3237 2525 3308 forsi-

267 3330 380 3380 tan,
421 3328 482 3369 tu
519 3318 810 3388 exprobras
845 3319 1033 3371 sexui?
1066 3319 1238 3371 Absit.
1268 3320 1392 3371 Non
1427 3329 1550 3371 sunt
1586 3318 1990 3388 exprobrandae
2025 3338 2122 3371 nec
2149 3318 2524 3390 expernendae

269 3403 430 3452 immo
470 3420 596 3454 vero
639 3401 933 3477 laudandae
972 3415 1024 3455 et
1066 3402 1426 3466 venerandae,
1468 3420 1599 3472 quas
1636 3402 1898 3453 Dominus
1940 3420 2052 3454 non
2089 3414 2364 3473 spernatus
2407 3413 2522 3466 est;

271 3503 413 3555 quae
462 3485 711 3555 apostolis
747 3486 1083 3550 timentibus,
1123 3498 1344 3538 mortem
1389 3485 1603 3537 Domini
1638 3485 1761 3536 licet
1805 3483 2044 3538 dolentes
2091 3485 2270 3538 videre
2318 3504 2429 3536 non
2465 3486 2531 3535 ti-

271 3579 555 3631 muerunt3
597 3586 732 3638 quas
775 3570 1032 3622 Dominus
1067 3580 1192 3640 post
1227 3567 1662 3620 resurrectionem
1697 3567 1951 3638 apostolis
1986 3568 2126 3620 misit
2167 3579 2228 3619 ut
2271 3569 2345 3618 eis
2380 3585 2548 3636 prae-.

270 3649 510 3702 dicarent
543 3651 999 3706 resurrectionem.
1042 3651 1420 3703 Devotissimus
1455 3661 1532 3702 est
1568 3650 1709 3702 enim
1746 3650 2015 3703 muliebris
2051 3669 2232 3714 sexus,
2271 3650 2436 3700 facilis
2464 3648 2531 3700 ad

273 3733 530 3802 lacrymas
552 3772 567 3796 ‚
609 3731 822 3805 dapsilis
858 3735 916 3787 in
951 3734 1294 3798 liberalitate,
1335 3732 1485 3784 fortis
1521 3732 1577 3784 in
1613 3733 1911 3803 proposito.
1952 3732 2056 3786 Sed
2092 3734 2196 3784 hoc
2225 3731 2345 3783 dico
2384 3730 2534 3801 quod

2555 681 2626 712 cod·
2645 681 2668 711 t.
2690 684 2734 711 60.
2753 687 2784 709 a.

2569 2926 2582 2941 ·
2598 2926 2619 2955 i.
2637 2932 2663 2954 e.
2677 2924 2781 2954 vidua.

358 3841 391 3885 ι)
415 3839 512 3877 Hinc
535 3838 631 3878 illud
656 3840 876 3889 opuseulum
899 3841 941 3881 in
964 3850 1117 3891 corpore
1140 3840 1257 3888 iuris,
1283 3839 1343 3880 cui
1371 3838 1531 3879 titulus:
1558 3841 1822 3878 mosaicarum
1847 3842 1888 3879 et
1908 3850 2161 3880 romanarum
2188 3838 2312 3887 lequm
2339 3837 2513 3875 collatio.
