2996 4432
1253 257 1495 291 nomzoms.
2453 245 2509 291 31

243 348 340 420 qui
371 356 621 418 operatus
655 354 734 398 est
775 343 930 397 Petro
974 344 1052 395 in·
1073 343 1403 415 apostolatu,
1444 353 1694 413 operatus
1734 354 1812 395 est
1846 361 1911 395 ex
1956 343 2083 396 mihi
2119 345 2260 396 inter
2292 355 2506 414 genteS,

247 432 464 484 lustrata
506 429 704 483 Arabia
744 439 797 481 et
835 429 1123 490 DamascO,
1175 438 1298 498 post
1339 445 1510 479 annos
1549 436 1654 478 tres
1689 445 1718 478 a
1762 427 2109 480 conversione
2152 447 2247 480 sua
2287 425 2416 480 dicit
2456 447 2514 481 se

244 513 544 566 ascendisse
574 510 994 581 Hierosolymam
1024 520 1081 562 ut
1104 509 1308 563 videret
1332 511 1577 573 Petrum;
1608 520 1660 561 et
1689 529 1808 562 cum
1835 529 1898 562 eo
1924 512 2115 563 mansit
2142 511 2331 564 diebus
2364 512 2516 582 quin·

246 596 415 650 decim
435 637 450 663 ,
488 607 549 648 ut
584 595 698 648 eius
721 594 1035 647 auctoritate
1062 593 1228 646 fultus
1255 593 1420 646 libere
1450 603 1630 663 posset
1654 592 1876 644 verbum
1907 593 2005 645 Dei
2034 594 2267 646 ecclesiis
2304 593 2516 665 praedi-

248 699 390 733 care.
432 682 658 732 Demum
697 689 820 750 post
858 696 1028 730 annos
1062 675 1523 748 quattuordecim,
1560 687 1831 746 assumpto
1869 676 2109 729 Barnaba
2140 690 2194 730 et
2228 678 2382 742 Tito,
2417 678 2516 730 ite-

252 782 372 815 rum
411 761 539 814 dicit
579 780 634 814 se
674 759 972 814 ascendisse
1009 761 1460 831 Hierosolymam,
1499 777 1675 812 secum
1704 757 1942 810 deferens
1963 759 2332 830 *evangelium
2363 762 2513 832 quod

254 845 556 898 intitulatur
584 843 877 897 secundum
901 845 1098 897 Lucam
1116 884 1131 908 ,
1163 856 1220 896 ut
1244 843 1509 896 conferret
1537 861 1656 894 cum
1689 842 1943 913 apostolis
1960 882 1972 906 ,
2001 853 2054 894 et
2083 843 2367 915 praecipue
2393 863 2513 897 cum

251 929 616 999 apostolorum
651 927 893 999 principe
914 968 926 992 ‚
961 946 1029 980 ne
1065 929 1124 980 in
1156 946 1381 980 vacuum
1413 936 1679 989 curreret,
1718 935 1814 976 aut
1849 925 2167 990 cucurisset;
2209 937 2269 978 ut
2305 927 2516 997 illorum

250 1011 567 1064 auctoritate
603 1011 912 1074 roboratuS‚
950 1011 1046 1081 qui
1080 1008 1402 1062 videbantur
1432 1028 1542 1063 esse
1570 1008 1849 1061 columnae
1867 1048 1880 1072 ,
1909 1019 1961 1060 et
1984 1009 2269 1079 praecipue
2306 1000 2518 1081 aposto-

252 1093 428 1146 lorum
466 1094 758 1165 principis,
799 1093 886 1146 cui
922 1093 1179 1145 Dominus
1213 1110 1327 1144 non
1373 1093 1545 1144 solum
1581 1091 1848 1144 ecclesiam
1870 1131 1883 1156 ,
1924 1090 2016 1157 sed
2063 1092 2221 1144 etiam
2260 1093 2520 1163 regendos

257 1174 479 1229 tradidit
502 1177 648 1248 ipsos
671 1176 970 1247 apostOIOS,
999 1175 1163 1228 libere
1193 1187 1373 1247 posset
1404 1175 1709 1247 praedicare
1746 1175 2076 1246 evangelium
2115 1194 2268 1227 suum
2294 1175 2522 1228 ecclesiis

192 1256 194 1258 ’
257 1260 355 1312 Dei
386 1278 555 1331 usque
591 1260 647 1312 in
686 1260 982 1331 Illyricum,
1017 1271 1070 1312 et
1098 1278 1266 1330 usque
1299 1260 1357 1312 in
1382 1260 1662 1331 Hispanias
1693 1258 2050 1311 disseminare.
2091 1259 2190 1311 Hic
2223 1258 2363 1311 idem
2399 1272 2523 1312 ante

258 1361 419 1413 quam
461 1343 685 1414 apostoli
720 1343 778 1394 in
820 1353 992 1394 totum
1028 1341 1214 1394 orbem
1251 1343 1610 1405 mitterentur,
1649 1342 1947 1413 symbolum
1981 1361 2102 1394 cum
2148 1343 2222 1394 eis
2258 1343 2518 1408 instituit,

260 1436 321 1476 ut
354 1423 608 1478 concordi
644 1423 1036 1495 praedicatione
1061 1423 1461 1495 praedicaretur
1493 1426 1646 1490 orbi;
1685 1438 1737 1478 et
1760 1426 2182 1478 observationem
2216 1426 2319 1478 diei
2355 1426 2526 1479 domi-

259 1509 408 1561 nicae
425 1548 439 1572 ,
475 1519 528 1561 et
551 1519 613 1576 ut
643 1509 698 1560 in
729 1520 874 1561 sexta
905 1509 1036 1560 feria
1059 1508 1126 1560 ab
1152 1527 1247 1561 esu
1277 1508 1515 1561 carnium
1539 1510 1684 1561 omni
1709 1509 1776 1561 sit
1812 1508 2186 1561 abstinendum
2211 1510 2519 1562 christiano.

261 1593 363 1644 Hic
394 1592 767 1644 antiochenam
802 1591 1048 1644 fundavit
1076 1592 1376 1656 ecclesiam,
1410 1603 1462 1645 et
1489 1592 1622 1644 inibi
1656 1591 1935 1663 episcopus
1971 1591 2247 1644 ordinatus
2280 1592 2416 1646 sedit
2440 1612 2526 1645 an-

260 1694 359 1728 nos
389 1687 610 1747 septem.
652 1676 716 1727 ln
751 1695 860 1746 qua
885 1675 1120 1728 residens
1146 1675 1280 1728 duas
1314 1677 1613 1747 composuit
1641 1676 1887 1746 epistolas
1905 1717 1918 1740 ,
1953 1695 2091 1747 quae
2123 1677 2411 1729 canonicae
2435 1697 2528 1729 no-

262 1759 564 1821 minantur,
601 1759 786 1811 breves
823 1760 880 1812 in
916 1758 1120 1822 176Γῦ15,
1159 1759 1345 1830 longas
1387 1760 1443 1810 in
1477 1759 1746 1812 sententiis
1767 1799 1780 1820 ,
1821 1760 1893 1811 ita
1927 1771 1988 1811 ut
2025 1778 2176 1812 rarus
2212 1761 2278 1812 sit
2315 1762 2411 1831 qui
2443 1778 2527 1812 ea-

262 1860 380 1892 rum
410 1861 567 1894 sensu
591 1861 704 1894 non
735 1842 1010 1895 caecutiet.
1046 1843 1182 1894 Dein
1212 1860 1512 1894 successore
1537 1842 1639 1894 sibi
1665 1843 1720 1894 in
1751 1843 2070 1895 antiochena
2097 1843 2219 1896 sede
2250 1843 2524 1907 ordinatO,

262 1943 534 1976 romanam
566 1925 839 1978 ecclesiam
869 1926 1101 1997 glorioso
1130 1945 1228 1978 suo
1262 1925 1532 1978 decoravit
1561 1927 1902 1997 episcopatu3
1939 1927 1995 1978 in
2024 1946 2133 1998 qua
2167 1927 2403 1979 residens
2431 1946 2530 1998 per

269 2007 460 2058 XXV-
489 2026 659 2060 annos
690 2020 743 2060 et
775 2027 979 2060 menses
1019 2008 1129 2060 ·llI·
1165 2020 1216 2060 et
1248 2009 1359 2062 dies
1393 2009 1528 2070 ·111·‚
1557 2028 1655 2080 per
1688 2028 1898 2062 omnem
1927 2010 2127 2062 Italiam
2159 2022 2211 2062 et
2244 2011 2444 2062 Gallias
2477 2022 2530 2062 et

266 2091 546 2161 Hispanias
568 2131 581 2153 ‚
613 2102 666 2143 et
697 2092 894 2143 insulas
937 2093 1304 2145 interiacentes
1335 2092 1603 2145 ordinavit
1646 2094 1942 2164 episcopos:

371 2175 458 2226 61.
489 2174 851 2249 Quamobrem
875 2187 1055 2228 errant
1085 2175 1502 2229 Mediolanenses
1520 2217 1532 2239 ‚
1563 2177 1658 2249 qui
1688 2177 1826 2228 fastu
1850 2177 2128 2248 superbiae
2154 2177 2322 2230 inflati
2341 2218 2354 2240 ,
2385 2195 2531 2229 suam

264 2257 452 2309 dicunt
480 2257 748 2310 ecclesiam
774 2277 886 2310 non
921 2278 952 2310 a
983 2260 1139 2311 Petro
1174 2278 1273 2311 nec
1302 2279 1333 2312 a
1364 2261 1472 2312 suis
1503 2260 1920 2324 successoribuS‚
1955 2259 2048 2312 sed
2074 2280 2104 2312 a
2132 2261 2374 2312 Barnaba
2399 2278 2533 2312 sum-

266 2341 429 2412 psisse
461 2340 773 2406 exordium3
808 2342 956 2394 nulla
979 2343 1120 2394 enim
1144 2342 1347 2407 littera,
1386 2344 1597 2396 nullave
1633 2344 1851 2396 historia
1880 2357 2253 2396 commemorat
2278 2363 2401 2395 eum
2427 2362 2534 2395 um-

266 2443 427 2495 quam
462 2425 626 2476 maria
658 2425 934 2490 transisse3
975 2424 1068 2478 sed
1104 2437 1225 2497 post
1260 2427 1642 2498 separationem
1681 2445 1711 2478 a
1747 2427 1911 2498 Pau-lo
1946 2428 2166 2491 factam,
2199 2439 2422 2498 propter
2451 2428 2536 2478 Io—

268 2509 498 2559 hannem
530 2507 625 2578 qui
658 2506 936 2560 dicebatur
969 2507 1206 2573 MarcuS,
1241 2528 1363 2561 cum
1403 2508 1591 2562 eodem
1635 2511 1872 2582 Cyprum
1911 2509 2141 2562 delatum
2184 2511 2253 2562 ab
2294 2511 2397 2562 Elis
2439 2530 2538 2562 ma·

266 2609 336 2660 go
362 2591 527 2642 multa
561 2609 900 2662 perpessum,
943 2610 1103 2663 quem
1138 2593 1332 2645 Paulus
1361 2604 1516 2645 antea
1555 2606 1885 2664 percusserat
1921 2595 2168 2646 caecitate
2203 2593 2269 2645 ad
2304 2606 2531 2664 tempus.

270 2676 320 2726 Is
360 2686 640 2745 postquam
685 2692 949 2726 venenum
989 2672 1290 2745 intrepidus
1331 2677 1532 2739 hausit,
1583 2679 1785 2748 inclyto
1837 2679 1998 2729 vitam
2041 2678 2211 2729 finivit
2258 2677 2532 2747 martyrio.

268 2759 608 2827 Quamquam
644 2767 766 2827 post
805 2756 1019 2808 Domini
1058 2759 1448 2822 ascensionem,
1495 2771 1546 2812 et
1588 2773 1712 2832 post
1748 2762 1914 2813 sancti
1949 2760 2176 2831 Spiritus
2215 2759 2533 2821 adventum,

269 2859 392 2892 cum
434 2838 789 2903 multitudinis
817 2838 1146 2891 credentium
1181 2841 1563 2913 Hierosolymis
1599 2855 1732 2895 esset
1769 2862 1862 2895 cor
1900 2862 2068 2894 unum
2103 2855 2157 2895 et
2193 2844 2365 2894 anima
2396 2861 2535 2905 una,

270 2923 489 2994 cyprius
524 2923 791 2998 Barnabas
827 2923 1028 2976 habens
1070 2942 1286 2993 agrum,
1327 2937 1388 2977 ut
1430 2925 1487 2976 in
1524 2925 1730 2978 actibus
1765 2927 2126 2997 apostolorum
2160 2927 2379 2996 legitur,
2420 2943 2542 2986 ven-

273 3007 409 3062 didit
443 3025 597 3069 eum,
638 3018 690 3058 et
725 3007 900 3058 attulit
934 3009 1217 3078 pecuniam
1255 3020 1377 3061 ante
1414 3008 1576 3080 pedes
1612 3010 2006 3080 apostolorum,
2046 3020 2098 3060 et
2134 3009 2302 3061 factus
2347 3020 2424 3060 est
2461 3026 2542 3060 eo-

274 3110 392 3142 rum
434 3089 749 3161 discipulus,
798 3090 903 3143 Sed
947 3102 1009 3142 ut
1049 3091 1245 3143 falsitas
1287 3090 1757 3144 Mediolanensium
1807 3092 2056 3144 omnibus
2103 3092 2194 3144 fiat
2235 3092 2537 3153 notissima,

274 3173 409 3246 quid
443 3175 631 3226 beatus
668 3175 1010 3226 Innocentius
1046 3176 1174 3245 (qui
1213 3175 1544 3246 temporibus
1568 3173 1778 3226 Arcadii
1802 3168 1858 3227 >et
1884 3175 2111 3226 Honorii
2145 3193 2423 3227 romanum
2450 3193 2544 3244 gu-

275 3259 534 3311 bernabat
569 3259 961 3329 episcopatum,
1002 3258 1201 3329 quibus
1237 3257 1623 3328 imperantibus
1658 3269 1871 3309 sanctus
1906 3257 2166 3310 Martinus
2203 3259 2394 3311 obiisse
2430 3276 2546 3325 cog-

276 3342 544 3406 noscitur,
587 3343 643 3392 in
690 3341 841 3393 cuius
887 3342 1150 3411 obsequio
1197 3341 1399 3393 funeris
1443 3340 1657 3393 beatum
1702 3340 2001 3393 interfuisse
2051 3342 2273 3412 legimus
2318 3340 2546 3392 Ambro-

275 3419 448 3492 sium)
487 3443 649 3494 super
686 3426 786 3476 hac
821 3443 879 3476 re
925 3424 1151 3487 dixerit,
1192 3423 1488 3476 audiamus,
1529 3424 1873 3476 Innocentius
1907 3425 2162 3478 Decentio
2200 3425 2470 3495 eugubino
2500 3425 2541 3486 '‘,

277 3509 416 3559 inter
452 3519 642 3559 cetera.
689 3530 714 3555 <c
733 3508 867 3573 Quis
904 3509 1045 3559 enim
1081 3508 1249 3560 nescit
1284 3518 1376 3559 aut
1412 3527 1523 3560 non
1548 3519 1817 3571 autumat,
1846 3506 1901 3559 id
1929 3507 2076 3579 quod
2102 3527 2132 3560 a
2158 3509 2400 3579 principe
2426 3525 2547 3577 apo·

283 3613 310 3640 >2
351 3590 610 3642 stolorum
646 3591 804 3643 Petro
846 3609 1096 3643 romanae
1142 3590 1388 3643 ecclesiae
1435 3581 1690 3643 traditum
1726 3602 1826 3657 est,
1864 3610 1924 3644 ac
1969 3611 2114 3644 nunc
2159 3609 2327 3661 usque
2370 3600 2546 3641 custo-

242 3742 246 3743 ?
285 3697 312 3723 >›
353 3673 529 3739 ditur,
570 3673 638 3725 ab
675 3673 924 3726 omnibus
960 3672 1155 3726 debere
1191 3675 1418 3739 servari3
1459 3692 1557 3727 nec
1598 3673 1882 3746 superduci
1917 3675 1999 3727 vel
2036 3674 2303 3727 introduci
2345 3671 2546 3743 aliquid

285 3756 500 3826 »quod
552 3757 919 3810 auctoritatem
964 3777 1075 3810 non
1121 3757 1314 3810 habeat
1339 3798 1353 3820 ,
1402 3769 1494 3810 aut
1541 3756 1753 3810 aliunde
1800 3759 2039 3830 accipere
2084 3756 2328 3810 videatur
2376 3773 2547 3807 exem-

286 3862 312 3888 »
353 3841 539 3917 plum?
576 3841 882 3895 Praesertim
919 3861 1040 3896 cum
1078 3842 1145 3896 sit
1194 3841 1555 3911 manifestum,
1596 3842 1654 3894 in
1699 3861 1909 3897 omnem
1956 3843 2189 3906 Italiam,
2229 3839 2454 3903 Gallias,
2495 3850 2549 3891 et

2561 362 2629 392 cod.
2648 362 2669 392 f.
2688 367 2732 393 30.
2754 364 2784 392 b.

2564 777 2580 794 ¹*
2598 775 2640 804 ila
2657 775 2726 805 cod.

2594 3451 2609 3468 ⁸
2626 3448 2718 3485 Epist.
2737 3447 2830 3477 XXV.
2844 3451 2870 3475 2.
