2996 4432
971 254 1140 287 com-na
1177 253 1417 286 invasoans
1452 254 1548 285 arc.
1588 254 1675 285 Lm.
1715 254 1748 285 1.
2440 236 2502 281 ’79

210 361 362 392 corum
397 345 608 399 dieentes,
642 343 746 400 quia
775 342 857 386 nisi
887 341 1123 386 secundum
1162 345 1411 384 sanctorum
1449 334 1745 395 apostolorum
1787 352 1973 383 canones
2013 338 2088 381 fiat
2125 339 2380 394 episcopus,
2418 349 2507 380 non

212 420 478 475 recipietur-3
520 418 719 474 princeps
757 416 870 458 enim
908 414 1273 457 inthronizaverat
1312 424 1426 454 eum.
1469 412 1701 455 Dioscorus
1740 416 1881 454 autem
1918 411 2036 454 venit
2069 410 2126 453 ad
2163 414 2357 453 sanctum
2387 409 2506 452 Mar-

214 504 312 534 cum
333 523 345 544 ,
380 496 423 533 et
452 490 669 532 venientes
700 487 840 530 elerici
869 485 1047 529 induere
1076 484 1264 527 seeundo
1295 487 1339 526 et
1367 483 1523 525 iterum
1545 495 1859 525 consecravere.
1888 484 1940 524 Et
1962 483 2022 524 ita
2045 482 2218 528 veniens
2239 481 2294 524 ad
2314 485 2507 523 sanetum

215 562 449 606 Iohannem
484 560 665 616 perfecit
697 558 938 602 collectam.
973 558 1080 600 Cum
1116 561 1256 599 autem
1293 559 1401 603 esset
1430 554 1518 596 illie
1555 553 1823 596 Theodosius
1859 553 1972 595 filius
2011 552 2208 607 Calliopii
2242 552 2507 610 augustalis,

223 640 266 678 et
296 635 475 677 Aeacius
505 631 707 685 magister
737 630 945 682 militum,
978 628 1129 670 turbae
1160 626 1355 670 turbatae
1386 629 1629 679 coeperunt*
1650 625 1815 667 iniuriis
1844 624 2013 667 afficere
2044 625 2178 666 filium
2202 622 2219 642 *
2247 624 2477 678 augustalis
2495 656 2507 678 ,

223 719 275 748 eo
313 703 432 760 quod
469 702 663 746 laudaret
699 701 1001 756 imperatorem
1038 699 1321 742 Anastasium.
1362 698 1469 740 Cum
1508 709 1611 739 vero
1647 697 1832 752 iurgium
1869 701 2033 738 motum
2067 696 2244 748 fuisset,
2284 695 2513 738 insilientes

223 777 398 833 quidam
427 788 454 818 a
482 773 583 817 sede
613 773 905 828 deposuerunt
924 771 941 788 *
958 771 1093 814 filium
1124 770 1379 824 augustalis,
1411 773 1454 811 et
1475 768 1730 811 interemere
1760 781 1874 810 eum.
1899 770 1958 810 At
1986 780 2090 810 vero
2114 768 2295 810 Aeacius
2314 768 2514 822 magister
2555 771 2567 782 ·

224 849 410 891 militum
440 850 659 902 quotquot
688 856 838 900 capere
860 845 1003 900 potuit
1031 841 1273 895 interfecit3
1299 840 1421 896 quod
1447 839 1622 882 audiens
1650 839 1888 894 imperator
1918 839 2048 881 iratus
2084 843 2147 881 est
2183 838 2384 880 adversus
2422 851 2534 881 eos.·

225 922 365 963 Porro
395 919 629 961 Dioscorus
658 916 943 960 interveniens
971 913 1184 968 mitigavit
1214 925 1327 956 eum.
1348 933 1364 949 ν
1396 914 1505 954 Ecce
1536 912 1613 967 qui
1641 912 1829 967 primum
1859 910 2139 965 apostolicam
2168 909 2440 953 traditionem
2462 910 2517 952 de

226 989 464 1046 pontificali
494 988 768 1044 promotione
798 987 891 1029 ausi
920 990 1020 1028 sunt
1040 985 1224 1026 violare!
1252 986 1359 1026 Ecce
1390 983 1548 1039 quibus
1570 983 1717 1038 primis
1741 981 1988 1024 auctoribus
2010 981 2167 1023 saeculi
2187 982 2399 1036 principes
2418 993 2519 1024 suos

230 1061 457 1117 pontifices
487 1061 681 1102 nituntur
711 1060 790 1101 Dei
820 1057 1023 1100 ecclesiae
1053 1057 1334 1111 promovere!

352 1133 396 1173 4.
430 1133 484 1173 Et
512 1136 560 1174 ut
599 1135 753 1185 coepta
788 1140 1125 1185 prosequamur,
1158 1128 1291 1169 secuti
1330 1132 1429 1169 sunt
1462 1126 1780 1170 haeretieorum
1818 1125 2009 1180 exempla
2046 1124 2222 1179 quidam
2264 1125 2523 1167 Graecorum

231 1204 534 1258 imperatores,
567 1202 690 1256 regni
719 1202 787 1244 sui
817 1200 998 1243 urbibus
1027 1211 1128 1241 suos
1158 1198 1383 1254 episcopos
1413 1199 1696 1254 imponentes.
1729 1199 1947 1240 Romanae
1979 1209 2080 1238 vero
2110 1196 2238 1249 urbi,
2270 1197 2364 1238 Deo
2397 1209 2523 1250 prae-

234 1279 372 1318 stante
402 1279 445 1317 et
474 1275 646 1316 meritis·
665 1273 962 1329 apostolorum
982 1303 994 1326 ,
1018 1271 1094 1326 qui
1122 1271 1168 1312 in
1201 1283 1249 1312 ea
1277 1270 1428 1313 vivunt
1459 1276 1501 1313 et
1531 1269 1802 1326 praesident,
1828 1270 1874 1311 in
1904 1269 1988 1311 hoe
2012 1272 2256 1323 pepercere.
2293 1269 2524 1310 Decretum

232 1351 374 1389 tamen
406 1346 625 1389 electionis
654 1345 790 1388 futuri
819 1343 1040 1387 Pontifieis
1070 1356 1095 1384 a
1125 1342 1240 1384 clero
1273 1347 1317 1384 et
1347 1346 1495 1384 senatu
1527 1347 1774 1396 susceptum
1792 1372 1804 1395 ,
1837 1342 1956 1396 prius
1988 1353 2118 1396 quam
2149 1339 2264 1382 idem
2301 1352 2527 1382 consecra-

236 1423 382 1471 retur,
415 1418 495 1460 sibi
525 1417 638 1459 mitti
672 1418 885 1469 statuere3
920 1415 1040 1471 quod
1081 1427 1178 1457 eum
1215 1414 1381 1468 legatur
1418 1413 1578 1456 eisdem
1606 1413 1915 1468 imperantibus
1953 1426 2078 1467 saepe
2118 1412 2328 1454 directum
2366 1412 2494 1454 fuisse
2513 1442 2525 1462 ,

235 1501 447 1544 nusquam
477 1493 618 1531 tamen
648 1489 804 1542 legitur
833 1486 1006 1529 eosdem
1035 1487 1331 1528 Romanorum
1370 1485 1623 1527 electionem
1661 1489 1862 1526 mutasse.
1910 1486 2006 1526 Hoc
2037 1488 2181 1526 autem
2212 1484 2310 1538 quia
2339 1484 2525 1525 Domino

236 1561 498 1603 contrarium
529 1564 620 1602 erat
639 1564 734 1613 ,ut
765 1560 944 1601 eeclesia
976 1557 1184 1600 Pontifiee
1216 1561 1360 1599 careat
1376 1587 1387 1608 ,
1411 1569 1546 1611 usque
1578 1556 1681 1598 dum
1713 1555 1934 1598 decretum
1964 1555 2085 1611 quod
2113 1555 2352 1608 ferebatur,
2381 1555 2465 1597 iret
2486 1558 2530 1597 et

238 1633 428 1687 rediret,
462 1634 633 1687 penitus
663 1633 864 1687 respuere
904 1635 1129 1686 sequentes
1165 1631 1441 1683 imperatores
1482 1629 1638 1683 pietate
1678 1629 1970 1683 religioneque
2001 1632 2289 1683 praestantes3
2322 1628 2381 1669 sic
2412 1628 2526 1669 enim

236 1705 395 1759 legitur
424 1705 470 1746 in
500 1716 676 1746 romano
708 1703 962 1758 pontificali.
996 1701 1249 1744 Benedictus
1279 1700 1490 1742 secundus
1520 1700 1694 1742 natione
1733 1713 1937 1742 romanus
1975 1700 2159 1754 suscepit
2194 1699 2402 1741 iussiones
2433 1699 2526 1741 cle-

239 1777 485 1819 mentissimi
515 1776 721 1831 principis
753 1772 1019 1817 Constantini
1049 1772 1104 1814 ad
1133 1772 1422 1814 venerabilem
1452 1772 1611 1814 elerum
1645 1776 1687 1813 et
1717 1772 1931 1826 populum
1969 1783 2172 1813 romanae
2211 1771 2415 1822 civitatis,
2448 1783 2529 1825 per

240 1861 348 1903 quas
380 1848 590 1890 concessit
620 1853 669 1889 ut
699 1847 774 1901 qui
804 1846 965 1888 electus
994 1845 1124 1887 fuerit
1153 1844 1379 1897 Pontifex,
1403 1857 1427 1886 e
1458 1844 1638 1898 vestigio
1671 1843 1992 1885 consecraretur
2022 1843 2184 1897 absque
2205 1842 2421 1884 tarditate.
2446 1844 2528 1885 Ita-

241 1932 327 1974 que
357 1919 432 1974 qui
463 1919 648 1961 advertit
678 1918 785 1959 alios
814 1918 1073 1960 Graecorum
1102 1917 1381 1971 imperatores
1413 1920 1511 1957 ante
1543 1917 1904 1958 consecrationem
1923 1946 1934 1968 ,
1968 1915 2188 1957 decretum
2209 1914 2293 1956 sibi
2317 1915 2426 1956 mitti
2448 1927 2528 1957 vo-

241 1991 369 2032 luisse
388 2023 400 2044 ,
436 1990 626 2032 attendat
656 1990 783 2032 etiam
814 1987 988 2030 eosdem
1018 2000 1238 2030 romanam
1276 1987 1531 2029 electionem
1570 1999 1804 2041 numquam
1839 1986 2123 2041 reprobasse3
2158 1986 2351 2028 attendat
2382 1991 2425 2029 et
2454 1999 2530 2042 pae-

241 2067 380 2105 stores
410 2062 659 2105 eorumdem
678 2093 690 2114 ,
723 2059 825 2115 quia
854 2061 940 2103 hoe
970 2061 1062 2101 Deo
1094 2060 1357 2101 eontrarium
1388 2063 1508 2111 erat,
1543 2060 1709 2114 penitus
1740 2059 1964 2113 respuisse.

321 2145 323 2147 ’
365 2122 408 2176 5.
442 2135 591 2188 Itaque
622 2144 919 2188 percurramus
949 2136 1196 2173 sanctorum
1226 2135 1395 2185 patrum
1428 2131 1626 2185 decreta,
1651 2143 1760 2186 quae
1782 2131 1834 2173 de
1866 2130 2122 2173 Pontificum
2152 2131 2426 2186 promotione
2449 2135 2534 2173 sta-

245 2207 393 2256 tuere,
426 2210 474 2247 ut
504 2205 686 2247 sciamus
716 2204 824 2259 quid
859 2204 962 2246 iuris
1002 2203 1333 2258 imperatoribus
1372 2216 1547 2245 suorum
1584 2202 1653 2244 vel
1684 2202 1974 2257 quorumlibet
2012 2206 2257 2256 temporum
2292 2204 2336 2244 in
2377 2202 2534 2244 eisdem

196 2299 201 2300 ν
246 2277 519 2318 inseruerint.
560 2278 725 2318 Primus
754 2276 842 2317 Leo
876 2274 1032 2318 doctor
1063 2274 1264 2326 eximius,
1298 2279 1341 2316 et
1371 2286 1571 2316 romanus
1600 2273 1798 2316 Pontifex
1816 2304 1827 2326 ,
1852 2274 2072 2314 Anastasio
2102 2273 2535 2315 Thessalonicensium

243 2347 596 2402 archiepiscopo,
631 2348 706 2402 qui
736 2347 851 2388 vices
882 2346 1050 2388 romani
1082 2345 1300 2388 Pontifieis
1328 2358 1456 2400 super
1487 2345 1769 2400 quadraginta
1799 2347 2025 2399 episcopos
2067 2345 2231 2400 Illyrici
2265 2350 2307 2387 et
2338 2346 2537 2387 Graeciae

248 2419 437 2462 habebat
453 2452 464 2473 ,
491 2420 551 2460 sic
581 2419 691 2460 iuter
722 2422 860 2460 cetera
889 2418 1052 2460 scribit.
1085 2436 1101 2453 «ι
1121 2419 1183 2459 De
1204 2430 1386 2472 persona
1409 2418 1687 2477 consecrandi¹
1703 2417 1920 2472 episcopi,
1945 2422 1988 2459 et
2010 2417 2062 2459 dc
2085 2418 2188 2459 cleri
2211 2423 2252 2459 et
2272 2418 2410 2471 plebis
2431 2430 2538 2459 con—

247 2490 794 2545 sensu,.metropolitanus
824 2490 1077 2532 fraternitati
1107 2495 1205 2532 tuae
1235 2490 1391 2532 referat
1412 2521 1424 2542 ,
1455 2494 1505 2531 ut
1537 2489 1848 2531 ordinationem
1887 2493 1964 2530 tua
2004 2501 2180 2543 quoque
2211 2488 2354 2530 firmet
2384 2493 2536 2530 aucto-

254 2563 382 2609 ritas;
409 2566 452 2604 et
482 2561 602 2617 quod
622 2561 665 2602 in
697 2562 919 2616 provincia
947 2561 1058 2603 bene
1089 2561 1280 2616 placuit,
1307 2562 1413 2603 scire
1442 2565 1485 2602 te
1515 2560 1659 2602 faciat.
1697 2562 1745 2602 Et
1776 2560 1905 2615 paulo
1938 2565 2052 2615 post.
2080 2561 2413 2614 Metropolitano
2434 2572 2539 2602 vero

251 2633 460 2675 defuncto
481 2663 493 2686 ‚
526 2645 625 2675 cum
653 2633 697 2674 in
727 2633 825 2674 loeo
858 2633 948 2674 eius
977 2633 1084 2674 alius
1115 2633 1195 2674 erit
1224 2632 1551 2686 subrogandus,
1585 2631 1872 2686 provinciales
1904 2633 2093 2686 episcopi
2125 2631 2179 2673 ad
2210 2632 2420 2673 civitatem
2453 2643 2541 2672 me-

256 2705 464 2759 tropolim
496 2705 752 2746 conveniant
771 2737 783 2758 ,
817 2708 866 2746 ut
897 2706 1088 2746 omnium
1119 2703 1374 2746 clericorum
1406 2708 1534 2757 atque
1565 2704 1756 2745 omnium
1786 2704 1943 2745 civium
1984 2703 2204 2746 voluntate
2244 2703 2455 2756 discussa,
2489 2715 2541 2745 ex

255 2777 520 2832 presbyteris
550 2777 740 2819 eiusdem
770 2776 970 2818 ccclesiae
991 2776 1061 2817 vel
1083 2775 1332 2818 diaconibus
1362 2776 1550 2830 optimus
1580 2775 1777 2828 eligatur.
1802 2775 1908 2816 Cum
1929 2787 2032 2828 ergo
2057 2774 2109 2816 dc
2133 2775 2285 2816 summi
2308 2774 2541 2816 sacerdotis

253 2849 464 2891 electione
493 2848 772 2901 tractabitur,
806 2847 877 2888 ille
909 2846 1108 2888 omnibus
1139 2851 1450 2902 praeponatur,
1473 2858 1601 2900 quem
1633 2846 1734 2887 cleri
1764 2845 1986 2900 plebisque
2013 2858 2241 2887 consensus
2271 2845 2543 2887 concorditer

256 2919 568 2974 postulaverit3
601 2920 661 2960 ita
692 2924 740 2960 ut
770 2918 804 2959 si
835 2918 878 2959 in
912 2917 1037 2959 aliam
1076 2917 1189 2959 forte
1234 2929 1459 2972 personam
1500 2917 1686 2970 partium
1721 2929 1765 2958 sc
1798 2921 1898 2958 vota
1938 2917 2188 2968 diviserint,
2222 2917 2544 2971 metropolitani

259 2991 419 3033 iudicio
451 2992 486 3033 is
517 2990 636 3032 alteri
667 2995 980 3045 praeponatur,
1006 2989 1079 3044 qui
1110 2988 1339 3030 maioribus
1369 2993 1412 3030 et
1441 2988 1592 3030 studiis
1623 2989 1827 3030 innitatur
1859 2992 1901 3030 et
1932 2989 2121 3042 meritis,
2146 2992 2312 3030 tantum
2333 2993 2382 3030 ut
2405 2989 2544 3030 nullus

259 3062 404 3104 invitis
434 3066 476 3104 et
505 3075 594 3103 non
624 3061 868 3116 petentibus
899 3059 1152 3113 ordinetur,
1186 3072 1239 3101 ne
1269 3060 1418 3101 civitas
1451 3060 1703 3115 episcopum
1733 3073 1823 3103 non
1854 3065 2050 3115 optatum
2088 3065 2161 3102 aut
2197 3065 2442 3102 contemnat
2471 3065 2546 3102 aut

259 3132 428 3185 oderit,
462 3133 530 3174 eui
561 3145 648 3174 non
680 3132 847 3174 licuerit
877 3131 1034 3173 habere
1066 3143 1194 3185 quem
1222 3131 1374 3173 voluit.
1409 3131 1518 3173 Item
1547 3132 1681 3173 idem:
1710 3133 1822 3174 nulla
1845 3133 1951 3174 ratio
1981 3133 2078 3174 sinit
2110 3137 2157 3173 ut
2181 3134 2293 3174 inter
2322 3133 2545 3186 episcopos

261 3204 527 3258 habeantur,
562 3205 638 3259 qui
677 3217 756 3245 nec
788 3217 813 3245 a
843 3204 1008 3246 clericis
1045 3204 1131 3244 sint
1169 3202 1350 3256 adlecti,
1393 3215 1472 3245 nee
1503 3215 1528 3245 a
1564 3203 1761 3258 plebibus
1800 3204 2006 3258 expetiti,
2040 3216 2116 3245 nee
2155 3216 2180 3245 a
2203 3198 2549 3258 provincialibus

260 3289 360 3317 cum
392 3276 713 3330 metropolitani
744 3275 905 3317 iudicio
937 3275 1184 3317 consecrati.
1210 3294 1226 3310 »
1895 3273 1898 3277 ’

383 3347 425 3387 6.
460 3345 736 3388 Caelestinus.
767 3365 783 3380 α
801 3347 887 3388 Nec
919 3345 1102 3387 emeritis
1130 3346 1175 3386 in
1205 3346 1291 3388 suis
1321 3346 1506 3388 ecelesiis
1535 3347 1746 3401 peregrini
1777 3351 1819 3389 et
1849 3347 2061 3401 extranei,
2086 3351 2128 3389 et
2149 3349 2222 3402 qui
2244 3352 2340 3390 ante
2363 3348 2547 3402 ignorati

268 3418 426 3459 suerint
446 3448 459 3470 ,
493 3417 548 3459 ad
578 3418 860 3459 exclusionem
893 3430 1041 3459 eorum
1073 3417 1147 3471 qui
1176 3417 1339 3459 bonum
1369 3430 1545 3459 suorum
1577 3419 1732 3460 civium
1763 3422 1978 3460 merentur
2012 3419 2301 3461 testimonium
2320 3450 2332 3470 ,
2365 3430 2549 3472 praepo·

267 3493 410 3530 natur.
447 3490 555 3530 Item
587 3488 717 3531 idem.
753 3489 905 3531 Nullus
934 3489 1077 3545 invitis
1108 3488 1234 3530 detur
1264 3489 1518 3544 episcopus:
1553 3489 1681 3541 cleri,
1714 3494 1756 3531 et
1787 3490 1950 3544 plebis,
1984 3495 2026 3532 et
2057 3490 2217 3532 ordinis
2247 3502 2475 3532 consensus
2506 3492 2550 3529 et

264 3558 522 3601 desiderium
553 3560 809 3614 requiratur.
843 3561 962 3601 Tunc
992 3559 1096 3602 alter
1126 3559 1178 3602 de
1209 3559 1342 3602 altera
1381 3561 1556 3603 ecelesia
1595 3560 1800 3614 eligatur,
1834 3561 1868 3603 si
1901 3560 1954 3604 de
1994 3562 2172 3604 civitatis
2210 3561 2324 3602 illius
2354 3559 2546 3611 clericis,

264 3631 432 3672 cui-est
461 3630 688 3685 episcopus
719 3622 1012 3684 ordinandus,
1045 3631 1214 3685 nullus,
1248 3630 1368 3686 quod
1398 3632 1565 3673 evenire
1594 3643 1682 3673 non
1713 3631 1954 3685 credimus,
1987 3634 2148 3687 poterit
2185 3630 2381 3672 inveniri.
2427 3630 2549 3670 Prius

234 3734 239 3735 γ
266 3702 381 3743 cuim
411 3701 471 3743 illi
502 3702 761 3756 reprobandi
791 3707 918 3755 sunt,
951 3707 1001 3744 ut
1031 3701 1160 3757 aliqui
1190 3702 1244 3746 de
1273 3702 1418 3746 alienis
1453 3703 1640 3745 ccelesiis
1675 3703 1828 3745 merito
1864 3704 2175 3759 praeferantur.
2219 3702 2382 3743 Habeat
2411 3713 2546 3742 unus-

267 3774 449 3827 quisque
479 3773 667 3815 fructum
699 3773 873 3815 militiae
903 3774 949 3816 in
979 3773 1185 3828 ecelesia,
1218 3775 1263 3816 in
1293 3787 1380 3830 qua
1414 3786 1534 3816 suam
1574 3786 1652 3829 per
1693 3775 1834 3817 omnia
1871 3776 2077 3828 transegit
2118 3776 2327 3815 aetatem:
2362 3772 2403 3813 in
2436 3770 2548 3813 dieta

267 3844 479 3899 stipendia
511 3844 684 3887 minime
717 3845 824 3888 alter
855 3845 1061 3901 obrepat,
1095 3857 1172 3888 nee
1202 3843 1272 3888 alii
1302 3844 1490 3888 debitam
1519 3845 1626 3888 alter
1655 3845 1735 3889 sibi
1765 3845 1918 3890 audeat
1948 3846 2163 3890 vindicare
2201 3842 2456 3887 mercedem.
2489 3844 2549 3885 Sit

2554 621 2626 649 *αὶ
2646 621 2756 650 vitiose
2784 630 2842 650 rm·

2552 657 2734 693 (ju-stallum.

2591 769 2661 799 cod.
2684 777 2842 810 percusse·

2555 808 2631 833 runt

2569 1855 2645 1886 Cod.
2665 1856 2687 1885 f.
2702 1859 2764 1884 ιιι.
