2996 4432
2464 169 2526 215 25

710 279 791 326 Ex
822 275 995 325 LlBRO
1014 275 1258 332 ·111,·QU1
1294 275 1395 321 EST
1427 274 1505 320 DE
1537 273 2045 322 ORDINATIONIBUS.

357 367 774 507 [19.Quisquis
816 427 919 478 hoc
963 422 1192 486 facinus,
1238 421 1480 475 videlicet
1517 420 1829 474 simoniacae
1867 435 1919 474 et
1956 424 2354 494 neophytorum
2397 419 2522 475 hae·

248 529 429 567 reseos
464 510 853 567 emendandum
889 528 988 580 pro
1026 508 1186 561 officii
1222 507 1304 560 sui
1340 503 1764 558 consideratione
1788 507 2124 558 vehementer
2160 525 2269 558 non
2302 507 2519 568 asserit,

247 619 371 651 cum
410 600 525 668 ipso
560 615 614 649 se
646 594 844 648 habere
876 612 990 645 non
1022 591 1234 656 dubitet
1265 590 1594 662 portionem,
1636 608 1666 640 a
1691 607 1801 659 quo
1832 590 1936 641 hoc
1962 591 2228 660 peculiare
2265 590 2523 660 flagitium

248 681 478 752 *sumpsit
507 678 802 732 exord-ium.
844 675 1033 727 Omnis
1073 693 1199 744 ergo
1234 673 1517 744 episcopus
1549 671 1631 723 vel
1665 671 1943 742 presbyter
1977 685 2069 724 aut
2109 672 2367 726 diaconus
2401 693 2523 726 con-

253 764 424 815 victus
447 803 460 824 ‚
497 760 646 833 quod
680 779 776 832 per
802 758 1056 830 pecunias
1087 776 1275 809 manus
1305 755 1695 826 impositionem
1721 754 1928 807 dederit
1956 756 2040 807 vel
2073 757 2333 828 acceperit
2353 799 2365 822 ‚
2396 777 2425 808 a
2451 776 2524 809 sa-

253 846 491 899 cerdotio
525 857 579 897 et
613 864 645 897 a
673 843 844 915 gradu
877 842 1103 895 decidat.
1146 839 1402 892 Fortassis
1429 849 1605 890 autem
1636 837 1825 890 dieunt
1854 839 2055 909 aliqui,
2092 841 2218 910 quia
2247 841 2522 911 paeniten-

254 930 380 982 tiam
402 929 612 1000 -agimus
645 947 746 999 pro
775 939 1024 999 peccato,
1054 938 1108 978 et
1140 928 1284 978 Deus
1309 925 1535 996 ignoscit
1559 923 1712 977 illud.
1749 926 1828 978 Ita
1860 937 1969 989 est,
2000 927 2125 996 quia
2158 946 2341 979 omnes
2373 947 2524 997 agen-

249 1024 333 1064 tes
368 1012 745 1084 paenitentiam
782 1013 925 1064 Deus
955 1009 1202 1080 suscipit,
1238 1020 1289 1061 et
1322 1007 1564 1079 indulget
1597 1027 1694 1080 per
1729 1009 2105 1080 paenitentiam
2135 1021 2350 1080 peccata
2387 1029 2526 1081 quae

254 1097 358 1148 iam
381 1107 588 1167 patrata
612 1107 752 1148 sunt.
780 1094 884 1147 Sed
911 1092 1203 1146 secundum
1235 1092 1533 1163 apostolum
1551 1132 1564 1157 ‚
1585 1091 1838 1146 ‘sacerdos
1865 1093 2342 1163 irreprehensibilis
2367 1093 2528 1146 debet

255 1197 383 1231 esse.
421 1180 529 1245 Qui
554 1198 652 1250 per
684 1177 954 1249 pecunias.
994 1195 1319 1248 quemquam
1351 1176 1678 1228 consecravit
1700 1177 1783 1228 vel
1803 1188 2150 1236 ,consecratus
2175 1189 2252 1229 est
2271 1219 2284 1242 ,
2319 1177 2526 1241 alienus>

254 1274 338 1314 est
370 1281 401 1313 a
439 1261 752 1314 sacerdotio.
788 1261 873 1313 Sic
907 1271 968 1312 ut
1002 1278 1186 1312 omnes
1227 1258 1476 1311 ecclesiae
1512 1259 1673 1311 simus
1703 1260 1943 1332 alumpni
1974 1279 2039 1313 ex
2070 1262 2337 1336 canonicis
2369 1261 2524 1319 disci-

256 1346 419 1416 plinis
454 1343 667 1397 eruditi.
2480 1343 2483 1345 ⁵

485 1429 557 1481 Ut
588 1429 660 1481 ad
698 1427 1025 1480 humandum
1063 1427 1372 1498 episcopum
1408 1445 1591 1479 omnes
1626 1426 1921 1479 sacerdotes
1958 1430 2293 1482 conveniant.

364 1514 450 1565 50.
492 1514 566 1564 Ea
593 1511 741 1583 quae
777 1522 1086 1583 competunt
1122 1511 1411 1574 honestati,
1453 1511 1712 1581 contingit
1748 1529 1902 1582 saepe
1935 1512 2291 1582 quorumdam
2321 1513 2523 1566 desidia

219 1593 223 1598 ’
255 1614 368 1647 non
392 1596 614 1666 impleri.
652 1596 815 1648 Proin
840 1596 968 1666 quia
1000 1607 1188 1647 notum
1219 1607 1321 1658 est,
1350 1613 1488 1665 quae
1520 1594 1744 1664 dignitas
1776 1595 1834 1646 in
1859 1596 2098 1666 exequiis
2123 1598 2394 1649 morientis
2419 1599 2524 1669 epi-

250 1680 407 1750 scopi
442 1698 510 1732 ex
540 1680 834 1733 canonibus
860 1690 1228 1741 conservetur,
1263 1677 1537 1730 traditioni
1563 1680 1724 1731 moris
1748 1680 1954 1749 antiqui
1980 1681 2084 1732 hoc
2121 1692 2326 1732 tantum
2360 1681 2522 1734 adici-

256 1780 400 1824 mus,
429 1773 488 1813 ut
515 1763 556 1814 si
585 1763 705 1833 quis
730 1762 1062 1814 sacerdotum
1090 1761 1385 1814 secundum
1412 1773 1607 1814 statuta
1634 1763 1887 1815 valentini
1916 1764 2125 1816 concilii
2153 1764 2221 1817 ad
2252 1765 2524 1818 humanda

247 1843 494 1897 defuncti
536 1847 770 1917 episcopi
813 1846 1047 1898 membra
1087 1846 1268 1915 venire
1311 1846 1664 1902 commonitus
1712 1847 1863 1918 pigra
1907 1847 2178 1899 voluntate
2222 1847 2519 1912 distulerit,

256 1928 652 1999 appellanti-bus
685 1930 885 1982 clericis
922 1929 1171 1981 obeuntis
1205 1928 1443 1999 episcopi
1480 1927 1626 1998 apud
1656 1928 1916 1999 synodum
1941 1931 2057 1982 sive
2091 1931 2234 2002 apud
2266 1943 2525 2004 metropo-

255 2012 478 2063 litanum
514 2014 824 2084 episcopum
859 2023 1099 2083 tempore
1131 2013 1257 2064 anni
1300 2012 1492 2074 uniuS,
1528 2030 1626 2064 nec
1660 2012 1817 2067 faeiat
1850 2013 2055 2065 missam
2091 2033 2192 2066 nec
2233 2017 2526 2068 communi—

256 2093 413 2146 candi
447 2095 638 2147 habeat
669 2097 888 2148 omnino
920 2096 1202 2148 licentiam.
1239 2095 1541 2166 Presbyteri
1577 2114 1703 2147 vero
1740 2097 1847 2147 sive
1888 2098 2046 2148 ceteri
2084 2098 2287 2162 clerici,
2326 2100 2524 2169 quibus

256 2178 424 2230 maior
451 2178 671 2230 honoris
702 2179 850 2231 locus
883 2178 1028 2250 apud
1065 2177 1287 2230 eandem
1318 2179 1589 2231 ecclesiam
1619 2177 1803 2242 fuerit,
1842 2180 1995 2232 cuius
2020 2180 2263 2232 sacerdos
2297 2182 2519 2244 obierit,

252 2262 302 2313 si
335 2262 481 2314 omni
512 2261 866 2315 sollicitudine
901 2281 1002 2333 pro
1038 2263 1279 2334 exequiis
1309 2262 1412 2314 iam
1439 2263 1668 2324 mortui,
1708 2274 1803 2314 aut
1832 2263 2089 2315 continuo
2119 2264 2366 2316 antistitis
2394 2284 2526 2317 mor·
2564 2271 2568 2274 ⁴

243 2346 374 2408 ¹tui,
404 2344 473 2397 ad
498 2345 892 2398 cohumandum
924 2346 1155 2398 vicinum
1187 2347 1498 2417 episcopum
1521 2344 1660 2397 tardi
1696 2346 1937 2410 veniant,
1970 2359 2063 2398 aut
2093 2366 2190 2418 per
2227 2367 2526 2419 quamcum-

253 2447 365 2500 que
397 2429 684 2481 molestiam
718 2430 876 2482 animi
913 2428 1259 2501 idnegligere
1283 2429 1735 2501 comprobentur,
1772 2431 1936 2482 totius
1964 2432 2090 2483 anni
2114 2432 2284 2503 spatio
2309 2431 2377 2484 ad
2409 2452 2525 2504 pae-

251 2514 537 2566 nitentiam
565 2515 624 2565 -in
651 2514 979 2567 monasteriis
1009 2513 1354 2585 deputentur.

790 2597 948 2650 Unde
984 2597 1335 2650 sacerdotium
1371 2598 1650 2669 sumpserit
1686 2595 1985 2649 exordium.

366 2682 454 2732 51.
494 2680 557 2732 In
594 2680 758 2732 veteri
794 2692 1108 2733 testamento
1146 2681 1214 2733 ab
1252 2682 1435 2733 Aaron
1471 2681 1633 2734 fratre
1669 2681 1840 2752 Moysi
1866 2680 2146 2734 sacerdotii
2171 2683 2348 2754 coepit
2372 2702 2524 2736 exor-

260 2764 425 2817 dium.
466 2765 601 2816 Nam
637 2764 757 2816 licet
793 2776 948 2817 antea
995 2764 1255 2835 quosdam
1303 2765 1536 2835 legamus
1584 2765 1836 2817 obtulisse
1881 2765 2163 2818 sacrificia:
2204 2778 2267 2818 ut
2301 2767 2436 2819 Abel
2474 2778 2526 2819 et

258 2848 374 2900 Noe
399 2859 452 2899 et
479 2848 779 2913 Abraham,
813 2859 1001 2919 sponte
1032 2860 1209 2900 tamen
1239 2859 1291 2900 et
1320 2867 1433 2901 non
1462 2867 1529 2900 ex
1556 2859 1840 2919 praecepto
1872 2849 2115 2900 Domini:
2154 2868 2252 2901 nec
2282 2851 2526 2902 chrisma-

257 2943 311 2985 te
341 2943 564 2994 unctos,
607 2949 705 2984 nec
735 2932 968 2983 vestibus
998 2930 1065 2983 ad
1095 2931 1497 2984 sacrificandum
1528 2931 1782 2984 dedicatis
1815 2932 2084 2998 initiatos3
2114 2946 2327 3004 praeter
2358 2954 2527 2986 unum

259 3013 679 3077 Melchisedech,
722 3015 818 3085 qui
851 3033 947 3066 rex
981 3013 1151 3065 Salem
1178 3014 1370 3085 legitur
1404 3025 1457 3066 et
1498 3014 1768 3080 sacerdos3
1787 3013 2011 3086 ‘quique
2050 3016 2319 3069 Abraham
2351 3036 2538 3079 rever-⁴

257 3098 394 3151 tenti
422 3117 452 3149 a
474 3097 640 3150 caede
665 3096 1125 3163 Chodorlahomor
1150 3108 1202 3149 et
1225 3097 1488 3149 sociorum
1514 3098 1625 3150 eius
1645 3117 1838 3170 panem
1869 3097 2060 3151 obtulit
2084 3111 2137 3151 et
2162 3101 2343 3152 vinum
2372 3101 2427 3153 in
2455 3119 2528 3153 sa-

260 3181 515 3235 crificium
542 3183 675 3246 De0,
704 3181 761 3232 in
789 3181 1009 3251 figuram
1031 3176 1196 3233 nostri
1223 3181 1423 3233 aeterni
1450 3193 1504 3233 et
1528 3177 1734 3252 semper
1757 3173 1890 3235 novi·
1914 3185 2243 3236 sacramenti.
2274 3184 2380 3236 Alii
2399 3203 2527 3236 vero

257 3264 376 3317 Sem
409 3276 688 3317 autumant
720 3264 879 3316 fuisse
916 3264 1083 3316 filium
1114 3264 1259 3326 Noe,
1294 3282 1455 3334 quem
1486 3275 1839 3335 supputantes
1866 3283 2035 3317 annos
2067 3284 2204 3336 quos
2236 3267 2371 3319 vix'it
2405 3278 2528 3339 post

261 3346 546 3410 diluvium,
567 3346 760 3399 dicunt
785 3347 1140 3417 supervixisse
1165 3346 1437 3398 Abraham
1462 3357 1515 3398 et
1536 3347 1698 3411 Isaac,
1727 3359 1780 3400 et
1804 3366 1976 3418 usque
2002 3347 2068 3401 ad
2095 3348 2287 3420 Ioseph
2313 3347 2527 3401 durasse

260 3429 636 3483 venditionem.
672 3428 958 3496 Quomodo
995 3448 1123 3482 vero
1161 3441 1377 3482 sanctus
1410 3429 1492 3481 vir
1515 3430 1575 3482 in
1596 3441 1738 3482 terra
1765 3431 1931 3483 Cham
1961 3443 2014 3484 et
2040 3433 2096 3484 in
2125 3433 2373 3503 prosapia
2398 3433 2527 3484 Cha-

261 3530 427 3574 naan‚
452 3529 611 3582 quem
633 3511 822 3564 scierat
847 3509 1216 3564 maledictione
1240 3512 1405 3583 patris
1428 3511 1760 3577 damnatum,
1784 3513 2046 3567 derelictis
2069 3513 2189 3566 filiis
2212 3515 2319 3567 suis
2348 3533 2408 3566 ac
2433 3532 2525 3566 ne-

260 3593 480 3666 potibus
497 3634 510 3658 ‚
540 3604 822 3667 spretaque
845 3605 986 3646 terra
1002 3635 1015 3659 ‚
1045 3612 1182 3665 quae
1205 3593 1306 3646 sibi
1330 3594 1547 3666 suisque
1577 3608 1804 3649 cesserat
1830 3597 1888 3648 in
1915 3596 2254 3650 hereditatem
2270 3636 2284 3659 ,
2319 3595 2525 3648 advena

262 3674 421 3731 vellet
442 3666 681 3730 ffabitare
706 3678 763 3728 in
793 3688 935 3730 terra
963 3677 1160 3741 aliena,
1195 3696 1307 3730 non
1340 3679 1465 3730 satis
1496 3677 1718 3731 adverto
1735 3719 1749 3742 ,
1777 3679 1879 3731 nisi
1903 3681 2033 3751 quia
2057 3679 2195 3732 forte
2218 3678 2300 3730 vir
2322 3677 2524 3749 Spiritu

245 3772 451 3814 *sancto
483 3761 674 3832 plenus
710 3761 1027 3832 praescierat
1065 3761 1133 3814 ab
1171 3760 1496 3816 Hierusalem
1530 3763 1859 3835 evangelium
1892 3764 2042 3836 regni
2077 3764 2134 3817 in
2165 3773 2279 3815 toto
2319 3761 2521 3815 mundo

720 3850 721 3853 ’
2351 3845 2387 3885 D

2573 432 2642 462 cod.
2665 432 2684 461 r.
2708 438 2751 462 22.
2773 442 2801 461 a.

2570 1529 2639 1559 cod.
2662 1529 2681 1558 f.
2705 1533 2749 1557 23.
2768 1536 2797 1557 a.

2572 2699 2643 2730 cod.
2661 2699 2682 2729 f.
2701 2703 2744 2728 28.
2761 2697 2793 2727 b.
