2996 4432
7 1118 14 1125 ⁸
0 998 10 1101 -v-sq
0 885 14 972 Ὗμ-Ι
0 817 5 868 -ν-
0 766 2 770 <
0 729 13 741 j

13 1378 19 1382 .
0 1244 9 1349 ’φ’-’ω

1245 300 1485 337 Βοκιῑοκιε.
1518 346 1522 349 ,
2411 350 2413 352 Γ
2447 293 2510 337 m

231 393 355 449 bilis
390 395 537 449 omni
571 392 774 466 populo
809 404 1032 443 romano
1070 389 1336 462 apparuit.
1376 389 1718 441 Consecravit
1753 400 1927 442 autem
1954 398 2003 442 et
2028 385 2167 443 idem
2193 386 2504 443 venerabilis

234 479 379 550 Papa
420 478 690 532 ecclesiam
725 473 982 547 principis
1021 474 1382 545 apostolorum
1413 473 1598 525 ··XIIII
1641 473 1746 525 kal.
1787 473 2110 538 decembriS,
2150 494 2309 546 quam
2350 475 2505 528 etiam

233 562 499 632 piissimus
534 562 822 642 imperator
853 577 882 610 a
913 556 1272 610 fundamentis
1307 555 1633 621 aedificavit,
1664 568 1715 608 et
1747 575 1814 608 ex
1850 558 1999 609 cuius
2031 569 2277 629 apertura
2313 558 2504 611 funda-

234 645 401 696 menti
437 645 656 716 ipsemet
693 641 923 713 propriis
958 641 1191 693 humeris
1227 639 1507 698 duodecim
1543 639 1806 710 cophinos
1842 658 1907 691 ex
1949 641 2134 693 tellure
2170 640 2501 694 fundamenti

235 738 506 780 consertos
541 727 599 778 in
633 726 895 778 honorem
926 724 1061 776 ·XII·
1098 723 1462 795 apostolorum
1498 723 1827 793 exportavit:
1869 724 1926 774 in
1964 743 2070 794 qua
2105 725 2124 793 (
2136 723 2409 794 S1lxeste1)
2448 727 2530 778 et'

239 828 398 881 super
422 826 616 879 corpus
641 807 865 878 apostoli
891 807 1051 859 altare
1087 807 1255 859 erexit
1279 805 1576 877 lapideum,
1605 816 1656 858 et
1680 805 1956 857 chrismate
1981 820 2299 876 perunctum
2324 827 2502 860 secun·

235 890 363 959 dum
388 909 588 942 morem
625 908 786 962 quem
823 889 1046 961 posteris
1080 887 1299 941 tradidit
1335 887 1724 964 observandum
1760 887 2036 940 benedixit
2060 908 2121 941 ac
2152 893 2494 943 consecravit

351 974 466 1026 113.
497 974 557 1025 In
582 974 895 1026 lateranensi
930 991 1056 1025 vero
1092 972 1262 1044 prima
1300 973 1516 1026 ecclesia
1552 972 1714 1024 altare
1750 991 1863 1024 non
1888 972 2053 1024 erexit
2080 973 2374 1046 lapideum,
2407 971 2498 1027 sed

235 1056 504 1109 stabilium
529 1058 780 1129 ligneum.
809 1057 875 1109 Et
897 1057 1000 1109 hoc
1026 1056 1226 1127 quare?
1244 1057 1371 1127 quia
1396 1054 1556 1109 credo
1581 1045 1849 1127 aliquibus
1872 1055 2237 1149 profuturum,
2266 1057 2498 1110 breviter

233 1140 278 1191 si
314 1152 502 1211 potero
540 1140 806 1193 enodabo.
849 1140 935 1192 Ab
973 1141 1282 1211 episcopatu
1319 1140 1683 1210 apostolorum
1717 1139 2000 1210 principis,
2044 1157 2212 1211 usque
2238 1139 2304 1191 ad
2330 1134 2497 1192 sancti

233 1223 468 1276 Silvestri
507 1224 798 1276 felicissima
833 1235 1102 1295 tempora,
1130 1224 1392 1276 saeviente
1428 1232 1824 1294 persecutorum
1861 1221 2030 1285 rabie,
2061 1234 2200 1274 certa
2236 1240 2348 1273 non
2386 1235 2497 1274 erat

233 1306 544 1378 episcopalis
578 1307 732 1359 statio
749 1347 763 1370 ,
805 1305 897 1359 sed
921 1306 1247 1378 ubicumque
1272 1306 1551 1358 necessitas
1581 1305 1896 1376 impulerat,
1918 1305 2027 1357 sive
2050 1306 2107 1356 in
2132 1306 2361 1377 cryptis,
2390 1306 2497 1357 sive

231 1390 290 1440 in
328 1390 683 1456 coemeteriis,
724 1390 832 1442 sive
868 1390 925 1441 in
962 1388 1210 1442 domibus
1245 1390 1612 1461 religiosorum
1652 1389 2004 1440 virorunrvel
2042 1388 2348 1451 mulierum,
2388 1390 2497 1441 sive

232 1473 290 1523 in
326 1472 537 1525 fabricis
574 1471 867 1525 secundum
902 1471 1054 1543 quod
1090 1473 1331 1544 superius
1367 1471 1597 1524 diximus
1636 1473 1749 1523 Deo
1787 1470 1970 1523 dicatis
2015 1472 2221 1530 missam
2266 1473 2495 1526 celebra-

231 1555 362 1608 bant
398 1575 558 1627 super
594 1557 754 1608 altare
789 1556 1050 1627 ligneum,
1079 1557 1136 1607 in
1161 1555 1378 1608 modum
1401 1574 1554 1607 arcae
1578 1574 1866 1607 concavum
1885 1597 1896 1619 ‚
1930 1555 2128 1607 habens
2160 1556 2215 1606 in
2243 1568 2496 1626 quattu-or

231 1639 438 1708 angulis
482 1639 708 1691 circulos
754 1639 812 1690 in
856 1639 1056 1710 quibus
1099 1650 1269 1692 vectes
1310 1638 1764 1702 immittebantur,
1815 1638 2013 1708 quibus
2059 1658 2088 1690 a
2132 1639 2493 1692 sacerdotibus

231 1711 570 1791 portabatur,
593 1722 916 1794 ubicumque
941 1741 1191 1775 romanus
1215 1723 1497 1793 episcopus
1515 1721 1782 1786 latitabat,
1804 1722 1886 1773 vel
1911 1721 2005 1773 ubi
2030 1723 2299 1774 collectam
2325 1722 2493 1794 dispo—

232 1817 409 1858 suerat
445 1807 734 1858 celebrare.
774 1805 938 1873 Quod
983 1806 1055 1859 ob
1098 1805 1444 1859 reverentiam
1485 1805 1847 1876 apostolorum
1892 1805 2147 1875 principis
2195 1807 2291 1876 qui
2336 1825 2494 1876 super

230 1887 393 1940 altare
430 1890 532 1941 hoc
569 1889 893 1941 dominicum
930 1888 1124 1942 dicitur
1159 1889 1450 1965 celebrasse
1486 1898 1894 1951 sacramentum,
1935 1899 1987 1939 et
2029 1899 2332 1940 sanctorum
2369 1908 2491 1940 suo-

227 1989 351 2022 rum
376 1971 836 2042 praedecessorum
861 1983 1186 2042 martyrum3
1215 1972 1336 2024 licet
1360 1970 1573 2023 decreto
1598 1970 1849 2022 firmasset
1869 2012 1881 2035 ,
1911 1982 1971 2022 ut
2001 1971 2205 2023 nullum
2242 1970 2490 2042 deinceps

231 2054 393 2106 altare
425 2065 587 2122 esset,
625 2055 725 2106 nisi
754 2053 1052 2125 lapideum,
1094 2055 1198 2108 hoc
1226 2066 1402 2107 tamen
1434 2055 1491 2105 in
1526 2053 1846 2107 dominicum
1885 2065 1936 2106 et
1966 2054 2294 2124 patriarchae
2331 2055 2490 2108 stabi-

230 2137 358 2188 lium
397 2138 586 2201 altare,
626 2150 687 2190 ut
729 2138 908 2189 nullus
944 2157 1106 2209 super
1139 2138 1270 2191 illud
1306 2139 1406 2190 nisi
1450 2156 1699 2189 romanus
1728 2138 1869 2208 Papa
1903 2139 2109 2189 missam
2141 2136 2334 2190 audeat
2357 2139 2490 2191 cele·
2523 2187 2530 2195 .

231 2220 403 2272 brare.
433 2220 598 2286 Quod
637 2221 694 2272 in
722 2239 887 2273 coena
920 2222 1135 2273 Domini
1168 2219 1573 2292 post'dominici
1601 2222 1841 2292 corporis
1874 2234 1926 2274 et
1957 2223 2224 2292 sanguinis
2261 2222 2490 2275 celebra-

205 2301 210 2302 ⁷
233 2314 339 2355 tam
364 2305 910 2357 commemorationem
937 2324 967 2356 a
992 2304 1356 2357 sacerdotibus
1379 2304 1607 2356 violatur
1627 2304 1693 2373 1·);
1722 2322 2007 2375 mensaque
2032 2305 2260 2369 sublata,
2290 2307 2346 2357 in
2372 2307 2488 2376 ipso

230 2386 405 2438 altaris
441 2376 673 2439 concavo
700 2405 870 2458 usque
903 2385 1064 2439 hodie
1098 2388 1273 2440 oleum
1305 2387 1680 2450 exorcizatum,
1721 2398 1774 2439 et
1810 2387 2082 2439 chrismale
2108 2388 2174 2440 ab
2201 2389 2316 2459 ipso
2343 2391 2486 2459 Papa

228 2467 578 2521 benedicitur.
620 2470 686 2521 Et
720 2469 941 2522 sabbato
977 2482 1400 2542 vesperascente,
1441 2471 1593 2523 finito
1629 2471 1912 2541 baptismo,
1954 2482 2073 2541 post
2109 2472 2339 2537 litaniaS,
2368 2483 2490 2543 post

230 2552 413 2604 novies
450 2551 785 2604 decantatum
821 2553 1000 2623 kyrie,
1040 2565 1165 2624 post
1201 2553 1457 2624 hymnum
1505 2554 1825 2624 angelicum,
1866 2565 1988 2625 post
2027 2544 2326 2619 collectam,
2367 2568 2490 2626 post

229 2635 422 2686 lectum
460 2636 790 2706 apostolum,
829 2647 1112 2707 postquam
1150 2638 1294 2707 Papa
1330 2648 1473 2689 stans
1509 2637 1564 2688 in
1602 2637 1750 2702 sede,
1780 2637 1884 2689 alta
1921 2656 2050 2689 voce
2076 2657 2274 2690 novum
2311 2651 2489 2691 canta-

228 2718 361 2770 verit
393 2718 631 2782 alleluia,
671 2719 794 2770 ilico
830 2737 860 2770 a
897 2718 1260 2771 sacerdotibus
1297 2721 1526 2790 reposita
1572 2739 1750 2773 mensa
1786 2722 2176 2786 reconciliatur,
2219 2734 2269 2774 et
2304 2723 2487 2775 lintea-

229 2800 461 2853 minibus
498 2811 549 2852 et
583 2802 753 2872 palliis
789 2800 1038 2854 decenter
1078 2814 1295 2867 ornata,
1347 2802 1415 2855 ad
1451 2822 1605 2855 usum
1641 2802 1974 2857 sacerdotalis
2012 2805 2288 2857 ministerii
2335 2824 2488 2875 pera-

231 2882 490 2953 gendum,
530 2902 750 2936 romano
787 2879 1025 2953 pontifici
1065 2881 1431 2956 praeparatur.
1470 2878 1575 2938 Sed
1611 2885 1678 2938 de
1722 2888 1821 2939 hac
1864 2887 2110 2944 varietate
2153 2888 2255 2940 hoc
2298 2887 2488 2940 dixisse

230 2966 471 3018 sufficiat.
514 2968 579 3018 Et
615 2966 748 3038 quid
784 2968 948 3019 sancti
970 2979 1148 3061 patres
1174 2968 1240 3020 de
1265 2969 1753 3021 consecrationibus
1777 2970 2016 3021 altarium
2043 2982 2096 3022 et
2121 2971 2367 3023 ecclesiae
2392 2991 2489 3023 no-

166 3091 170 3093 *
229 3050 312 3101 bis
347 3049 650 3114 tradidere,
690 3051 924 3104 breviter
959 3052 1001 3103 si
1037 3053 1327 3122 poterimus
1364 3051 1696 3106 disseramus.
1738 3054 2142 3118 (Auctoritaces
2166 3054 2280 3106 heic
2304 3054 2371 3106 'iu
2404 3075 2487 3107 eo—

229 3132 342 3183 dice
375 3133 746 3204 subsequentes
774 3145 952 3205 utpote
975 3134 1138 3196 satis,
1179 3146 1240 3186 ut
1269 3154 1472 3198 remur,
1508 3147 1665 3186 notas
1695 3137 2218 3206 praetermittimus).

896 3215 1043 3282 Quid
1079 3203 1339 3286 agendum
1377 3217 1442 3269 sit
1478 3216 1544 3270 de
1581 3219 1811 3274 incertis.

341 3299 455 3360 114.
498 3299 853 3351 Innocentius.
896 3301 976 3350 De
1007 3299 1201 3361 causis,
1229 3298 1296 3351 de
1327 3300 1524 3370 quibus
1552 3300 1697 3352 nulla
1722 3301 1956 3354 solvendi
1981 3302 2286 3374 ligandique
2312 3315 2486 3356 aueto-

227 3381 352 3431 ritas
381 3381 611 3432 inlibris
634 3382 824 3433 veteris
859 3383 1187 3445 testamenti,
1227 3383 1310 3434 vel
1339 3383 1476 3434 ··lIII
1505 3384 1924 3453 evangeliorum,
1965 3405 2085 3438 cum
2121 3386 2330 3456 scriptis
2362 3388 2485 3439 totis

2533 3322 2627 3353 (tosti⁵
2648 3326 2691 3352 42.
2717 3332 2742 3352 ἢ.

228 3462 615 3532 apostolorum,
632 3476 766 3515 non
802 3474 1080 3539 appareat,
1121 3423 1188 3516 ad
1226 3463 1404 3517 divina
1442 3467 1696 3534 recurrito
1733 3467 1925 3537 scripta
1960 3487 2160 3538 graece.
2202 3468 2256 3520 Si
2290 3480 2390 3521 nec
2427 3470 2483 3521 in
2548 3502 2563 3506 -

228 3545 329 3595 illis
346 3585 359 3607 ,
389 3544 458 3597 ad
488 3546 776 3598 catholicae
802 3547 1048 3600 ecclesiae
1081 3547 1324 3600 historias
1371 3549 1653 3601 catholicas
1683 3568 1713 3600 a
1738 3548 2047 3604 doctoribus
2074 3552 2342 3604 catholicis
2368 3553 2486 3603 scri-

228 3639 345 3698 ptas
378 3630 591 3679 manuni
625 3628 791 3680 mitte.
831 3628 887 3681 Si
920 3648 1020 3682 nec
1052 3631 1109 3682 i'n
1134 3630 1260 3694 illis,
1290 3649 1520 3684 canones
1545 3632 1863 3703 apostolicae
1895 3633 2032 3687 sedis
2056 3635 2278 3686 intuere.
2308 3633 2361 3685 Si
2386 3653 2485 3708 nec

283 3781 348 3824 ‘'1)
372 3781 480 3817 Nunc
504 3780 630 3818 adhuc
654 3781 694 3818 in
719 3782 889 3819 vaticana
914 3781 1067 3820 basilica
1101 3793 1186 3820 arae
1216 3783 1398 3822 maximae
1424 3794 1551 3822 mensa
1566 3811 1577 3831 ‚
1602 3784 1693 3823 feria
1716 3784 1928 3833 supradicta
1943 3815 1954 3833 ‚
1982 3787 2144 3825 serotino
2170 3791 2355 3833 tempore,
2382 3785 2484 3822 omni

228 3838 370 3875 amictu
393 3838 561 3876 nudatur
579 3867 588 3885 ,
618 3845 654 3877 et
680 3839 727 3877 ab
754 3841 925 3885 universo
947 3840 1046 3880 clero
1072 3839 1328 3889 praetereunte
1345 3869 1356 3889 ‚
1386 3843 1622 3892 psalmosque
1646 3843 1855 3893 lugubriter
1883 3847 2089 3893 recitante,
2116 3845 2200 3884 vino
2231 3849 2268 3882 et
2291 3843 2485 3882 abstersio-

228 3896 340 3935 nibus
363 3896 546 3935 abluitur.

2275 3962 2310 4002 G
