2996 4432
251 599 320 628 eod.
338 600 358 629 t.
380 603 420 629 ιδ.
437 605 469 630 a.

315 1016 329 1029 ²*
348 1011 391 1042 ita
409 1012 479 1042 cod.

524 236 581 283 1'2
781 238 784 242 ’
1503 251 1560 282 Ex
1576 264 1579 267 <
1593 250 1723 282 Lumo
1757 252 1808 283 n.

523 333 906 386 confratribus:
942 343 1220 403 argentum
1243 344 1304 394 ⁸et
1334 351 1522 387 aurum
1556 355 1669 389 non
1698 348 1776 388 est
1806 354 2041 403 mecum;
2071 337 2220 408 quod
2249 323 2422 391 autem
2449 340 2649 406 habe0‚
2670 343 2785 395 hoc

521 416 620 468 tibi
651 435 762 469 non
797 415 888 468 do.

1356 552 1361 557 .
1415 503 1494 553 De
1531 501 1879 572 eleemosyna.

631 584 716 636 23.
745 583 1019 648 Quantum
1043 600 1169 634 vero
1195 581 1263 635 ad
1278 583 1693 655 promerendam
1716 585 1815 636 Dei
1841 581 2215 657 omnipotentis
2240 589 2457 659 gratiam
2472 629 2486 651 ‚
2516 601 2567 641 et
2592 590 2659 642 ad
2685 609 2779 643 ex·

522 666 814 737 tinguenda
849 666 1089 718 mortalia
1126 678 1340 737 peccata
1364 667 1698 738 eleemosyna
1733 661 1903 720 valeat
1920 710 1933 734 ,
1961 668 2197 723 Salvator
2226 672 2279 723 in
2307 673 2576 743 evangelio
2603 678 2796 745 aperte*

527 750 759 802 declarat
795 748 1007 801 dicens:
1049 749 1173 801 date
1209 750 1629 820 eleemosyna-m,
1662 762 1712 801 et
1745 770 1855 802 ecce
1879 753 2067 804 omnia
2094 755 2303 807 manda
2325 768 2456 808 sant
2489 757 2643 808 vobis.
2674 757 2787 809 Nee

526 832 962 904 vilipendendum
998 844 1075 885 est
1110 852 1247 905 opus
1290 835 1696 904 compassioniS,
1741 853 1838 906 per
1874 835 2023 906 quod
2064 836 2133 888 ab
2176 838 2422 890 omnibus
2466 839 2788 892 mundamur

528 917 764 969 offensis.
808 916 871 968 Et
906 917 1030 969 licet
1067 917 1306 969 Christus
1342 916 1461 968 finis
1497 916 1565 968 sit
1600 915 1668 968 ad
1705 917 1925 969 salutem
1962 920 2105 971 omni
2131 919 2394 986 credenti,
2422 933 2474 974 et
2498 935 2786 994 postquam
2862 947 2864 949 ·

529 1003 751 1057 beamur
775 1001 798 1026 '¹
822 1020 879 1052 re
902 1041 915 1067 ‚
945 1000 1276 1071 superfluum
1301 1000 1368 1052 sit
1393 999 1635 1052 laborare
1660 998 1729 1052 de
1753 1000 1920 1071 figura
1940 1043 1953 1064 ‚
1981 1013 2157 1054 tamen
2183 1004 2310 1074 quia
2334 1023 2445 1057 non
2474 1007 2618 1057 venit
2642 1006 2788 1060 Chri-

531 1098 644 1138 stus
681 1085 882 1137 solvere
917 1086 1082 1155 legem
1119 1083 1210 1136 sed
1248 1083 1495 1154 implere3
1537 1094 1590 1135 et
1630 1084 1723 1154 qui
1768 1085 1962 1155 priscis,
1999 1085 2321 1156 loquebatur
2363 1089 2697 1159 temporibus
2730 1090 2788 1141 in

528 1170 839 1240 prophetiS‚
877 1168 933 1220 in
970 1167 1244 1238 evangelio
1275 1165 1444 1218 dixit:
1492 1186 1603 1219 ecce
1638 1167 1871 1231 adsam;
1918 1187 2111 1239 operae
2151 1170 2382 1240 pretium
2419 1182 2496 1222 est
2526 1183 2787 1264 quantum

528 1253 716 1304 veteris
746 1252 1040 1303 testamenti
1078 1262 1130 1302 et
1159 1250 1443 1302 incitemur
1473 1249 1832 1315 documentis,
1862 1262 1913 1303 et
1942 1256 2294 1323 provocemur
2324 1253 2577 1324 exemplis
2607 1253 2676 1305 ad
2699 1255 2791 1306 mi,-

528 1354 721 1386 ser1c01
710 1333 839 1385 diae
875 1351 1012 1404 opus
1047 1332 1376 1398 faciendum,
1412 1351 1523 1384 non
1554 1333 1772 1404 profuse
1797 1334 1891 1387 sed
1922 1335 2296 1407 compendiose
2329 1335 2608 1388 disserere.

632 1419 718 1480 24.
752 1419 883 1469 Cum
910 1417 1133 1468 mosaica
1157 1416 1270 1487 lege
1307 1427 1650 1487 praeceptum
1675 1417 1763 1480 sit,
1786 1419 1955 1470 Deum
1981 1430 2157 1471 mente
2182 1431 2234 1472 et
2259 1418 2421 1471 corde
2444 1421 2574 1472 totis
2587 1420 2789 1472 viri'brus

525 1502 770 1572 diligere,
812 1479 1113 1570 proximum
1149 1519 1372 1571 quoque
1408 1501 1544 1552 sicut
1579 1519 1680 1553 nos
1715 1500 1932 1572 diligere
1963 1501 2148 1554 eodem
2183 1501 2431 1554 mandato
2469 1503 2785 1573 constringi-

525 1604 665 1636 mur.
705 1582 1035 1653 Pauperibus
1070 1601 1195 1635 vero
1229 1594 1280 1635 et
1313 1582 1530 1637 advenis
1566 1595 1618 1636 et
1645 1586 1933 1655 peregrinis
1964 1587 2187 1657 septimo
2225 1605 2367 1638 anno
2404 1598 2573 1638 terrae
2609 1586 2793 1638 sabba-

525 1669 708 1719 tismus
746 1666 1028 1718 indicitur:
1076 1677 1128 1718 et
1164 1666 1395 1719 iubilaeo
1438 1687 1581 1720 anno
1618 1687 1799 1721 omnes
1839 1669 2198 1740 possessiones
2241 1668 2466 1722 redeunt
2504 1669 2571 1722 ad
2622 1669 2789 1721 domi-

525 1771 685 1803 num:
723 1762 774 1802 et
806 1770 926 1801 cum
961 1769 1061 1820 pro
1096 1751 1385 1821 gratiarum
1421 1752 1630 1803 actione
1669 1763 1722 1805 et
1752 1772 1853 1823 pro
1884 1765 2011 1806 voto
2035 1753 2258 1806 offertur
2281 1753 2512 1805 Domino
2531 1795 2543 1818 ‚
2582 1771 2790 1824 pauper

525 1847 577 1887 et
611 1834 812 1887 advena
842 1846 894 1886 et
922 1835 1236 1905 peregrinus
1261 1835 1415 1886 simul
1440 1846 1491 1887 et
1521 1835 1680 1888 levita
1709 1836 2001 1889 invitantur
2028 1836 2097 1888 ad
2130 1824 2434 1909 prandium.
2475 1836 2641 1888 Etiam
2667 1835 2788 1898 ille,

527 1920 679 1971 cuius
714 1937 824 1970 non
864 1930 940 1970 est
977 1937 1071 1970 cor
1109 1919 1422 1983 exaltatum,
1463 1916 1757 1970 secundum
1794 1938 1888 1971 cor
1929 1921 2142 1972 Domini
2179 1921 2406 1983 electuS,
2448 1938 2569 1972 cum
2604 1917 2793 1970 laudes

523 2002 647 2053 iusti
681 2002 780 2052 viri
808 1998 1082 2072 psalleret,
1112 2002 1253 2054 inter
1282 2012 1453 2054 cetera
1483 2001 1557 2052 sic
1583 2000 1684 2052 ait:
1729 2012 1841 2053 tota
1865 2001 1952 2053 die
1974 2003 2059 2054 die
2085 2003 2361 2055 miseretur
2394 2014 2443 2054 et
2466 2001 2788 2055 commodat..
2857 2003 2861 2007 ’

525 2087 596 2139 Et
630 2104 805 2136 semen
853 2085 987 2136 eius·
1016 2085 1074 2137 in
1119 2085 1479 2137 benedictione
1525 2084 1642 2135 erit.
1681 2084 1748 2136 Et
1782 2096 1904 2154 post
1938 2103 2137 2154 pauca:
2192 2085 2455 2138 ioeandus
2501 2085 2656 2136 homo
2692 2083 2789 2154 qai

528 2169 802 2220 miseretur
835 2180 883 2219 ct
918 2169 1253 2230 commodat,
1297 2168 1545 2240 disponet
1577 2186 1842 2220 sermones
1875 2188 2001 2221 suos
2040 2169 2099 2220 in
2139 2168 2397 2231 iudicio„
2428 2167 2561 2239 quia
2599 2168 2656 2219 in
2694 2186 2786 2219 ae-
2859 2225 2862 2228 Α

528 2264 736 2303 ternum
776 2271 886 2304 non
923 2252 1342 2304 commovebitur.
1372 2251 1668 2322 Dispersit,
1703 2252 1849 2303 dedit
1878 2251 2243 2323 pauperibus,
2278 2251 2490 2303 iustitia
2526 2251 2641 2302 eius
2680 2258 2791 2301 mass

529 2347 616 2385 nec
654 2335 712 2386 in
738 2335 1014 2386 saeculum
1038 2334 1262 2386 saeculi.
1291 2335 1353 2385 In
1383 2334 1657 2405 evangelio
1690 2353 1818 2386 vero
1854 2333 2129 2386 dominum
2162 2334 2331 2386 Iesum
2362 2334 2659 2398 Christum,
2691 2334 2786 2404 qui

523 2418 703 2492 ¹coepit
740 2419 908 2469 facere
946 2430 998 2469 et
1032 2417 1224 2469 docere
1246 2458 1258 2482 ,
1288 2417 1555 2469 misertum
1591 2416 1811 2488 legimus
1832 2417 1918 2469 bis
1947 2417 2154 2488 pavisse
2178 2416 2380 2469 turbas.
2422 2417 2488 2468 Et
2521 2418 2576 2469 in
2603 2417 2787 2469 ultima

529 2519 688 2552 caena
726 2511 846 2570 post
877 2501 1017 2552 Petri
1054 2512 1456 2571 ceterorumque
1495 2502 1857 2572 apostolorum
1887 2500 2086 2572 pedum
2115 2500 2410 2564 lavacrum,
2455 2511 2507 2552 et
2536 2512 2661 2571 post
2690 2511 2791 2552 tra-

530 2584 637 2636 dita
666 2583 936 2654 discipulis
973 2595 1298 2636 sacramenta
1333 2585 1572 2655 corporis
1602 2595 1655 2636 et
1687 2583 1955 2655 sanguinis
1991 2583 2103 2647 sui,
2137 2595 2261 2654 post
2292 2601 2485 2654 panem
2509 2583 2788 2635 intinctum

529 2679 582 2719 et
619 2666 800 2718 datum
838 2666 1034 2730 Iudae,
1071 2667 1291 2738 legimus
1332 2667 1380 2718 ei
1418 2665 1641 2718 dixisse:
1683 2667 1830 2738 qaod
1847 2667 2033 2736 sacis,
2063 2669 2170 2736 fac
2205 2666 2385 2719 citius.
2425 2666 2542 2718 Hoc
2578 2678 2786 2730 autem,

530 2762 589 2803 ut
618 2751 719 2802 sert
745 2751 1059 2821 evangelista
1076 2791 1089 2814 ,
1125 2768 1280 2802 nemo
1310 2750 1459 2802 scivit
1482 2749 1951 2813 discumbentium,
1980 2749 2251 2803 credentes
2280 2768 2400 2802 eum
2439 2748 2633 2802 dixisse
2657 2767 2791 2802 eme-

529 2854 584 2886 re
621 2854 681 2887 ea
713 2854 850 2906 quae
886 2846 1010 2887 sunt
1047 2834 1336 2887 necessaria
1373 2833 1441 2887 ad
1478 2832 1616 2887 diem
1651 2833 1871 2899 festum,
1908 2835 1990 2886 vel
2025 2833 2205 2904 egenis
2238 2831 2440 2904 aliquid
2483 2831 2628 2885 dare.
2668 2832 2789 2884 Hoc

527 2931 706 2989 aperte
740 2918 1104 2971 demonstrans
1149 2918 1436 2970 Dominum
1478 2929 1531 2970 et
1562 2917 1762 2971 victum
1802 2930 1855 2970 et
1890 2918 2135 2970 vestitum
2167 2916 2471 2988 discipuliS‚
2520 2928 2575 2970 et
2609 2914 2790 2986 egenis

528 3003 910 3075 eleemosynam
945 3022 1041 3075 per
1074 3021 1421 3056 oeconomum
1454 3021 1783 3072 procurasse.
1812 3001 1975 3069 Quod
2005 3001 2231 3073 apostoli
2255 3000 2386 3054 boni
2417 3000 2649 3070 magistri
2673 2999 2783 3052 imi-

528 3098 697 3139 tantes
730 3087 1058 3157 exemplum,
1097 3098 1219 3157 post
1249 3086 1416 3138 sancti
1446 3085 1675 3157 Spiritus
1707 3085 1908 3139 donum
1946 3084 2031 3137 die
2068 3095 2402 3156 pentecostes
2436 3083 2655 3136 caelitus
2683 3082 2788 3134 illis

529 3170 775 3222 collatum
794 3210 806 3232 ‚
846 3171 902 3221 in
927 3170 1194 3240 primitiva
1225 3169 1441 3222 ecclesia
1471 3169 1639 3222 facere
1669 3169 2021 3231 studuerunt,
2050 3167 2271 3240 quando
2303 3166 2368 3220 de
2392 3166 2621 3238 pecunia
2644 3183 2785 3236 quae

529 3263 650 3304 ante
686 3252 848 3323 pedes
886 3253 1213 3323 ponebatur,
1254 3251 1592 3305 dividebatur
1625 3252 1847 3323 singulis
1880 3263 2043 3324 prout
2076 3251 2272 3322 cuique
2304 3268 2440 3321 opus
2477 3259 2608 3302 erat.
2649 3249 2787 3300 Pau-

529 3336 611 3386 lus
646 3354 771 3387 vero
809 3335 1019 3387 divinus
1056 3337 1325 3408 apostolus
1362 3335 1591 3388 ecclesiis
1620 3354 1687 3389 ex
1723 3335 1998 3406 gentibUS,
2037 3352 2170 3405 quas
2202 3332 2482 3406 parturivit
2517 3330 2782 3394 Domino,

529 3418 763 3487 epistolis
800 3417 1012 3470 mandat
1044 3431 1105 3471 ut
1137 3438 1235 3492 per
1269 3438 1431 3472 unam
1460 3418 1667 3471 sabbati
1703 3418 1947 3470 collectas
1984 3417 2178 3469 faciant
2197 3456 2212 3480 ,
2245 3426 2307 3467 ut
2342 3414 2611 3484 refrigeria
2645 3431 2786 3465 sum-

528 3513 717 3571 ptuum
747 3501 1079 3554 mitterentur
1110 3503 1302 3577 sanctis
1333 3503 1428 3574 qui
1461 3513 1610 3555 erant
1646 3502 1703 3554 in
1739 3499 2088 3553 Hierusalem.

635 3585 720 3636 25.
736 3579 815 3634 *Et
837 3583 958 3635 licet
983 3604 1203 3654 magnus
1227 3586 1293 3638 sit
1329 3586 1535 3638 fructus
1572 3585 1931 3656 eleemosynae
1947 3623 1963 3648 ‚
1991 3595 2044 3636 et
2077 3582 2328 3636 omnibus
2348 3579 2620 3653 proficuus
2645 3577 2783 3631 chri-

529 3668 741 3730 stianiS,
776 3668 1060 3738 praecipue
1093 3681 1267 3722 tamen
1295 3669 1556 3740 episcopis
1588 3680 1664 3721 est
1698 3669 1773 3722 ,ita
1806 3668 2089 3740 proprius,
2127 3677 2190 3719 ut
2222 3666 2317 3736 qui
2354 3664 2634 3736 episcopus
2665 3670 2779 3729 est,

529 3762 581 3801 et
610 3761 771 3820 prout
798 3751 932 3801 vires
964 3751 1208 3803 ecclesiae
1242 3763 1564 3823 suppetunt,
1601 3752 1727 3804 huic
1755 3750 2054 3823 operationi
2084 3767 2195 3803 non
2230 3746 2437 3812 studet,
2471 3763 2583 3798 non
2607 3742 2778 3796 solum

530 3850 639 3887 esse
679 3832 768 3885 sed
805 3851 900 3884 nec
936 3831 1040 3885 dici
1077 3832 1294 3903 quidem
1332 3834 1529 3906 poterit
1569 3834 1871 3906 episcopus.
1914 3834 2076 3888 Curet
2110 3849 2235 3904 ergo
2272 3829 2683 3903 episcopu3‚.ut
2712 3825 2784 3879 si-
