2944 4426
872 335 1388 406 mmmmm&
1427 334 2063 408 Pacemne-awo

431 567 469 613 1.
495 516 607 612 De
630 578 870 611 sacrorum
893 561 1130 609 librorum
1153 559 1437 617 obscuritate
1456 559 1620 623 (quam
1643 560 1693 606 in
1716 561 1959 624 prophetis
1982 564 2231 626 praecipue
2258 567 2510 629 comperiri
2529 581 2604 616 ne-

335 659 460 691 cesse
484 642 584 705 est)
613 641 950 703 Polychronius
974 638 1233 702 apamensis
1256 638 1504 700 episcopus
1527 636 1671 684 breve
1703 638 1818 684 olim
1843 640 2098 702 capitulum
2124 642 2335 703 scripsit,
2362 643 2493 704 quod
2515 659 2604 692 nos

335 722 387 769 in
421 721 742 783 antiquissimo
775 717 936 765 codice
970 717 1184 764 vaticano
1217 713 1544 769 observatum,
1572 723 1618 761 et
1643 730 1670 762 a
1693 715 1861 763 Photio
1894 718 2032 764 etiam
2058 718 2178 764 inter
2209 719 2604 781 amphilochianas

335 799 630 863 quaestiones
655 812 770 860 quas
788 795 1022 843 edidimus
1047 794 1247 840 relatum
1262 828 1273 848 ‚
1303 802 1408 840 ante
1429 793 1519 839 hos
1542 807 1691 839 annos
1714 794 1763 839 in
1789 795 2080 858 Scriptorum
2103 805 2314 843 veterum
2338 800 2492 860 primo
2514 814 2603 846 vo-

334 877 513 924 lumine
537 876 889 923 collocavimus.
917 874 1067 929 Quam
1092 887 1218 918 nunc
1242 886 1342 938 rem
1377 885 1747 918 commemorare
1780 888 1877 918 non
1911 872 1999 919 fuit
2023 874 2189 920 inutile
2205 909 2216 928 ,
2244 883 2297 921 ut
2319 876 2469 922 maior
2492 876 2604 924 hinc

335 954 439 1001 laus
464 954 522 1001 ad
549 952 844 1015 Polychronii
873 950 1067 997 fratrem
1089 948 1389 996 Theodorum
1416 956 1632 995 nostrum
1657 959 2040 1012 mopsuestenum
2066 951 2324 1006 redundet,-
2355 954 2486 1002 cuius
2508 961 2607 1000 tam

335 1031 526 1094 planam
561 1039 751 1091 tamque
784 1028 1077 1091 perspicuam
1103 1025 1444 1089 prophetarum
1467 1026 1708 1072 minorum
1731 1027 2163 1090 interpretationem
2187 1028 2424 1075 efferimus
2440 1065 2451 1083 ,
2485 1045 2606 1092 quo—

337 1124 446 1156 rum
481 1107 759 1170 plerumque
792 1105 997 1152 elocutio
1015 1139 1026 1158 ‚
1055 1104 1092 1150 si
1116 1103 1244 1150 nuda
1267 1111 1502 1166 spectetur
1519 1137 1531 1158 ,
1560 1115 1708 1165 paene
1734 1119 1845 1166 prae
1870 1105 2033 1151 ceteris
2058 1114 2375 1152 sacrosanctae
2405 1108 2609 1169 scriptu-

336 1202 417 1233 rae
444 1183 714 1232 auctoribus
738 1180 1035 1229 obscuritatis
1068 1180 1265 1243 caligine
1298 1181 1450 1242 premi
1473 1179 1675 1226 videtur.
1702 1183 1760 1228 Et
1782 1182 2088 1230 nihilominus
2110 1183 2370 1230 luminosus
2393 1184 2512 1231 adeo
2535 1187 2608 1232 vir

336 1263 610 1311 Theodorus
633 1261 810 1308 librum
841 1261 941 1322 ipse
973 1273 1164 1321 quoque
1194 1258 1253 1304 de
1285 1256 1486 1305 obscura
1509 1258 1746 1306 locutione
1773 1258 2055 1322 (bibliorum
2081 1269 2131 1307 ut
2155 1261 2293 1324 puto)
2321 1263 2608 1325 conscripse-

337 1350 434 1396 rat,
454 1340 514 1387 ab
538 1338 766 1386 Ebediesu
788 1339 838 1384 in
864 1337 1075 1398 catalogo
1100 1351 1187 1382 suo
1210 1344 1522 1382 memoratum
1538 1370 1549 1389 ‚
1576 1351 1673 1397 quo
1698 1338 1872 1399 scripto
1896 1337 2028 1384 fratri
2053 1353 2137 1386 suo
2161 1339 2475 1400 Polychronio
2502 1355 2611 1402 sup-

338 1420 485 1483 petias
507 1418 702 1464 fortasse
737 1414 931 1462 ferebat.
970 1414 1059 1460 Sed
1084 1429 1241 1460 nonne
1262 1429 1401 1468 vero,
1430 1413 1554 1460 dicet
1578 1414 1744 1476 aliquis
1765 1448 1776 1468 ,
1804 1414 1919 1461 aliae
1942 1417 2079 1462 etiam
2106 1424 2261 1462 extant
2285 1415 2344 1462 ad
2370 1415 2457 1462 hos
2490 1416 2610 1463 sale-

337 1495 506 1542 brosos
531 1493 783 1557 prophetas
807 1491 1186 1554 explanationes?
1210 1491 1376 1536 Extant
1399 1506 1533 1545 sane,
1561 1499 1612 1537 ut
1637 1490 1813 1553 publici
1838 1490 1948 1537 libri
1973 1492 2170 1545 docent,
2197 1500 2342 1555 utque
2376 1492 2488 1539 alias
2521 1508 2610 1540 no-

337 1573 550 1619 minatim
576 1571 821 1622 recensui;
858 1569 1124 1629 mirumque
1157 1575 1227 1613 est
1259 1568 1390 1628 quod
1424 1569 1547 1615 intra
1579 1569 1916 1631 quinquaginta
1951 1570 2133 1616 circiter
2157 1585 2326 1624 annos,
2353 1585 2522 1633 nempe
2546 1569 2609 1618 ab

339 1658 547 1696 extrema
572 1646 744 1692 saeculi
768 1645 923 1706 quarti
946 1652 1103 1705 parte,
1132 1643 1190 1689 ad
1217 1644 1425 1690 medium
1449 1644 1546 1692 fere
1569 1646 1806 1692 saeculum
1831 1647 2048 1708 quintum
2068 1646 2219 1709 (quod
2243 1647 2400 1694 hercle
2426 1647 2609 1695 doctius

339 1724 559 1770 ecclesiae
583 1737 751 1769 aevum
775 1720 882 1782 fuit)
915 1720 1176 1767 floruerunt
1202 1719 1480 1769 nobilissimi
1505 1723 1842 1784 prophetarum
1866 1725 2038 1771 horum
2061 1726 2340 1786 interpretes
2361 1725 2609 1773 Theodoro

339 1809 503 1848 nostro
537 1799 916 1861 contemporanei
946 1800 989 1844 1.
1017 1798 1063 1843 S.
1092 1798 1423 1859 Hieronymus.
1452 1802 1501 1846 2.
1530 1798 1725 1847 Rufinus
1748 1836 1759 1855 ‚
1787 1810 1839 1848 ut
1861 1802 2005 1864 vulgo
2040 1803 2088 1848 in
2114 1802 2353 1849 codicibus
2383 1801 2610 1865 librisque

339 1877 576 1925 scribitur.
615 1878 663 1923 3.
703 1878 747 1924 S.
777 1875 976 1937 Cyrillus
1011 1874 1356 1923 alexandrinus.
1396 1877 1444 1923 4.
1481 1877 1818 1925 Theodoretus.
1857 1881 2039 1925 Horum
2074 1881 2267 1941 inquam
2301 1881 2514 1925 omnium
2547 1881 2610 1927 vi·

339 1952 505 2000 demus
531 1954 653 2014 typis
679 1953 931 2014 impressos
953 1952 1216 1998 luculentos
1239 1955 1623 2009 commentarios,
1655 1970 1775 2017 quos
1805 1971 1913 2002 cum
1937 1959 2264 2019 Mopsuesteno
2297 1964 2459 2002 nostro
2494 1971 2609 2003 con—

326 2028 490 2084 'ferre,
518 2028 720 2092 perutile
743 2029 1096 2091 iucundumque
1121 2029 1284 2076 lectori
1308 2030 1412 2077 fore
1436 2040 1580 2093 puto:
1617 2031 1788 2094 quibus
1821 2049 1908 2095 ego
1941 2035 2026 2079 etsi
2060 2034 2175 2079 nihil
2200 2034 2444 2080 detrahere
2468 2033 2605 2089 volo,

338 2108 414 2154 aio
448 2107 753 2153 nihilominus
787 2114 1002 2153 nostrum
1036 2106 1163 2170 hunc
1195 2107 1345 2154 videri
1371 2107 1605 2155 scribendi
1639 2118 1738 2156 arte
1762 2125 1856 2156 non
1879 2111 2170 2164 inferiorem,
2198 2110 2498 2173 limpitudine
2523 2125 2607 2157 au-

340 2196 436 2234 tem
476 2194 522 2232 et
561 2182 763 2231 naturali
805 2183 1008 2246 quadam
1049 2166 1268 2230 facilitate
1309 2199 1459 2246 prope
1502 2186 1770 2247 gratiorem.
1808 2188 2009 2234 Felicem
2051 2204 2212 2234 rursus
2247 2195 2442 2234 aetatem
2475 2188 2609 2235 illam

340 2263 587 2328 praedico,
624 2277 744 2324 quae
778 2269 964 2324 praeter
998 2261 1084 2308 hos
1117 2262 1350 2323 quinque,
1388 2262 1496 2308 tulit
1528 2271 1575 2309 et
1610 2264 1725 2310 alios
1750 2280 1875 2311 nunc
1899 2265 2169 2327 deperditos
2192 2265 2468 2311 eorumdem
2492 2281 2605 2328 pro-

297 2367 302 2373 ·
342 2343 588 2406 phetarum
619 2341 919 2401 interpretes,
957 2339 1130 2386 scilicet
1163 2339 1446 2402 Didymum,
1474 2349 1590 2388 teste
1623 2343 1914 2404 Hieronymo
1940 2343 1999 2389 de
2023 2344 2112 2390 vir.
2140 2344 2210 2389 ill.
2239 2359 2280 2389 c.
2313 2345 2424 2397 109;
2460 2343 2610 2405 Chry-

340 2428 625 2472 sostomum,
652 2426 792 2478 quem
820 2431 867 2463 se
891 2415 1056 2478 legisse
1081 2417 1141 2463 ait
1164 2418 1213 2463 in
1238 2417 1527 2479 praefatione
1551 2434 1634 2465 sua
1657 2419 1875 2474 Rufinus,
1906 2421 2172 2482 pariterque
2196 2420 2502 2482 Ephraemius
2527 2435 2611 2468 an-

340 2496 584 2543 tiochenus
617 2493 743 2556 apud
783 2493 1000 2540 Photium
1042 2493 1178 2556 (cod.
1213 2495 1322 2543 129.
1351 2494 1428 2542 ed.
1457 2511 1507 2558 p.
1539 2495 1706 2559 820.);
1733 2497 1988 2543 Eudociam
2013 2497 2215 2558 denique
2246 2505 2488 2559 augustam
2509 2532 2520 2551 ‚
2560 2506 2612 2544 ut

338 2574 466 2621 idem
492 2573 541 2619 in
569 2571 727 2619 codice
758 2571 864 2617 184.
885 2570 1026 2618 tradit
1050 2571 1257 2619 Photius.
1280 2572 1419 2628 Quod
1444 2574 1482 2619 si
1506 2589 1616 2620 vera
1640 2583 1707 2620 est
1733 2576 1997 2637 parisiensis
2021 2575 2195 2621 codicis
2216 2576 2323 2621 142.
2347 2576 2608 2638 inscriptio,

338 2652 452 2699 latet
476 2649 543 2697 ibi
568 2650 725 2696 coaevi
752 2648 1000 2711 praedictis
1017 2649 1264 2712 Epiphanii
1288 2651 1336 2696 in
1362 2650 1628 2698 Nahumum
1654 2653 2000 2699 commentatio.
2029 2655 2146 2699 Nam
2172 2653 2412 2699 cuiusnam
2438 2653 2612 2700 saeculi

337 2730 486 2776 homo
517 2729 557 2774 is
591 2727 731 2773 fuerit
752 2727 919 2780 ,cuius
952 2742 1039 2773 nos
1072 2727 1188 2774 olim
1221 2727 1482 2790 fragmenta
1516 2729 1606 2776 tria
1638 2731 1934 2776 recitavimus
1961 2730 2158 2793 (Script.
2181 2738 2275 2798 vet.
2305 2731 2405 2776 Vll.
2426 2745 2475 2792 p.
2499 2730 2611 2792 68.)

338 2806 431 2853 hoc
454 2805 614 2852 titulo:
650 2799 842 2862 Ἐβὶωνος
881 2804 921 2851 ἐκ
954 2807 1027 2858 τῆς
1058 2801 1145 2870 περὶ
1177 2809 1379 2873 προφητῶν
1413 2804 1659 2872 ἐξηγήσεως,
1685 2805 1885 2856 Ebiom's
1909 2825 1973 2853 εσυ
1996 2805 2304 2853 enarratione
2334 2805 2385 2852 in
2404 2805 2611 2871 prophe·
2690 2837 2694 2845 ·

340 2894 442 2936 tas,
472 2901 568 2932 non
595 2885 727 2932 facile
750 2886 1026 2934 definietur:
1051 2889 1226 2934 etenim
1250 2889 1299 2935 in
1322 2888 1483 2936 codice
1504 2888 1654 2936 nobili
1677 2888 1911 2940 vaticano,
1939 2902 2079 2947 quem
2104 2887 2275 2932 iterum
2299 2885 2606 2947 inspeximus,

342 2961 560 3010 scribitur
592 2964 834 3027 perspicue
854 2956 1049 3019 Ἑβίωνος
1070 2999 1084 3020 .,
1111 2965 1175 3012 ita
1208 2973 1262 3012 ut
1294 2966 1597 3028 cogitandum
1621 2966 1835 3014 videatur
1864 2964 1924 3011 de
1954 2963 2132 3010 Ebione
2157 2964 2376 3010 Iohannis
2406 2963 2607 3024 apostoli

343 3046 750 3102 contemporaneo.
788 3043 906 3089 Sane
940 3041 1194 3098 Ebionaei,
1231 3053 1423 3091 auctore
1447 3044 1717 3091 authentico
1743 3043 2004 3106 Epiphanio
2030 3041 2191 3104 (haer.
2221 3043 2363 3087 XXX.
2396 3039 2508 3102 18.)
2536 3055 2612 3087 ce-

344 3119 471 3158 teros
503 3117 755 3179 prophetas
788 3120 1098 3175 detestantes,
1137 3136 1284 3168 unum
1317 3120 1554 3168 Christum
1588 3119 1897 3183 agnoscebant
1933 3119 2211 3182 prophetam
2231 3153 2243 3173 ,
2281 3118 2340 3164 de
2374 3133 2470 3180 quo
2511 3132 2608 3164 uno

345 3202 505 3250 reapse
527 3193 613 3238 tria
635 3195 717 3242 illa
740 3195 1002 3258 fragmenta
1028 3197 1305 3260 loquuntur.
1334 3199 1394 3245 At
1416 3214 1533 3246 vero
1556 3197 1771 3245 Labheus
1799 3197 2060 3261 (conspect.
2093 3211 2173 3258 op.
2197 3197 2407 3241 Damasc.
2429 3210 2478 3257 p.
2501 3193 2607 3255 50.)

343 3263 530 3326 legebat
562 3267 610 3313 in
643 3271 802 3319 codice
835 3273 1066 3334 gallicano
1097 3269 1321 3330 Εὐβίωνσς·
1355 3277 1468 3323 Utra
1501 3275 1641 3322 lectio
1676 3276 1733 3322 sit
1766 3276 1922 3323 verior
1945 3309 1957 3328 ‚
1994 3276 2115 3320 Deus
2149 3275 2262 3327 scit;
2299 3272 2381 3319 sed
2405 3280 2529 3318 certe
2562 3279 2610 3318 et

343 3341 529 3388 Eubion
563 3345 780 3406 antiquus
811 3349 955 3397 homo
990 3351 1111 3408 fuit,
1134 3353 1522 3416 quandoquidem
1555 3354 1821 3400 Anastasius
1855 3351 2125 3416 presbyter,
2151 3351 2274 3413 apud
2310 3365 2450 3411 quem
2483 3349 2609 3410 frag-

339 3427 500 3465 menta
531 3419 611 3466 illa
645 3430 824 3470 servata
856 3435 988 3481 sunt,
1017 3429 1077 3475 ad
1109 3431 1262 3493 prisca
1296 3430 1480 3478 saecula
1515 3431 1738 3493 pertinet,
1767 3445 1853 3476 nec
1887 3429 1983 3475 fere
2016 3430 2344 3490 Mopsuesteno
2378 3426 2607 3472 recentior

342 3495 622 3544 iudicandus
655 3506 740 3544 est.
776 3500 1021 3551 Anastasio
1052 3515 1209 3567 autem
1243 3516 1666 3570 contemporaneus
1700 3507 1787 3553 fuit
1813 3506 2099 3568 Hesychius,
2128 3505 2259 3552 cuius
2280 3503 2454 3550 multae
2477 3517 2610 3565 spar-

344 3573 433 3618 sim
468 3573 529 3620 ad
564 3574 814 3637 prophetas
847 3577 1167 3630 adnotationes
1198 3585 1249 3630 in
1281 3585 1503 3631 vaticanis
1537 3583 1776 3631 codicibus
1810 3583 1972 3630 latent.

442 3650 501 3696 11.
539 3652 868 3700 Verumtamen
891 3663 944 3701 ut
969 3656 1029 3703 ad
1061 3659 1443 3722 Mopsuestenum
1466 3670 1680 3708 nostrum
1705 3661 1978 3715 redeamus,
2006 3658 2209 3706 hominis
2243 3657 2433 3720 quidem
2462 3655 2609 3702 histo-

343 3726 463 3773 riam
486 3763 498 3783 2
535 3736 634 3777 tota
668 3732 939 3793 antiquitate
973 3741 1018 3779 et
1052 3738 1325 3797 praesertim
1358 3738 1408 3784 in
1441 3739 1621 3786 oriente
1654 3739 1912 3801 famigerati
1932 3773 1944 3792 ‚
1984 3738 2033 3783 in
2073 3737 2162 3784 alia
2198 3751 2284 3783 nos
2317 3736 2607 3797 Scriptorum

344 3804 621 3855 collectione
654 3809 706 3856 T.
742 3809 819 3856 VI.
861 3807 1274 3871 adumbravimus,
1311 3814 1465 3878 deque
1508 3814 1743 3864 librorum
1782 3815 1880 3864 eius
1918 3813 2218 3863 multitudine
2238 3849 2251 3871 ,
2294 3812 2471 3859 meritis
2498 3845 2511 3866 ‚
2554 3825 2608 3856 ac

2464 3886 2482 3904 η
