2996 4432
1243 237 1494 288 'nomzoms.
2344 258 2347 261 ’
2453 241 2515 288 57

241 344 480 400 cundum
512 344 716 404 Deum,
757 336 867 390 sive
894 333 1187 389 secundum
1223 333 1488 387 saeculum
1508 332 1630 385 ..sint
1662 351 1827 404 opera
1853 351 1992 405 quae
2028 333 2288 404 inmugit,
2318 332 2513 388 discer-

244 441 338 482 nat
362 441 414 482 et
438 411 726 498 temperet,
755 421 994 491 cogitans
1029 417 1469 489 disceptationem
1493 416 1517 440 ⁴‘
1542 415 1710 468 sancti
1735 417 1894 469 Iacob
1928 415 2152 469 dicentis
2179 419 2227 470 *ε
2268 419 2318 471 si
2341 438 2512 490 greges
2561 419 2845 493 :figflixiaffclsslisss

250 531 388 564 meos
412 511 548 583 plus
582 508 642 560 in
672 501 1010 557 ambulando
1032 504 1215 572 fecero
1252 501 1518 563 laborare,
1563 501 1859 552 morientur·
1890 502 2073 553 cuncti
2101 521 2217 554 una
2250 502 2352 554 die.
2394 504 2512 556 Hoc
2560 497 2641 519 Μ’·

243 614 372 666 ergo
397 605 560 664 atque
586 589 687 643 alia
720 587 1023 641 testimonia
1059 585 1394 639 discretionis
1429 584 1609 636 matris
1648 584 1908 635 virtutum
1946 602 2186 647 sumem,
2227 586 2303 638 sie
2334 588 2512 639 omnia

243 687 500 749 temperet
516 715 530 738 ,
558 684 620 726 ut
643 683 695 725 et
720 671 881 723 fortes
906 671 972 723 sit
997 668 1146 741 quod
1183 668 1430 739 cupiant,
1468 665 1742 719 et‘infirmi
1774 684 1885 718 non
1910 666 2203 736 refugiant:
2236 679 2288 720 et
2315 670 2511 740 praeci-

245 777 353 830 pue
381 770 442 810 ut
464 766 791 828 praesentem
814 752 1049 823 regulam
1079 752 1137 803 in
1169 751 1416 804 omnibus
1440 759 1749 813 conservet3
1779 759 1838 800 ut
1863 747 1990 800 dum
2017 749 2154 802 bene
2183 751 2509 804 ministrave-

245 843 333 907 rit,
363 840 545 893 audiat
568 859 599 891 a
621 838 855 891 Domino
887 835 1036 908 quod
1063 853 1242 888 servus
1263 834 1440 886 bonus
1465 832 1559 904 qui
1583 831 1819 902 erogavit
1848 831 2078 883 triticum
2111 835 2376 887 conservis
2400 836 2509 887 suis

244 925 302 976 in
329 936 566 995 tempore
596 940 727 975 suo:
756 939 916 973 amen
942 919 1060 971 dico
1091 918 1257 980 vobis,
1297 935 1460 988 super·
1491 915 1680 968 omnia
1712 915 1855 967 bona
1879 933 1983 967 sua
2012 917 2298 969 constituet
2326 936 2446 970 eum
2461 919 2503 970 '‘.
2555 924 2700 990 {gumh-
2728 927 2840 960 XXIV·

1042 1003 1123 1053 De
1160 1011 1340 1053 sancta
1375 999 1694 1070 virginitate.

360 1091 477 1142 125.
519 1089 717 1141 Bonizo
755 1087 1055 1158 episcopus.
1086 1086 1148 1137 In
1183 1084 1349 1137 veteri
1385 1093 1699 1135 testamento
1735 1081 1959 1133 Mariam
1995 1099 2231 1135 sororem
2262 1083 2433 1156 Moysi
2458 1097 2511 1139 et
2556 1101 2781 1135 cod.r.⁵1.b.

245 1173 428 1225 Aaron
464 1172 654 1224 ducem
688 1168 847 1223 fuisse
883 1168 1072 1240 populi
1106 1166 1305 1219 Isrhael
1341 1166 1560 1236 legimus
1583 1177 1637 1218 et
1659 1164 1943 1230 caelibem3
1972 1183 2196 1237 eamque
2232 1168 2511 1222 Pharaone

246 1255 520 1308 submerso
557 1273 677 1307 cum
714 1252 960 1306 curribus
984 1262 1037 1304 et
1060 1249 1329 1322 equitibus
1355 1250 1464 1301 suis
1489 1249 1546 1301 in
1570 1249 1729 1313 mari,
1757 1258 2053 1300 sumentem
2081 1259 2391 1320 tympanum
2426 1252 2511 1305 he-

243 1340 428 1392 braeas
452 1339 694 1390 mulieres
718 1353 1031 1408 provocasse
1055 1326 1124 1387 ad
1141 1344 1398 1387 cantum:
1428 1333 1530 1385 hoc
1555 1331 1962 1403 praefigurando
1988 1332 2139 1404 quod
2162 1333 2321 1387 beata
2346 1335 2523 1389 Maria

243 1423 342 1476 Dei
370 1434 421 1475 et
444 1417 673 1474 hominis
698 1419 948 1491 genitrice
980 1417 1194 1490 praevia
1210 1457 1224 1480 ‚
1262 1416 1483 1468 transito
1515 1415 1647 1466 mari
1680 1414 1848 1466 rubro
1864 1455 1878 1478 ,
1917 1433 2042 1468 vero
2076 1416 2351 1470 Pharaone
2384 1419 2511 1471 sub-

243 1525 414 1559 merso
440 1525 561 1558 cum
585 1503 790 1569 incoliS‚
810 1502 1142 1574 vespertinus
1167 1500 1401 1572 populus
1426 1517 1542 1550 sero
1567 1496 1768 1549 felicior
1792 1516 1940 1560 aem,
1963 1496 2179 1568 pulsans
2197 1510 2511 1571 tympanum

243 1588 299 1640 id
325 1601 403 1642 est
426 1587 747 1640 mortificans
773 1604 983 1639 earnem
1008 1603 1156 1637 suam
1180 1602 1301 1636 cum
1326 1582 1466 1635 vitiis
1490 1592 1542 1634 et
1564 1581 2024 1652 concupiscentiis,
2044 1593 2219 1635 cantat
2248 1585 2511 1637 canticum

242 1673 457 1724 Domini
481 1672 537 1722 in
563 1669 775 1722 chordis
801 1681 853 1722 et
878 1687 1100 1738 organo,
1123 1677 1175 1720 et
1199 1685 1310 1718 non
1335 1666 1392 1716 in
1416 1675 1558 1717 terra
1582 1664 1768 1716 aliena.
1790 1664 1856 1715 Et
1879 1664 2001 1716 licet
2024 1665 2083 1716 in
2107 1666 2370 1719 caelibatu
2389 1668 2511 1721 fuis-

243 1773 298 1807 se
322 1753 711 1826 legaturMaria
729 1794 741 1818 ,
770 1753 884 1823 lege
914 1762 1091 1803 tamen
1123 1750 1294 1831 Moysi
1328 1749 1526 1801 steriles
1553 1748 1654 1800 sub
1681 1746 1958 1800 maledicto
1987 1766 2096 1801 esse
2130 1761 2182 1801 et
2211 1752 2508 1822 opprobrio

243 1838 533 1901 notabileS,
576 1837 672 1907 qui
709 1835 900 1888 veteris
935 1833 1271 1886 instrumenti
1304 1831 1491 1901 legerit
1524 1831 1773 1901 paginaS,
1810 1831 2083 1901 intelliget.
2117 1833 2180 1883 In
2206 1852 2345 1886 novo
2382 1853 2508 1888 vero

243 1932 554 1973 testamento
579 1920 820 1972 Christus
852 1918 1075 1970 caelibes
1112 1917 1421 1987 angelorum
1456 1915 1559 1967 vita
1585 1915 1762 1968 vivere
1799 1915 1858 1966 in
1882 1916 2150 1985 evangelio
2182 1928 2403 1970 testatur
2427 1918 2508 1971 di-

239 2023 369 2058 cens
396 2005 438 2055 ⁴³:
481 2003 578 2074 qui
614 2022 724 2055 non
763 2002 967 2053 nubent
1002 2017 1170 2070 neque
1207 1999 1504 2060 nubentur,
1548 2009 1680 2050 sunt
1713 1998 1875 2068 quasi
1914 1999 2098 2069 angeli
2141 2001 2250 2052 Dei
2288 2001 2347 2052 in
2393 2021 2508 2054 cae·
2554 2013 2837 2048 *matth-xmae.

247 2089 318 2139 lo.
347 2089 414 2139 Et
456 2098 518 2138 ut
560 2084 863 2138 ostenderet
910 2085 968 2135 in
1010 2094 1138 2136 voto
1185 2100 1297 2134 esse
1332 2100 1446 2134 non
1481 2082 1539 2133 in
1573 2092 1890 2152 praecepto,
1931 2081 2123 2134 adiecit
2159 2082 2339 2136 dicens
2358 2085 2412 2136 *z
2458 2098 2508 2137 et
2554 2100 2780 2132 'matth-xm.
2793 2106 2837 2131 12-

241 2182 374 2223 sunt
407 2168 672 2241 spadones
707 2168 804 2239 qui
844 2186 899 2218 se
941 2167 1083 2238 ipsos
1126 2174 1486 2217 castraverunt
1518 2174 1741 2235 propter
1780 2182 2000 2234 regnum
2047 2165 2336 2219 caelorum.
2392 2168 2510 2238 Qui

236 2265 412 2326 potest
446 2270 630 2324 capere
664 2251 866 2322 capiat.
908 2250 1084 2316 Quam
1118 2266 1302 2300 vocem
1338 2248 1593 2300 ferentem
1616 2247 1776 2299 vitam
1803 2258 2094 2314 aeternam,
2123 2261 2246 2319 post
2270 2251 2383 2303 eius
2407 2252 2511 2323 glo-

243 2338 436 2388 riosam
476 2334 831 2387 ascensionem
867 2333 1019 2384 multi
1054 2331 1284 2402 religiosi
1309 2342 1415 2383 tam
1439 2331 1540 2383 viri
1566 2349 1729 2400 quam
1754 2332 1998 2384 mulieres
2023 2333 2368 2397 aemulanteS,
2398 2354 2513 2388 non
2580 2330 2583 2334 ¹

240 2419 350 2471 suis
389 2417 590 2469 viribus
626 2416 719 2469 sed
756 2415 856 2468 Dei
891 2415 1086 2467 virtute
1130 2414 1345 2480 confisi,
1393 2413 1747 2485 virginitatem
1791 2405 1982 2467 vorere
2027 2414 2407 2470 decreverunt:
2458 2430 2513 2471 et

243 2519 414 2572 usque
451 2499 519 2551 ad
555 2497 889 2552 Constantini
924 2508 1164 2568 tempora
1199 2515 1312 2550 non
1349 2496 1643 2549 solumviri
1666 2498 1879 2550 maioris
1903 2497 2224 2565 conditionis
2248 2512 2301 2553 et
2325 2519 2509 2565 sexuS,

240 2583 334 2636 sed
354 2584 509 2636 etiam
530 2583 752 2635 feminae
777 2582 834 2634 in
858 2581 1029 2652 fragili
1048 2600 1199 2644 sexu,
1223 2580 1423 2652 duplex
1447 2582 1758 2652 martyrium
1776 2600 1889 2634 non
1914 2582 2187 2635 horruere.
2211 2585 2290 2636 Ex
2314 2585 2513 2655 quibus

241 2668 467 2731 Thecla,
507 2666 743 2737 magistri
778 2665 1013 2735 gentium
1049 2663 1335 2735 discipula,
1375 2683 1478 2735 pro
1515 2665 1711 2717 Christi
1736 2660 1952 2717 nomine
1988 2666 2158 2736 prima
2202 2668 2512 2739 martyrium

239 2751 498 2822 suscepit,
539 2748 777 2820 quamvis
811 2747 1086 2799 tormentis
1126 2747 1285 2798 vitam
1322 2766 1434 2799 non
1470 2747 1660 2799 finivit.
1703 2747 1878 2813 Quam
1917 2748 2180 2802 imitantes
2203 2768 2316 2825 non
2340 2750 2510 2802 solum

241 2833 495 2904 virgineS,
531 2830 624 2883 sed
658 2842 710 2882 et
734 2831 1044 2900 coniugatae
1081 2841 1134 2881 et
1168 2827 1385 2892 viduae,
1419 2830 1800 2901 persecutionis
1834 2842 2073 2902 tempore
2108 2843 2371 2887 tormenta
2406 2851 2508 2906 pro

240 2916 437 2969 Christi
461 2915 674 2967 nomine
699 2924 1136 2983 contempnentes
1152 2952 1166 2975 ,
1195 2912 1510 2966 validissime
1534 2914 1797 2984 populum
1821 2914 1919 2966 Dei
1943 2915 2353 2970 consolidavere.
2378 2918 2511 2972 Red-

243 2999 352 3051 dita
391 3016 519 3051 vero
555 3015 688 3069 pace
723 2996 1000 3060 ecclesiae,
1047 3006 1340 3067 coeperunt
1374 3006 1481 3047 tam
1517 2996 1753 3048 virorum
1790 3016 1951 3068 quam
1987 2999 2266 3051 mulierum
2307 3001 2511 3055 habita-

242 3083 360 3134 cula
395 3081 540 3146 fieri,
567 3092 642 3132 ·ut
676 3081 733 3132 in
770 3097 1049 3131 commune
1084 3078 1345 3141 viventeS,
1385 3079 1651 3131 saeculum
1688 3091 1741 3132 et
1775 3099 1998 3151 pompas
2021 3082 2133 3134 eius
2162 3097 2505 3154 respuentes,

243 3164 552 3235 angelorum
588 3163 746 3214 vitam
782 3163 1056 3214 actitarent
1092 3162 1149 3213 in
1185 3162 1355 3214 terris,
1397 3163 1523 3214 Post
1558 3164 1836 3215 transitum
1872 3182 1999 3216 vero
2033 3164 2174 3218 beati
2209 3166 2505 3233 Benedicti,

241 3247 392 3299 multi
416 3247 516 3298 sub
541 3246 654 3297 eius
679 3245 860 3315 regula
884 3245 1060 3296 vivere
1084 3243 1462 3309 decreverunt3
1502 3264 1625 3298 nam
1650 3257 1804 3298 antea
1820 3286 1833 3311 ‚
1863 3257 2163 3320 sanctorum
2186 3259 2424 3321 patrum,
2452 3251 2510 3303 in

241 3330 458 3402 privatis
494 3328 772 3390 domibus,
811 3326 1235 3379 institutionibus
1270 3326 1606 3398 regebantur.

223 3462 378 3513 ¹Post
418 3459 726 3512 Innocentii
759 3459 881 3510 ΡΡ.
923 3457 1098 3520 verba,
1131 3457 1278 3529 quod
1296 3458 1753 3522 sanctimonialis,
1798 3480 1936 3532 quae
1970 3480 2024 3514 se
2059 3463 2497 3535 coinquinaverit,

347 3561 459 3595 non
489 3553 666 3613 potest
702 3542 838 3593 iuste
858 3541 1161 3612 paenitere,
1207 3541 1319 3593 nisi
1343 3553 1618 3614 corruptor
1639 3543 1938 3597 monachus
1963 3546 2264 3616 efficiatur,
2298 3546 2504 3598 Bonizo

346 3625 425 3677 sic
459 3624 704 3676 adnotat.

356 3742 471 3794 126.
506 3742 609 3794 Hic
631 3741 816 3794 titulus
840 3740 1050 3794 videtur
1073 3741 1201 3795 mihi
1225 3743 1606 3798 retractandus.
1630 3746 1857 3799 Possunt
1874 3747 2015 3800 enim
2034 3746 2102 3800 ad
2125 3745 2505 3819 paenitentiam
2551 3765 2620 3796 eod.
2639 3766 2661 3797 t.
2685 3770 2767 3802 aaa.

243 3823 447 3878 admitti
485 3825 579 3896 qui
616 3823 872 3878 eiusmodi
908 3836 1030 3878 sunt
1065 3825 1219 3879 etiam
1257 3826 1360 3880 hoe
1384 3826 1564 3882 modo.
1591 3829 1788 3884 Tribus
1811 3831 1952 3886 enim
1975 3829 2146 3885 modis
2170 3828 2365 3884 dantur
2387 3848 2504 3902 pae-

2292 3914 2330 3954 Η
