2996 4432
532 239 581 271 lv
1483 229 1541 261 An
1575 226 1818 261 mmmm-:M

535 322 681 370 xiensi
715 318 874 366 codice
908 317 1057 365 aliena
1080 330 1245 363 manus
1264 313 1503 363 adnotavit
1520 316 1571 362 in
1599 314 1807 381 margine
1832 310 1891 359 de
1914 307 2203 359 authenticis
2225 309 2485 359 canonibus
2515 311 2585 358 ad
2615 311 2792 377 Grego-

536 398 665 445 rium
677 395 1026 461 presbyterum.
1055 394 1383 440 Verumtamen
1401 391 1451 438 id
1469 407 1641 439 nomen
1666 406 1690 438 a
1714 389 1839 436 calce
1864 380 2019 452 operis
2042 387 2102 435 ad
2128 388 2316 436 titulum
2335 397 2580 436 annotator
2597 387 2793 438 brixien·

534 476 599 522 stis
620 482 666 521 et
694 472 774 519 alii
802 470 1157 518 transtulerunt.
1193 471 1290 518 Nos
1319 468 1591 531 simpliciter
1612 502 1624 523 ,
1660 467 1863 514 Gratiani
1896 466 2110 529 exemplo
2131 501 2143 521 ,
2180 465 2420 512 decretum
2446 467 2779 530 inscripsimus.

634 552 693 596 11.
731 551 838 596 Post
871 548 1088 596 traditam
1119 547 1334 594 codicum
1367 546 1612 594 Bonizonis
1646 545 1884 598 notitiam,
1921 544 2132 606 sequitur
2162 552 2215 591 ut
2244 543 2463 591 editionis
2497 552 2683 591 nostrae
2713 559 2792 592 ra·

535 629 714 675 tionem
748 624 953 672 breviter
983 623 1282 687 explicemus.
1322 622 1483 669 Statim
1522 636 1575 668 ac
1602 621 1727 668 enim
1759 634 1856 666 non
1887 620 2039 668 oeulis
2073 628 2253 669 tantum
2287 621 2600 685 inspeximus,
2638 624 2721 671 sed
2750 634 2798 674 et

538 711 694 750 mente
729 701 938 749 codicem
970 701 1052 764 qui
1086 708 1185 747 erat
1220 700 1269 745 in
1300 697 1515 745 manibus
1547 695 1777 759 complexi
1804 711 1989 749 sumus:
2015 697 2167 744 visum
2192 700 2296 753 est,
2323 699 2470 761 magis
2503 707 2604 747 tum
2638 699 2799 764 publi·-

540 796 622 829 cae
645 779 833 827 utilitati
858 788 958 825 tum
984 779 1130 841 ipsius
1154 777 1356 824 auctoris
1378 764 1528 822 famae
1550 772 1816 821 consultum
1837 773 1920 828 iri,
1948 774 1986 820 si
2012 774 2199 836 copiosa
2223 775 2379 838 potius
2402 785 2616 840 excerpta
2641 793 2801 828 rerum

541 859 757 906 omnium
790 856 978 903 utilium
1011 864 1057 902 et
1094 855 1322 901 tutiorum
1356 861 1435 899 aut
1465 865 1695 899 novarum
1729 849 1925 905 fierent,
1963 865 2105 912 quam
2137 852 2177 898 si
2213 866 2333 915 opus
2365 854 2636 902 universum
2671 855 2803 903 indi-

542 937 708 986 stincte
739 935 865 997 typis
901 934 1305 984 committeretur;
1342 931 1548 993 primum
1579 929 1688 990 quia
1722 927 1926 994 plurima
1962 936 2149 991 patrum
2167 963 2180 983 ‚
2218 930 2528 978 conciliorum
2558 940 2648 980 etc.
2686 935 2805 982 testi·

543 1014 704 1060 monia
738 1019 871 1058 erant
912 1011 1152 1057 notissima
1186 1016 1232 1054 et
1266 1005 1453 1071 publica
1474 1040 1486 1060 ,
1518 1006 1582 1052 ita
1611 1013 1665 1051 ut
1695 1004 1882 1052 chartae
1918 1013 1965 1052 et
1999 1004 2152 1052 labori
2197 1007 2487 1069 parcendum
2525 1009 2766 1058 videretur
2786 1028 2801 1058 ε

544 1092 716 1138 iterum
751 1090 861 1152 quia
895 1097 942 1135 et
975 1088 1133 1150 spuria
1169 1101 1264 1132 non
1299 1084 1518 1138 deerant,
1550 1082 1681 1130 bono
1705 1081 1896 1144 quidem
1927 1082 2174 1137 Bonizoni‚
2210 1090 2333 1130 utet
2365 1083 2467 1131 aliis
2498 1085 2596 1138 eius
2632 1086 2805 1135 saeculi

545 1164 839 1218 hominibus,
865 1166 913 1211 in
938 1164 1090 1226 pretio
1113 1160 1295 1215 habita,
1318 1175 1444 1207 nunc
1469 1168 1623 1206 tamen
1646 1159 1914 1206 criticorum
1937 1157 2119 1205 iudiciis
2141 1168 2388 1222 expuncta.
2407 1161 2490 1207 His
2510 1162 2652 1224 igitur
2671 1165 2806 1226 quasi

547 1243 897 1306 impedimentis
930 1240 1141 1302 sepositis
1159 1274 1170 1293 ‚
1197 1238 1508 1301 ,dignissimus
1537 1246 1636 1285 erat
1665 1238 1837 1284 Bonizo
1861 1270 1874 1290 ‚
1908 1236 1991 1298 qui
2017 1235 2077 1283 ad
2108 1235 2246 1283 huius
2280 1229 2508 1300 temporis
2543 1255 2708 1305 usum,
2745 1242 2808 1289 ad

553 1321 773 1369 ecclesiae
808 1327 1026 1365 ornatum
1044 1352 1055 1371 ,
1095 1316 1155 1363 ad
1188 1315 1466 1362 clericorum
1491 1315 1825 1370 eruditionem,
1859 1313 1920 1365 ad
1951 1314 2169 1361 omnium
2200 1313 2402 1377 denique
2427 1315 2650 1363 ordinum
2680 1317 2810 1365 aedi-

554 1396 818 1443 ficationem
855 1401 1217 1457 proponeretur.
1253 1393 1427 1454 Legant
1460 1392 1666 1455 episcopi
1689 1407 1809 1454 quae
1835 1390 1895 1437 de
1917 1392 2126 1454 ipsorum
2160 1391 2385 1454 dignitate
2417 1401 2464 1440 et
2499 1393 2668 1441 officiis
2701 1409 2810 1457 gra·-

550 1473 737 1520 vissime
766 1471 896 1518 dicit.
932 1469 1130 1518 Videant
1165 1469 1281 1539 sacri
1315 1469 1493 1531 politici
1525 1468 1718 1515 doctum
1753 1467 1814 1514 de
1840 1482 2036 1515 romana
2067 1467 2259 1517 ecclesia
2292 1477 2572 1517 tractatum:
2608 1470 2810 1534 liturgici

553 1550 825 1596 divinarum
852 1548 1241 1595 caerimoniarum
1274 1547 1482 1609 regulas:
1520 1545 1782 1593 sacerdotes
1801 1579 1814 1598 ‚
1852 1543 2095 1598 monachi,
2131 1559 2264 1608 reges
2281 1579 2293 1600 ,
2327 1547 2621 1608 magistratus
2640 1582 2653 1601 ‚
2687 1548 2811 1594 mili·

553 1636 649 1680 tes,
683 1626 996 1687 negotiatores
1014 1660 1026 1678 ‚
1055 1623 1282 1678 artificeS‚
1318 1624 1574 1686 ceterique,
1606 1638 1689 1670 sua
1720 1623 1916 1684 quisque
1945 1620 2099 1668 officia
2120 1637 2176 1669 ex
2199 1621 2359 1669 divino
2387 1622 2687 1687 humanoque
2708 1625 2813 1673 iure

553 1704 872 1766 praescripta:
909 1701 1112 1764 denique
1146 1709 1193 1748 et
1224 1701 1406 1747 animae
1437 1697 1712 1747 vulneribus
1744 1699 2021 1746 medicinam
2057 1698 2305 1746 salubriter
2342 1699 2655 1749 adhibendam
2691 1717 2813 1750 con-

555 1781 750 1826 discant.
788 1781 861 1828 Me
894 1787 1020 1826 certe
1054 1778 1286 1841 legentem
1321 1778 1457 1841 pauci
1483 1776 1594 1823 libri
1627 1792 1772 1838 aeque
1800 1791 1852 1823 ac
1881 1777 2051 1824 Bonizo
2086 1775 2390 1824 delectarunt.
2421 1779 2536 1824 Sunt
2566 1780 2705 1826 etiam
2739 1780 2814 1826 in-

555 1866 764 1921 speratae
797 1857 1080 1919 quandoque
1112 1857 1303 1903 notitiae
1323 1891 1335 1910 ,
1373 1856 1519 1903 veluti
1550 1854 1611 1901 de
1642 1853 1926 1916 quibusdam
1956 1851 2144 1900 sedibus
2178 1853 2295 1900 olim
2326 1855 2681 1917 metropoliticis
2700 1890 2713 1910 ,
2750 1854 2811 1903 de

556 1949 723 1997 magna
755 1932 1022 1980 hibernensi
1051 1933 1264 1995 synodo,
1298 1933 1357 1979 de
1389 1931 1523 1979 libris
1545 1931 1723 1994 aliquot
1752 1929 2033 1993 deperditis,
2066 1929 2142 1978 vel
2178 1929 2457 1977 Pontificum
2485 1946 2812 1988 romanorum,

556 2012 633 2060 vel
661 2013 807 2074 ipsius
839 2012 1084 2058 Bonizonis
1105 2011 1179 2057 vel
1210 2011 1411 2057 lucensis
1441 2009 1647 2056 Anselmi
1667 2043 1680 2063 ,
1708 2008 1843 2054 amici
1876 2008 1948 2054 sui
1973 2008 2170 2070 optimi,
2195 2023 2336 2071 quem
2367 2008 2435 2055 uti
2459 2017 2669 2057 sanctum
2702 2026 2816 2074 pro-

559 2088 786 2151 digiisque
814 2088 1069 2150 fulgentem
1098 2087 1319 2134 celebrat.
1350 2088 1479 2134 Vitae
1500 2084 1777 2132 Pontificum
1810 2099 1968 2132 nonne
1992 2085 2091 2147 ipsa
2120 2083 2348 2132 brevitate
2378 2085 2632 2141 delectant,
2666 2096 2715 2135 et
2740 2102 2817 2135 re-

560 2164 771 2213 conditas
802 2164 1053 2227 aliquando
1089 2164 1274 2210 notitias
1309 2162 1538 2210 tradunt?
1570 2161 1693 2210 Nolo
1725 2161 1899 2208 diutius
1930 2162 2175 2209 Bonizonis
2206 2161 2298 2209 hoc
2329 2163 2555 2226 scriptum
2579 2178 2817 2212 commen-

559 2241 672 2290 dare
691 2276 704 2298 ‚
741 2242 872 2305 quod
905 2244 1143 2304 ceteroqui
1175 2241 1411 2305 plerisque
1444 2249 1629 2303 gratum
1662 2239 1765 2286 fore
1797 2238 2002 2287 confido.

1446 2343 1943 2387 PARERGON

674 2465 735 2495 DE
762 2461 882 2493 Novo
910 2460 1120 2493 PROLOGO
1150 2460 1204 2491 ΕΤ
1235 2459 1507 2490 PARTITIONE
1536 2458 1692 2489 OPERIS
1721 2457 1934 2488 CANONICI
1964 2457 2002 2488 S.
2043 2457 2237 2490 ANSELMI
2266 2457 2472 2490 LUCENSIS
2501 2459 2715 2492 EPISCOPI.

659 2560 786 2605 I‘nter
817 2556 972 2604 varios
1006 2555 1314 2602 anselmianae
1348 2554 1636 2601 collectionis
1668 2540 2146 2608 codices'vaticanos‚
2182 2553 2242 2600 de
2274 2553 2445 2616 quibus
2477 2555 2614 2602 multi
2648 2556 2820 2604 eruditi

563 2646 665 2684 tum
687 2644 867 2683 veteres
891 2641 991 2679 tum
1014 2632 1295 2678 recentiores
1318 2629 1461 2678 verba
1485 2630 1725 2684 fecerunt,
1753 2647 1874 2678 unus
1898 2631 2118 2678 hactenus
2142 2631 2328 2678 latuisse
2350 2632 2559 2686 videtur,
2587 2634 2661 2679 cui
2686 2649 2822 2696 prae-

562 2714 677 2761 fatio
711 2712 867 2774 operis
899 2711 1041 2763 inest,
1069 2710 1118 2755 in
1142 2709 1306 2755 ceteris
1329 2709 1504 2754 cunctis
1530 2708 1811 2762 desiderata,
1838 2716 1890 2755 ut
1915 2723 2000 2755 nos
2024 2708 2140 2756 olim
2163 2709 2284 2771 Spic.
2312 2724 2435 2756 rom.
2459 2711 2510 2756 T.
2532 2711 2609 2757 VI.
2632 2725 2680 2772 p.
2705 2711 2818 2770 313.

565 2791 718 2854 questi
750 2803 943 2846 sumus3
980 2802 1100 2849 quae
1132 2786 1323 2848 quidem
1358 2785 1585 2848 praefatio
1621 2786 1680 2832 ad
1716 2785 2028 2833 definiendam
2062 2785 2122 2831 de
2146 2785 2284 2832 huius
2316 2785 2603 2832 collectionis
2636 2795 2825 2835 auctore

564 2866 956 2916 controversiam,
993 2864 1075 2910 diu
1107 2863 1402 2924 multumque
1435 2863 1675 2924 agitatam,
1703 2862 1899 2909 mirifice
1931 2863 2024 2909 iam
2057 2860 2246 2908 valebit.
2282 2864 2388 2909 Non
2421 2870 2490 2909 est
2529 2878 2638 2910 sane
2670 2865 2826 2926 operis

566 2944 806 3006 negandus
840 2942 995 2988 honor
1027 2941 1249 2987 Anselmo
1284 2941 1488 3002 parenti,
1525 2941 1656 2986 cuius
1690 2955 1861 2987 nomen
1894 2942 1978 2987 etsi
2011 2941 2060 2986 in
2094 2939 2254 2986 multis
2286 2939 2628 3001 exemplaribus
2666 2941 2823 2996 deest,

565 3023 614 3067 in
648 3019 889 3067 nonnullis
922 3026 1076 3064 tamen
1110 3017 1430 3079 perscribitur.
1474 3019 1609 3064 Nunc
1642 3026 1797 3063 autem
1839 3017 2124 3064 collectionis
2157 3025 2395 3064 auctorem
2428 3017 2588 3064 Clerus
2620 3018 2722 3080 ipse
2753 3017 2829 3064 lu-

566 3099 712 3145 censis
746 3097 965 3143 ecclesiae
997 3113 1047 3142 se
1080 3096 1215 3150 facit,
1252 3097 1330 3157 qui
1367 3103 1602 3157 pastorem
1636 3111 1775 3141 suum
1808 3094 2079 3141 Anselmum
2112 3095 2161 3140 in
2195 3094 2285 3141 hoc
2318 3094 2520 3156 prologo
2553 3094 2823 3156 alloquitur.

570 3175 723 3229 Quare
756 3175 832 3220 vix
867 3174 957 3219 iam
992 3172 1183 3227 dubito,
1220 3174 1333 3235 quin
1367 3173 1459 3219 hoc
1491 3187 1610 3234 opus
1643 3171 1717 3218 vel
1753 3171 1812 3218 ab
1845 3172 1948 3234 ipso
1981 3171 2203 3218 Anselmo
2235 3170 2311 3218 vel
2345 3170 2404 3217 ab
2440 3171 2542 3217 aliis
2573 3179 2733 3234 postea
2756 3186 2830 3219 va·

569 3251 739 3295 riatum
775 3250 912 3295 fuerit
947 3258 1026 3295 aut
1068 3258 1254 3296 auctum
1277 3284 1288 3303 ‚
1330 3249 1712 3311 quandoquidem
1748 3265 1844 3295 non
1878 3249 1977 3295 sine
2013 3248 2161 3295 multa
2195 3248 2460 3295 diversitate
2499 3250 2549 3295 in
2591 3247 2830 3296 codicibus

570 3327 884 3387 comperitur3
923 3334 967 3372 et
1000 3326 1108 3372 illae
1141 3328 1280 3373 etiam
1311 3326 1461 3372 editae
1492 3341 1517 3372 a
1548 3325 1685 3377 nobis
1703 3361 1714 3380 ,
1743 3326 2011 3387 supradicto
2035 3327 2082 3372 in
2107 3325 2254 3381 libro,
2281 3342 2338 3372 ex
2362 3327 2452 3373 alio
2482 3325 2642 3373 codice
2665 3325 2830 3373 Ansel-
2886 3330 2890 3333 ’

569 3403 634 3448 mi
659 3401 896 3454 rubricae,
926 3403 974 3448 in
998 3403 1156 3449 multis
1179 3402 1418 3449 differunt.
1449 3403 1538 3450 Sed
1566 3418 1716 3449 meam
1747 3402 2101 3466 admirationem
2126 3402 2216 3450 hoc
2240 3418 2366 3450 nunc
2395 3402 2671 3457 cumulavit,
2701 3402 2833 3465 quod

570 3478 751 3540 priores
785 3486 986 3538 quatuor
1025 3478 1172 3525 libros
1202 3479 1313 3541 (seu
1351 3479 1539 3542 partes)
1575 3482 1656 3542 qui
1681 3489 1789 3527 sunt
1821 3481 1870 3526 in
1895 3481 2133 3543 praedicto
2156 3479 2339 3535 codice,
2366 3479 2624 3542 descriptos
2650 3479 2748 3526 vidi
2771 3477 2832 3526 ad

571 3555 775 3605 litteram
809 3555 860 3599 in
892 3555 1212 3616 antiquissimo
1253 3557 1345 3603 alio
1381 3557 1550 3620 (aeque
1573 3557 1765 3603 eruditis
1796 3565 1848 3603 ut
1879 3573 1988 3604 reor
2021 3555 2281 3619 incognito)
2317 3556 2376 3603 de
2401 3571 2496 3618 quo
2520 3555 2640 3601 infra
2670 3570 2718 3617 p.
2746 3555 2826 3601 75.

575 3631 826 3677 dicendum
859 3632 962 3677 erit.
1000 3624 1186 3678 Interim
1221 3635 1258 3680 si
1291 3636 1395 3696 quis
1428 3635 1503 3682 vel
1539 3636 1659 3681 hanc
1691 3634 1750 3682 de
1794 3643 1982 3681 auctore
2018 3635 2414 3687 controversiam,
2459 3633 2532 3681 vel
2575 3629 2833 3694 quamlibet

574 3707 781 3754 Anselmi
812 3708 1024 3754 notitiam
1059 3724 1338 3770 cognoscere
1371 3720 1502 3766 avet,
1540 3712 1578 3758 is
1610 3712 1733 3773 legat
1763 3711 1999 3759 Andream
2023 3713 2190 3759 Rotam
2212 3713 2258 3758 S.
2285 3712 2323 3777 1.
2354 3711 2461 3757 hist.
2490 3715 2738 3769 comment.
2772 3707 2835 3755 de

576 3785 820 3841 Anselmo,
845 3785 1119 3833 Ballerinios
1148 3802 1260 3850 opp.
1292 3790 1337 3835 S.
1372 3789 1538 3837 Leonis
1569 3791 1620 3837 T.
1648 3791 1728 3846 ΙΙΙ,
1754 3789 2030 3838 Theinerum
2065 3789 2293 3853 disquisit.
2333 3804 2457 3845 can.,
2494 3787 2693 3848 denique
2729 3797 2831 3834 rev.
