2996 4432
476 266 538 314 88
1405 274 1536 307 mnu.
1573 275 1813 307 nnusnsmr

472 377 595 408 error
627 367 711 417 est,
743 373 844 405 cum
872 362 1024 403 Petrus
1053 360 1198 402 Simon
1228 357 1374 402 dicat:
1401 365 1575 414 pecunia
1604 366 1674 403 tua
1704 366 1828 402 tecum
1862 363 1918 402 sit
1942 362 1986 404 tn
2008 363 2254 415 perditione,
2290 364 2385 415 quia
2414 364 2648 405 existimasti
2678 364 2753 405 do-

474 450 570 478 num
605 438 683 476 Dei
706 437 880 488 pecunia
906 434 1114 486 possideri.
1148 431 1232 475 Ubi
1260 441 1359 474 cum
1388 435 1625 475 existimasti
1654 432 1810 475 dicitur
1825 463 1837 486 ,
1869 444 1960 474 non
1988 445 2069 488 pro
2099 446 2151 476 eo
2183 432 2303 489 quod
2339 433 2510 486 fecerit,
2542 434 2618 477 sed
2648 436 2751 489 quia

479 521 524 550 se
553 507 693 549 facere
717 504 924 557 credidit,
942 503 1283 556 condemnatur,
1309 515 1408 546 cum
1437 505 1577 555 minus
1598 505 1653 546 sit
1682 503 1917 546 existimare
1939 515 2069 558 quam
2091 504 2279 547 credere.
2304 506 2353 547 In
2385 505 2469 547 hoc
2498 517 2598 547 vero
2630 505 2752 560 quod

417 595 420 597 “
476 579 721 633 subiungit:
749 591 827 619 non
856 582 915 618 est
942 578 1015 618 tibi
1037 567 1138 629 pars
1166 589 1292 629 neque
1321 589 1405 617 sors
1433 579 1476 617 in
1503 589 1678 618 sermone
1707 579 1780 616 isto
1797 604 1809 627 ,
1833 577 2030 628 patenter
2059 575 2296 618 ostenditur
2312 606 2324 629 ,
2351 577 2450 630 quia
2472 576 2580 618 nihil
2610 588 2752 622 sacrae

478 649 755 694 ordinationis
784 649 831 690 in
859 648 938 690 hac
965 647 1238 704 promotione
1277 647 1526 702 percipitur.
1561 648 1668 689 Item
1704 657 1756 688 ex
1785 646 1966 699 registro
2006 646 2201 700 Gregorii
2236 646 2291 689 ad
2321 648 2539 701 Syagrium
2580 647 2746 702 episco-

443 747 445 749 -
477 734 582 778 pum
601 752 613 773 ,
637 721 748 762 inter
780 723 932 762 cetera.
971 719 1087 760 «Cur
1106 730 1195 760 non
1224 718 1533 773 perpenditur,
1566 729 1642 759 cur
1661 727 1759 758 ‘non
1790 716 2027 759 advertitur
2057 717 2158 771 quia
2186 717 2431 761 benedictio
2451 718 2513 760 illi
2542 718 2588 760 in
2618 718 2746 761 male-

247 1302 316 1332 cod.
336 1302 427 1334 1124.

199 1587 215 1602 ’'
233 1584 285 1614 Os.
307 1584 391 1615 vul.
411 1587 440 1614 4.

259 3590 329 3620 eod.
348 3591 369 3620 f.
392 3592 451 3621 125.

479 794 707 836 dictionem
737 793 943 844 vertitur,
966 791 1046 845 qui
1077 790 1131 832 ad
1151 790 1235 833 hoc
1256 794 1306 832 ut
1327 790 1566 832 haereticus
1594 788 1669 831 fiat
1688 788 2000 843 promovetur?
2017 808 2033 825 »ι
2069 789 2175 831 Item
2196 789 2308 832 idem
2327 791 2374 832 in
2401 790 2568 833 eodem.
2599 809 2614 825 α
2635 791 2746 832 Gra·
2812 820 2815 826 .

478 877 531 907 ve
562 863 736 906 omnino
766 866 810 905 et
837 862 950 904 ultra
969 874 1099 916 quam
1129 860 1215 903 dici
1244 864 1389 915 potest
1417 860 1578 902 facinus
1609 863 1697 912 est,
1719 860 1920 914 Spiritum
1949 864 2139 903 sanctum
2169 861 2246 915 qui
2277 862 2416 904 omnia
2445 861 2647 913 redemit,
2672 873 2746 903 ve-

478 934 674 977 nundari.
693 953 709 970 »
736 934 844 976 Item
865 933 910 974 in
931 932 1098 975 eodem.
1128 931 1243 984 «Qui
1266 943 1410 973 sacros
1441 930 1613 973 ordines
1634 931 1823 974 vendunt
1853 932 1920 974 vel
1947 937 2116 986 emunt,
2152 932 2394 975 sacerdotes
2412 946 2500 975 esse
2519 945 2606 975 non
2637 945 2744 988 pos-

482 1012 605 1061 sunt,
631 1006 706 1049 sed
724 1010 822 1048 sunt
840 1004 1004 1060 pseudo
1029 1004 1210 1057 Christi,
1243 1008 1286 1046 et
1313 1002 1478 1060 pseudo
1510 1002 1763 1057 prophetae.
1781 1021 1798 1039 n
1826 1004 1935 1045 Item
1964 1003 2214 1046 Ambrosius
2243 1004 2286 1045 in
2307 1004 2525 1058 pastorali.
2556 1022 2572 1039 «ι
2589 1005 2748 1059 Nempe

484 1079 570 1121 hoc
601 1083 666 1120 est
696 1076 815 1132 quod
850 1077 974 1118 nimis
1010 1075 1163 1130 doleo,
1197 1077 1296 1130 quia
1325 1074 1670 1130 archiepiscopus
1699 1087 1796 1117 cum
1826 1087 1903 1130 per
1931 1075 2154 1129 pecuniam
2184 1074 2369 1130 aliquem
2401 1076 2646 1130 episcopum
2677 1088 2748 1118 or-

487 1151 680 1205 dinaret,
704 1150 941 1205 specialiter
959 1149 1176 1203 leprosum
1207 1147 1434 1190 ordinavit.
1455 1165 1472 1182 «
1508 1147 1616 1188 Item
1645 1145 1820 1188 ibidem.
1861 1165 1877 1182 «
1900 1146 2026 1198 Quod
2057 1147 2247 1201 accepit,
2279 1147 2459 1201 pecunia
2488 1147 2596 1200 fuit3
2629 1147 2747 1202 quod

485 1222 632 1275 dedit,
665 1222 782 1277 lepra
811 1221 907 1263 fuit.
932 1239 949 1256 »
986 1221 1092 1262 Item
1121 1219 1296 1262 ibidem.
1333 1237 1350 1254 «
1374 1221 1533 1260 Aurum
1566 1217 1670 1259 dans
1696 1216 1949 1272 perdidisti,
1982 1221 2166 1259 sanctam
2197 1217 2376 1270 gratiam
2405 1229 2495 1258 non
2523 1217 2748 1271 acquisivi-

473 1294 547 1336 sti.
572 1313 588 1329 »
626 1293 863 1349 Cyprianus
892 1293 936 1333 in
955 1291 1135 1345 epistola
1158 1289 1214 1333 ad
1236 1290 1496 1332 Cornelium.
1521 1288 1742 1330 Existimat
1772 1288 1923 1342 aliquis
1944 1300 2104 1331 summa
2125 1293 2168 1330 et
2192 1299 2342 1342 magna
2371 1293 2445 1331 aut
2474 1300 2560 1330 non
2591 1288 2747 1330 sciente

485 1369 558 1407 aut
586 1376 673 1406 non
704 1363 973 1418 permittente
1002 1363 1094 1403 Deo
1123 1363 1168 1403 iu
1199 1361 1374 1404 ecclesia
1402 1364 1482 1405 Dei
1511 1362 1604 1404 fieri
1620 1363 1642 1404 ⁶?
1665 1366 1737 1405 aut
1755 1362 1994 1405 sacerdotes
2009 1394 2021 1416 ,
2045 1362 2176 1405 id'est
2193 1364 2273 1405 Dei
2296 1364 2607 1419 dispensatores
2623 1393 2635 1415 ‚
2659 1375 2748 1406 non

484 1435 538 1478 de
567 1436 656 1477 eius
685 1434 889 1477 sententia
920 1433 1140 1476 ordinari?
1163 1434 1257 1475 Hoc
1287 1437 1350 1475 est
1378 1433 1506 1476 fidem
1536 1446 1623 1476 non
1654 1433 1812 1476 babere
1832 1465 1844 1486 ,
1877 1447 1963 1489 qua
1990 1435 2204 1489 vivimus3
2231 1435 2316 1478 hoc
2337 1439 2399 1477 est
2428 1436 2520 1477 Deo
2541 1435 2749 1477 bonorem

483 1519 571 1549 non
601 1506 703 1548 dare
723 1537 734 1559 ,
767 1506 803 1547 si
834 1505 888 1547 de
928 1506 1017 1546 eius
1052 1505 1256 1546 sententia
1291 1518 1379 1547 non
1415 1506 1665 1548 ordinantur
1694 1505 1935 1548 sacerdotes
1965 1506 2040 1561 qui
2070 1512 2188 1549 extra
2217 1507 2433 1550 ecclesiam
2470 1506 2604 1558 fiunt,
2637 1507 2748 1548 sicut

482 1579 573 1633 ipse
602 1577 810 1619 Dominus
838 1578 883 1618 in
914 1575 1142 1629 duodecim
1171 1575 1393 1630 prophetis
1413 1574 1431 1593 *
1450 1577 1600 1631 ponit,
1634 1581 1676 1619 et
1706 1576 1837 1619 dicit:
1871 1579 2025 1619 sibimet
2045 1581 2143 1631 ipsis
2163 1591 2294 1631 reqem
2319 1578 2569 1629 constituere,
2606 1583 2644 1618 et
2671 1590 2749 1619 non

478 1663 556 1703 per
584 1662 661 1690 me.
697 1648 893 1703 Pelagius
922 1647 1102 1689 Iohanni
1131 1648 1327 1702 patricio.
1366 1665 1383 1682 «
1405 1647 1658 1690 Consecrare
1689 1650 1800 1690 enim
1831 1653 1894 1691 est
1923 1648 2049 1691 simul
2078 1661 2269 1702 sacrare3
2292 1647 2367 1691 sed
2387 1648 2441 1690 ab
2463 1648 2659 1690 ecclesiae
2681 1648 2747 1689 vi-

484 1721 671 1763 sceribus
701 1719 912 1773 diversus,
937 1723 979 1761 et
1010 1718 1063 1760 ab
1094 1718 1327 1773 apostolica
1357 1718 1455 1760 sede
1484 1724 1728 1774 separatus,
1754 1725 1942 1762 exsecrat
1971 1720 2136 1775 potius,
2159 1732 2247 1762 non
2267 1724 2502 1762 consecrat.
2525 1720 2622 1761 Iure
2644 1708 2747 1773 ergo

485 1783 744 1843 exsecratus,
772 1780 910 1832 tamen
940 1802 1024 1832 non
1057 1794 1323 1832 consecratus
1353 1791 1513 1847 poterit
1537 1790 1644 1845 dici,
1671 1803 1798 1846 quem
1821 1793 1928 1842 sicut
1950 1804 1995 1834 se
2026 1796 2343 1834 consacrantem
2372 1792 2533 1834 unitate
2562 1790 2746 1833 coniun-

484 1869 577 1906 tum
607 1862 804 1905 membris
835 1875 922 1904 non
952 1862 1144 1916 agnoscit
1174 1861 1365 1903 ecclesia.
1922 1863 1931 1872 '

605 1937 647 1977 3.
683 1936 896 1977 Hactenus
928 1933 980 1976 de
1010 1934 1337 1976 simoniacorum
1368 1938 1411 1975 et
1441 1933 1802 1976 schismaticorum
1843 1933 2106 1986 sacerdotio;
2139 1947 2252 1976 nunc
2283 1934 2335 1976 de
2366 1947 2513 1977 eorum
2543 1933 2748 1977 sacrificio

485 2012 653 2062 patrum
682 2010 996 2061 perscrutemur
1025 2005 1266 2047 sententias.
1301 2006 1536 2061 Cyprianus
1565 2006 1611 2047 in
1641 2005 1819 2060 epistola
1832 2005 1894 2059 ,ad
1916 2007 2116 2060 Magnum
2151 2024 2167 2041 «
2187 2006 2393 2048 sacrificia
2413 1993 2746 2057 haeretieorum,

485 2084 534 2121 ut
556 2079 615 2121 ait
635 2078 845 2134 propheta
862 2109 873 2129 ,
897 2083 1095 2130 tamquam
1120 2081 1240 2129 panis
1263 2079 1416 2129 luctus;
1439 2090 1568 2117 omnes
1590 2080 1660 2129 qui
1687 2079 1927 2118 manducant
1955 2090 2025 2129 ea,
2052 2081 2379 2118 contaminantur.
2410 2079 2488 2119 Vae
2507 2079 2614 2118 vobis
2630 2108 2642 2131 ,
2662 2079 2751 2130 filii

485 2152 724 2192 desertores!
754 2152 863 2191 Haeo
891 2151 989 2191 dicct
1011 2152 1230 2191 Dominus:
1250 2151 1444 2190 habuistis
1463 2150 1689 2201 eonsilium,
1726 2154 1765 2190 et
1784 2163 1861 2190 non
1884 2162 1963 2201 per
1991 2162 2050 2189 me
2061 2165 2077 2201 ,·
2098 2154 2136 2189 et
2156 2149 2310 2201 fecistis
2330 2152 2615 2200 conventionem
2631 2180 2644 2200 ,
2672 2161 2750 2190 non

480 2236 561 2275 per
589 2224 781 2275 Spiritum
810 2235 939 2263 meum
948 2237 965 2274 ,·
989 2221 1166 2262 adiecere
1190 2226 1353 2274 peecata
1381 2234 1502 2273 super
1523 2225 1703 2273 peecata.
1738 2219 1857 2262 Idem
1887 2220 1932 2262 in
1962 2220 2139 2274 epistola
2169 2220 2223 2262 ad
2253 2220 2525 2275 Stephanum.
2545 2212 2581 2254 ’ά
2604 2220 2643 2261 Si
2673 2220 2749 2275 qui

486 2294 725 2349 presbyteri
745 2294 811 2335 vel
835 2292 1003 2335 diaconi
1025 2292 1090 2334 vel
1110 2294 1153 2334 in
1174 2292 1347 2335 ecclesia
1368 2292 1576 2345 catholica
1597 2292 1713 2346 prius
1745 2290 1930 2333 ordinati
1958 2291 2135 2344 fuerint,
2160 2295 2202 2334 et
2223 2291 2499 2346 postmodum
2524 2290 2677 2346 perfidi
2700 2302 2748 2333 ac

487 2366 668 2408 rebelles
698 2365 914 2406 extiterint
944 2369 1091 2407 contra
1121 2364 1362 2417 ecclesiam,
1394 2364 1461 2405 vel
1501 2362 1615 2417 apud
1650 2362 1885 2404 haereticos
1916 2375 1940 2404 a
1969 2362 2132 2416 pseudo
2173 2362 2383 2417 episcopis
2414 2367 2455 2404 et
2484 2362 2746 2405 Antichristo

486 2441 631 2479 contra
651 2436 804 2477 Christi
827 2435 1144 2489 dispositionem
1173 2435 1352 2490 profana
1383 2419 1649 2476 ordinatione
1667 2434 1865 2489 promoti
1895 2437 2017 2487 sunt,
2050 2437 2091 2475 et
2121 2438 2270 2475 contra
2298 2434 2428 2475 altare
2460 2445 2588 2475 unum
2622 2436 2750 2487 atque

489 2507 702 2560 divinum,
728 2506 931 2548 sacrificia
959 2506 1063 2550 foris
1085 2506 1190 2548 falsa
1210 2510 1252 2548 ct
1273 2506 1475 2559 sacrilega
1498 2505 1655 2547 offerre
1676 2506 1815 2547 conati
1845 2509 1944 2547 sunt
1959 2535 1971 2558 ,
1996 2517 2070 2546 eos
2101 2517 2274 2560 quoque
2295 2505 2376 2547 hac
2407 2505 2651 2547 conditione
2680 2518 2750 2547 su-

489 2579 664 2633 scipiam
695 2591 792 2620 cum
820 2582 1087 2620 revertentur
1106 2583 1154 2620 ut
1180 2579 1491 2620 communicent
1513 2577 1648 2632 laicis,
1670 2582 1711 2620 et
1741 2578 1840 2619 satis
1855 2577 2045 2634 habeant
2063 2577 2182 2631 quod
2212 2577 2489 2620 admittantur
2517 2577 2570 2620 ad
2599 2589 2748 2632 pacem

490 2651 564 2703 qui
593 2649 737 2691 hostes
767 2650 883 2704 pacis
913 2650 1149 2702 extiterint;
1174 2661 1252 2690 nec
1283 2648 1436 2690 debere
1456 2660 1528 2690 eos
1558 2652 1842 2700 revertentes,
1868 2661 1918 2690 ea
1946 2647 2059 2702 apud
2089 2660 2167 2689 nos
2198 2648 2475 2690 ordinationis
2504 2652 2546 2690 et
2574 2649 2749 2691 honoris

490 2733 605 2763 arma
637 2722 842 2774 retinere,
875 2720 1030 2775 quibus
1049 2724 1196 2763 contra
1226 2733 1303 2763 nos
1324 2720 1638 2762 rebellaverint.
1661 2740 1677 2756 ι»
1712 2721 1766 2762 Et
1795 2719 1921 2774 paulo
1951 2724 2069 2773 post.
2098 2719 2240 2771 *Quia
2269 2720 2346 2761 etsi
2374 2719 2455 2773 ipsi
2475 2709 2750 2774 postmodum

493 2791 546 2833 ad
576 2792 790 2834 ecclesiam
821 2792 1031 2845 redeunt,
1057 2793 1273 2834 restituere
1302 2795 1441 2834 tamen
1461 2803 1534 2833 eos
1564 2803 1705 2833 secum
1737 2803 1825 2832 non
1856 2795 2061 2845 possunt,
2094 2791 2169 2845 qui
2198 2790 2251 2832 ab
2284 2790 2561 2843 eis-seducti,
2586 2795 2627 2832 et
2655 2790 2751 2832 finis

489 2866 627 2904 morte
656 2864 895 2917 praeventi,
926 2867 1043 2905 extra
1064 2863 1277 2905 ecclesiam
1308 2864 1396 2905 sine
1426 2862 1808 2905 communicatione
1830 2866 1873 2904 et
1894 2875 1999 2917 pace
2023 2863 2206 2917 periere;
2233 2874 2415 2916 quorum
2437 2862 2597 2904 animae
2617 2863 2661 2904 in
2682 2862 2751 2904 die

489 2933 634 2975 iudicii
655 2933 707 2976 de
735 2935 926 2989 ipsorum
954 2934 1150 2978 manibus
1170 2939 1418 2989 expetentur
1436 2965 1448 2987 ,
1481 2935 1556 2988 qui
1586 2933 1838 2988 perditionis
1869 2937 2060 2975 auctores
2091 2938 2133 2975 et
2155 2933 2282 2976 duces
2306 2934 2567 2975 extiteresEt
2587 2934 2750 2976 idcirco

490 3005 589 3046 satis
619 3010 683 3047 est
710 3006 868 3048 talibus
897 3007 1205 3065 revertentibus
1234 3007 1399 3049 veniam
1431 3006 1551 3059 dari,
1584 3006 1682 3060 quia
1710 3017 1798 3047 non
1829 3003 1957 3046 debet
1985 3005 2031 3046 in
2061 3003 2191 3046 domo
2221 3003 2320 3046 fidei
2355 3003 2535 3059 perfidia
2571 3016 2750 3058 promo-

491 3077 596 3118 veri.
630 3077 819 3120 Gelasius
849 3078 1046 3120 omnibus
1077 3079 1287 3133 episcopis
1317 3077 1566 3120 Dardaniae.
1615 3078 1735 3119 «Nisi
1764 3077 1898 3118 Acatii
1933 3076 2104 3117 nomine
2139 3075 2352 3128 refutato,
2390 3076 2538 3117 ceteris
2576 3087 2751 3118 consor·

491 3148 606 3189 tibus
635 3150 756 3190 unias
786 3150 966 3202 erroris;
999 3162 1095 3191 cum
1125 3149 1240 3191 nullo
1272 3162 1447 3204 prorsus
1477 3160 1625 3190 eorum
1654 3148 1906 3203 participare
1935 3147 2096 3190 debetis
2125 3148 2290 3189 mensae
2327 3147 2560 3189 dominicae
2589 3148 2752 3200 purita-

493 3223 577 3260 tem
595 3250 607 3270 ,
644 3232 773 3273 quam
803 3221 981 3262 maiores
1002 3222 1135 3262 nostri
1155 3233 1321 3276 semper
1341 3220 1395 3262 ab
1419 3220 1628 3262 haeretica
1646 3230 1905 3273 magnopere
1924 3223 2191 3261 servaverunt
2212 3218 2449 3273 pollutione
2469 3218 2708 3273 discretam.
2727 3237 2746 3255 ›>

493 3289 684 3343 Pelagius
701 3290 863 3332 Viatori
884 3296 925 3332 ct
946 3292 1184 3333 Pancratio.
1213 3309 1229 3326 «
1246 3294 1282 3332 A
1303 3291 1667 3334 schismaticorum
1687 3289 1923 3343 sacrificiis,
1946 3290 2090 3344 potius
2108 3293 2247 3331 autem
2269 3289 2497 3342 sacrilegiis
2510 3319 2522 3342 ,
2544 3288 2755 3332 abstinere

497 3360 675 3402 debetis.
702 3380 718 3397 »
756 3363 806 3403 Et
836 3367 935 3416 post
968 3375 1115 3416 pauca.
1155 3363 1333 3404 «Nolite
1363 3373 1465 3415 ergo
1486 3392 1497 3414 ,
1532 3361 1650 3415 quasi
1681 3361 1796 3403 nulla
1826 3361 2186 3403 schismaticorum
2217 3364 2260 3402 et
2290 3360 2485 3402 ecclesiae
2517 3360 2751 3402 differentia

496 3432 577 3484 sit,
610 3432 717 3474 velle
747 3433 1036 3475 indifferenter
1065 3439 1346 3489 utrorumque
1375 3433 1590 3476 sacrificiis
1619 3433 1787 3475 sociari.
1813 3451 1830 3469 »
1865 3434 1972 3475 Item
2002 3432 2132 3474 idem.
2170 3451 2187 3468 α
2210 3433 2304 3474 Non
2336 3436 2398 3473 cst
2421 3421 2574 3474 Christi
2597 3444 2752 3487 corpus
2775 3480 2777 3482 ¹

497 3502 617 3557 quod
646 3502 931 3545 schismaticus
962 3503 1160 3558 conficit,
1193 3517 1281 3547 non
1312 3505 1423 3547 enim
1455 3504 1755 3549 divisumcsse
1787 3504 1999 3546 Christum
2021 3504 2179 3558 poterit
2199 3504 2419 3558 quisquam
2450 3504 2539 3544 sine
2570 3503 2754 3557 apostoli

496 3575 803 3630 reprobatione
836 3576 1092 3629 confingere.
1129 3578 1288 3631 Unam,
1321 3582 1369 3619 ut
1399 3589 1519 3631 saepe
1550 3576 1712 3618 dictum
1742 3579 1837 3626 est,
1871 3587 1959 3617 esse
1990 3578 2155 3617 constat
2184 3574 2421 3627 ecclesiam,
2454 3585 2560 3628 quae
2588 3574 2634 3615 in
2664 3573 2752 3616 duo

495 3645 564 3687 vel
592 3646 636 3687 in
667 3646 791 3700 plura
822 3645 955 3687 dividi
986 3659 1072 3688 non
1103 3652 1259 3702 potest.
1294 3647 1425 3690 Simul
1454 3649 1565 3690 enim
1595 3660 1693 3690 cum
1724 3647 1778 3689 ab
1810 3659 1860 3689 ea
1890 3647 2070 3701 quisque
2101 3646 2366 3698 discesserit,
2398 3658 2486 3688 esse
2517 3645 2679 3687 desistit
2707 3646 2752 3686 in

497 3716 686 3758 ecclesia.
720 3718 859 3759 Unum
895 3716 940 3758 in
970 3718 1228 3759 Hierusalem
1257 3719 1462 3773 templum
1494 3723 1571 3760 est.
1605 3718 1736 3760 Idolis
1772 3730 1942 3759 necesse
1980 3721 2043 3759 est
2077 3716 2297 3769 immolet,
2331 3717 2405 3771 qui
2443 3716 2751 3774 semetipsum

497 3787 700 3830 diviserit.
742 3788 970 3841 Gregorius
1005 3789 1048 3830 in
1083 3788 1268 3842 dialogo.
1320 3808 1336 3825 «
1359 3790 1685 3844 Super-veniente
1718 3787 1903 3844 paschali
1930 3787 2182 3841 festivitate,
2219 3787 2491 3842 intempestae
2524 3786 2660 3828 noctis
2690 3785 2750 3826 si-

498 3857 629 3900 lentio
650 3890 662 3912 ,
706 3857 759 3900 ad
794 3858 1073 3912 Ermigildum
1105 3871 1242 3913 regem
1278 3859 1465 3915 perfidus
1496 3864 1618 3914 pater
1657 3860 1846 3902 arianum
1878 3860 2124 3915 episcopum
2157 3859 2303 3914 misit,
2341 3862 2390 3916 ut
2422 3870 2472 3901 ex
2505 3858 2592 3900 eius
2625 3867 2752 3898 manu
