2996 4432
992 209 1163 245 commi
1197 210 1438 244 mvasonns
1472 212 1568 244 Ero.
1607 213 1693 245 ma.
1732 215 1801 247 111.
2446 205 2536 251 105

262 305 377 362 ‘gelio
409 305 463 349 de
492 301 764 361 peccantibus
790 296 1084 344 sacerdotibus
1113 298 1257 342 dicat:
1289 299 1422 340 omnia
1435 329 1450 350 ‚
1485 298 1626 354 inquit
1639 330 1652 353 ,
1691 312 1958 355 quaecumque
1996 302 2176 344 dixerint
2210 304 2320 345 vobis
2335 335 2348 357 ,
2385 311 2541 348 servate

263 384 306 420 et
322 378 478 431 facite;
502 377 714 419 seeundum
742 385 834 415 vero
863 385 985 426 opera
1006 384 1163 424 eorum,
1191 372 1313 414 nolite
1332 370 1486 424 secere.
1521 369 1643 413 Certe
1663 372 1700 413 si
1729 375 1909 428 propter
1938 373 2145 416 honorem
2176 375 2449 418 sacerdotalis
2469 390 2538 419 caa·

260 449 441 492 thedrae
472 448 656 504 Moysis,
678 443 884 500 praecipit
903 443 1112 486 Dominus
1131 441 1336 498 apostolis
1352 441 1465 494 suis,
1490 440 1779 484 sacerdotibus
1802 442 1877 497 qui
1909 455 2006 485 eum
2038 444 2307 498 crucifixere,
2334 446 2533 502 obedire,

261 520 425 564 scilicet
454 524 502 563 ut
531 518 585 561 ab
614 517 674 559 eis
703 515 867 558 bonum
896 519 1148 571 carperent,
1181 514 1347 570 spinam
1378 515 1603 564 caverent,
1636 524 1724 554 non
1764 516 1828 555 est
1864 513 2043 555 dubium
2083 515 2188 569 quin
2225 516 2326 558 velit
2365 522 2536 560 sanctos

263 603 386 647 reges
414 591 483 634 vel
505 586 728 645 quoslibet
755 586 988 629 saeculares
1017 585 1238 628 catholicis
1265 581 1552 627 sacerdotibus
1581 582 1694 635 suiS,
1726 582 1826 625 licet
1855 583 2130 638 peccantibus
2147 615 2159 637 ,
2185 591 2365 641 propter
2394 600 2535 631 sacer-

262 662 375 705 dotii
405 661 657 716 dignitatem
688 657 862 703 obedire
879 671 898 711 3,
923 657 960 700 si
989 661 1133 700 tamen
1163 655 1339 713 quidam
1367 666 1515 698 eorum
1544 654 1613 696 vel
1642 657 1940 699 communione
1970 657 2039 699 vel
2076 658 2220 700 officio
2256 659 2414 714 privati
2444 673 2533 703 non

262 733 513 776 habeantur.
545 731 643 773 Non
672 730 787 772 enim
817 729 997 785 quilibet
1031 741 1151 784 reges
1180 730 1270 772 sive
1302 727 1400 771 laici
1436 726 1639 783 apostolis
1678 727 1905 769 sanctiores
1944 727 2174 783 aliquando
2214 731 2420 784 inveniri,
2454 744 2533 774 nec

259 803 449 860 quipiam
488 802 703 844 criminosi
742 800 983 845 sacerdotes
1021 801 1091 844 vel
1129 801 1200 844 alii
1235 799 1376 843 clerici
1415 797 1615 854 praefatis
1657 796 1950 840 sacerdotibus
1981 799 2059 840 Dei
2095 800 2417 843 crucifixoribus
2452 814 2532 856 po·-

261 876 404 916 terunt
433 873 602 927 peiores
631 872 796 915 haberi.
840 873 947 916 Item
986 871 1101 915 idem
1135 871 1343 914 Dominus
1377 869 1424 911 in
1458 868 1674 924 evangelio
1709 868 1801 925 ipse
1839 868 2033 924 leprosos
2067 871 2273 926 mundat,
2312 877 2353 914 et
2389 877 2530 916 tamen

257 955 436 987 munera
466 948 509 986 et
539 943 744 998 obsequia
773 943 825 987 ab
856 943 1015 986 eisdem
1043 942 1234 998 legaliter
1264 934 1408 985 debita
1435 945 1522 984 tam
1551 941 1709 996 iniquis
1737 940 2031 984 sacerdotibus
2060 942 2184 984 reddi
2213 945 2452 999 praecipit,
2480 950 2531 988 ut

254 1026 335 1069 per
363 1014 449 1058 hoc
480 1016 743 1070 apertissime
775 1015 952 1069 doceat,
976 1014 1086 1070 quid
1114 1013 1200 1056 suis
1229 1013 1351 1055 novis
1379 1011 1696 1077 sacerdotibus,
1720 1012 1820 1056 licet
1847 1012 2124 1069 peccantibus
2142 1044 2154 1066 ,
2178 1016 2282 1057 velit
2312 1016 2521 1070 exhiberi,

256 1085 293 1126 si
323 1090 487 1128 veteres
516 1086 735 1129 hircorum
766 1086 968 1140 sanguine
995 1088 1239 1128 ‘cruentatos
1268 1085 1361 1140 ipse
1391 1082 1660 1126 sacerdotum
1693 1084 1880 1126 omnium
1910 1084 2110 1140 princeps
2139 1085 2347 1139 legalibus
2378 1100 2528 1130 eorum

256 1156 470 1212 obsequiis
500 1170 589 1199 non
617 1157 807 1213 permisit
837 1155 1122 1200 defraudari.»
1158 1157 1292 1208 Item,
1326 1159 1374 1198 ut
1404 1155 1460 1198 ait
1489 1155 1752 1210 Cyprianus:
1783 1174 1799 1190 «ι
1818 1154 1967 1197 beatus
1996 1156 2154 1199 Paulus
2171 1157 2215 1198 in
2237 1156 2401 1200 actibus
2422 1171 2527 1214 apo-

255 1227 464 1270 stolorum
495 1240 593 1270 cum
622 1228 658 1270 ei
690 1227 851 1270 dictum
882 1231 1014 1280 esset,
1043 1228 1108 1270 *sic
1138 1227 1271 1270 insilis
1299 1226 1345 1269 in
1373 1226 1640 1270 sacerdotem
1669 1227 1747 1269 Dei
1775 1226 2097 1269 maledicendo?
2119 1228 2311 1282 quamvis
2339 1228 2525 1271 Domino

255 1298 341 1339 iam
370 1298 598 1352 crucifixo,
629 1298 827 1352 sacrilegi
858 1302 901 1341 et
931 1299 1052 1355 impii
1074 1302 1117 1340 et
1138 1298 1301 1340 cruenti
1329 1297 1393 1340 illi
1423 1310 1511 1340 esse
1540 1299 1802 1354 coepissent,
1827 1312 1906 1341 nec
1934 1299 2020 1341 iam
2051 1300 2280 1355 quicquam
2310 1313 2360 1342 ex
2389 1313 2527 1344 sacer-

254 1367 388 1411 dotali
426 1369 592 1412 honore
632 1373 675 1411 et
715 1370 965 1412 auctoritate
1005 1370 1234 1412 retinerent
1253 1399 1265 1422 ,
1296 1373 1441 1411 tamen
1477 1368 1615 1425 ipsum
1646 1370 1840 1426 quamvis
1868 1372 1989 1414 inane
2028 1384 2212 1426 nomen,
2253 1377 2295 1415 et
2331 1373 2527 1416 umbram

261 1438 491 1493 quamdam
521 1439 769 1494 sacerdotii,
803 1441 993 1494 cogitans
1012 1441 1166 1483 Paulus
1181 1471 1194 1495 ,
1219 1443 1435 1484 nesciebam
1451 1471 1463 1494 ,
1483 1440 1661 1493 fratres,
1691 1441 1829 1497 inquit
1844 1472 1856 1494 ,
1880 1444 1976 1495 quia
1999 1443 2186 1496 pontifex
2215 1444 2527 1501 esst-scriptum

253 1514 317 1553 est
345 1511 489 1554 enim:
517 1514 744 1567 prinoipem
773 1513 915 1565 populi
945 1516 1005 1554 tui
1033 1525 1111 1560 non
1140 1513 1365 1554 maledices.
1383 1531 1401 1548 ι»
1423 1512 1476 1554 Et
1499 1511 1534 1554 si
1562 1511 1801 1555 sacerdotes
1823 1514 1907 1555 sint
1930 1518 2175 1568 peccatores
2191 1545 2203 1566 ,
2236 1515 2338 1571 quia
2366 1528 2492 1558 nemo
2510 1547 2523 1569 ,

253 1587 303 1625 ut
331 1583 390 1625 ait
418 1583 641 1638 Salomon,
673 1583 858 1627 mundus
877 1615 890 1636 ‚
922 1596 1000 1627 nec
1029 1584 1166 1627 infans
1196 1584 1320 1626 unius
1351 1583 1438 1627 diei
1466 1596 1594 1639 super
1622 1589 1777 1627 terram
1797 1615 1809 1638 ,
1842 1584 1948 1640 quid
1977 1584 2032 1628 ad
2061 1586 2137 1628 te?
2160 1589 2218 1627 Tu
2247 1590 2336 1640 quis
2365 1600 2426 1639 es,
2453 1587 2523 1629 in-

252 1654 350 1708 quit
379 1655 600 1708 apostolus
624 1686 636 1709 ,
668 1658 738 1708 qui
765 1656 919 1696 iudicas
947 1657 1132 1697 alienum¹
1151 1660 1342 1698 servum?
1369 1657 1448 1698 Suo
1471 1657 1633 1697 domino
1662 1661 1761 1709 stat,
1797 1662 1868 1698 aut
1896 1658 2027 1710 eadit5
2052 1659 2173 1699 stabit
2200 1664 2357 1711 autem,·
2382 1664 2524 1712 potens

252 1729 312 1766 est
339 1727 443 1766 enim
474 1727 665 1767 Dominus
693 1730 866 1777 statuere
894 1728 1027 1768 illum.
1062 1727 1170 1769 Item
1199 1726 1325 1769 alibi:
1348 1728 1538 1769 seniorem
1568 1741 1617 1769 ne
1646 1731 1933 1782 increpaveris,
1962 1730 2033 1770 sed
2055 1731 2215 1771 obsecra
2237 1731 2354 1772 illum
2375 1736 2423 1772 nt
2435 1744 2520 1784 pa-

250 1801 368 1838 trem.
402 1796 573 1839 Habent
603 1797 746 1839 clerici
774 1801 999 1852 peccantes
1027 1810 1124 1841 suas
1153 1798 1296 1854 leges,
1322 1797 1478 1853 quibus
1507 1810 1532 1841 a
1561 1799 1647 1841 suis
1677 1798 1969 1842 sacerdotibus
1987 1799 2243 1843 iudicentur.
2271 1802 2388 1844 Sicut
2410 1802 2523 1844 enim

250 1868 295 1909 in
325 1867 600 1923 sequentibus
628 1868 754 1912 latius
782 1868 1060 1925 probabimus
1076 1902 1087 1924 ,
1122 1881 1209 1912 non
1241 1869 1530 1925 quorumlibet
1547 1870 1826 1913 saecularium
1840 1902 1852 1924 ,
1875 1871 1950 1914 sed
1969 1875 2134 1915 tantum
2158 1873 2426 1916 sacerdotum
2448 1874 2518 1915 of-

249 1938 395 1981 ficium
424 1943 510 1994 est,
535 1938 588 1982 de
609 1940 882 1995 peccantibus
903 1940 1194 1984 sacerdotibus
1223 1941 1292 1984 vel
1322 1941 1486 1984 clericis
1515 1942 1758 1984 sententiam
1786 1942 1912 1985 ferre.
1945 1944 2095 1985 Nonne
2127 1943 2289 1998 Chore,
2321 1945 2518 1999 Dathan,

250 2014 294 2051 et
323 2009 513 2065 Abiron,
547 2015 590 2053 et
620 2012 765 2066 Ozias,
797 2013 873 2068 qui
902 2012 1168 2055 sacerdotum
1200 2013 1416 2069 arripuere
1447 2012 1636 2056 officium
1656 2043 1668 2066 ,
1701 2012 1846 2057 divina
1881 2014 2044 2057 ultione
2072 2015 2320 2058 terribiliter
2349 2017 2518 2060 multati

247 2080 383 2123 sunt?
412 2081 563 2124 Nonne
593 2082 698 2126 Ozas
728 2095 824 2125 cum
856 2095 995 2126 arcam
1026 2084 1102 2126 Dei
1126 2096 1255 2127 manu
1276 2088 1510 2127 sustentare
1540 2090 1852 2139 praesumeret,
1877 2085 1977 2141 quia
2005 2085 2050 2128 id
2080 2098 2166 2128 non
2199 2091 2287 2129 erat
2317 2089 2382 2130 sui
2414 2089 2514 2131 offi-

250 2151 331 2204 cii,
364 2163 390 2193 a
419 2152 602 2195 Domino
632 2165 857 2208 percussus
886 2154 1073 2197 interiit?
1095 2156 1180 2198 Pro
1211 2166 1309 2197 arca
1340 2156 1501 2210 quippe
1531 2156 1630 2209 Dei,
1656 2156 1896 2200 sacerdotes
1917 2162 1959 2200 et
1978 2159 2106 2201 ceteri
2130 2159 2270 2201 clerici
2298 2161 2515 2215 accipiun-

247 2225 320 2262 tur
335 2253 346 2275 ,
371 2223 416 2264 in
437 2222 592 2277 quibus
617 2222 765 2267 tabula
793 2226 952 2281 Moysis
981 2238 1078 2268 cum
1109 2226 1278 2268 caelesti
1305 2238 1461 2287 manna
1482 2231 1724 2283 servantur,
1749 2228 1850 2283 quia
1876 2229 1920 2271 in
1941 2241 2088 2271 eorum
2111 2230 2479 2275 aureis-mentibus
2494 2231 2514 2250 *
2559 2250 2647 2279 wod,
2663 2252 2823 2281 mmm-ibus,

246 2291 469 2348 utriusque
497 2294 605 2348 legis
632 2295 714 2337 Dei
742 2296 942 2339 mandata
971 2296 1242 2340 clauduntur.
1278 2298 1390 2340 Haec
1419 2303 1561 2340 autem
1599 2311 1697 2342 arca
1735 2304 1838 2343 tunc
1867 2300 2104 2356 specialiter
2135 2303 2248 2351 ruit,
2286 2315 2381 2345 cum
2423 2304 2510 2347 cle·
2553 2321 2624 2352 coo.
2649 2323 2669 2351 r,
2687 2328 2746 2353 149,

245 2374 320 2404 rus
348 2376 373 2406 a
402 2376 480 2407 suo
510 2366 737 2421 proposito
769 2366 1053 2422 delinquendo
1085 2367 1220 2411 cadit:
1255 2369 1343 2421 sed·
1360 2370 1471 2413 hanc
1500 2383 1588 2414 non
1619 2371 1796 2427 quilibet
1826 2373 1900 2416 sed
1930 2373 2127 2416 sacerdos
2149 2375 2298 2429 erigit,
2323 2388 2419 2418 cum
2443 2389 2514 2420 ec-

243 2434 396 2477 clesiae
425 2436 639 2490 praelatus
669 2438 882 2493 peccantis
913 2438 1014 2480 cleri
1045 2439 1149 2481 vitia
1178 2440 1290 2483 ferit.
1326 2441 1455 2484 Cuius
1483 2442 1713 2486 sacerdotis
1743 2443 1932 2487 officium
1964 2445 2066 2488 dum
2089 2446 2269 2501 quilibet
2291 2448 2511 2491 saecularis

246 2507 451 2558 temerat,
484 2506 670 2549 divinam
698 2509 744 2550 in
773 2520 817 2550 se
846 2509 1044 2564 protinus
1074 2516 1283 2565 provocat
1313 2512 1535 2556 ultionem.
1575 2515 1697 2557 Nunc
1727 2514 1833 2571 quid
1871 2520 2114 2559 sanctorum
2155 2522 2324 2573 patrum
2354 2523 2511 2562 statuta

243 2572 300 2617 de
328 2575 618 2619 ministrorum
646 2579 723 2620 Dei
751 2581 1094 2633 persecutoribus
1125 2584 1392 2636 censuerint,
1430 2584 1659 2628 videamus„

369 2647 413 2688 9.
439 2647 489 2688 In
506 2651 655 2690 octava
669 2649 836 2703 synodo
855 2652 1108 2694 universali
1118 2653 1265 2696 habita
1282 2666 1362 2709 pro
1383 2655 1566 2708 Ignatio.
1590 2669 1686 2712 cap.
1702 2657 1815 2699 XXI,
1843 2657 2097 2701 «Definimus
2114 2660 2319 2702 neminem
2337 2673 2511 2716 prorsus
2551 2676 2566 2693 *
2582 2676 2692 2705 Recole
2707 2684 2735 2714 p,
2752 2681 2794 2705 92.

246 2716 395 2759 mundi
415 2718 678 2772 potentium,
700 2730 958 2775 quemquam
980 2734 1129 2764 eorum
1147 2724 1221 2778 qui
1240 2725 1591 2779 patriarchalibus
1610 2726 1782 2771 sedibus
1800 2733 2026 2784 praesunt,
2046 2729 2302 2773 inhonorare
2322 2736 2395 2774 aut
2414 2745 2509 2775 mo-

246 2800 346 2829 vere
368 2800 392 2830 a
414 2789 594 2844 proprio
617 2789 777 2832 throno
799 2794 964 2833 tentare
979 2823 991 2846 ,
1015 2791 1091 2835 sed
1114 2793 1231 2835 omni
1251 2790 1486 2838 reverentia
1506 2800 1549 2838 et
1567 2797 1732 2840 honore
1754 2798 1905 2854 dignos
1934 2799 2145 2854 iudicare3
2169 2791 2393 2858 praecipue
2415 2815 2507 2846 san-

170 2858 184 2864 “
245 2861 476 2903 ctissimum
496 2863 656 2917 Papam
678 2863 854 2905 senioris
874 2858 1044 2906 Romae.
1065 2883 1082 2899 ι»
1107 2865 1313 2909 Clemens.
1343 2867 1523 2911 «Omnes
1547 2868 1621 2923 qui
1642 2869 1848 2926 episcopis
1870 2871 2192 2926 contradicunt,
2219 2873 2438 2917 damnatos
2465 2880 2508 2918 et

244 2932 418 2974 infames
441 2943 575 2987 usque
603 2933 658 2976 ad
687 2933 1016 2977 satisfactionem
1034 2935 1185 2980 beatus
1206 2938 1354 2980 Petrus
1373 2939 1661 2994 monstrabat3
1687 2945 1728 2983 et
1751 2942 1830 2983 nisi
1853 2946 2198 2986 converterentur
2213 2975 2225 2998 ,
2249 2958 2274 2987 a
2303 2946 2507 2989 limitibus

243 3004 441 3046 ecclesiae
470 3004 627 3048 alienos
657 3018 746 3048 esse
775 3007 1074 3062 praecipiebat.
1095 3026 1113 3044 ι
1148 3008 1381 3052 Alexander
1410 3011 1583 3066 primus.
1623 3030 1639 3047 «
1660 3012 1921 3068 Crucifigunt
1948 3015 2176 3058 Dominum
2193 3049 2205 3071 ,
2238 3018 2431 3071 quicum
2462 3019 2506 3061 in

241 3073 535 3117 sacerdotibus
563 3076 650 3119 suis
679 3082 1008 3132 persequuntur.
1035 3097 1052 3114 υ
1088 3079 1202 3121 Pius·
1243 3098 1259 3116 «
1278 3080 1359 3133 Qui
1388 3082 1466 3124 Dei
1497 3082 1736 3126 sacerdotes
1765 3074 2002 3140 insequitur
2023 3117 2035 3141 ,
2058 3088 2271 3142 sacrilegii
2302 3102 2397 3131 reus
2428 3102 2503 3132 ex-

240 3147 356 3199 titit,
388 3150 432 3187 et
461 3146 568 3188 sicut
598 3148 824 3202 sacrilegus
853 3148 1119 3192 iudicatur.»
1155 3150 1372 3194 Eusebius.
1414 3171 1431 3188 α
1451 3153 1649 3209 Iniquum
1679 3156 1801 3198 nimis
1832 3161 1893 3198 est
1924 3161 2051 3212 atque
2088 3159 2396 3214 incongruum,
2431 3174 2505 3204 eos

242 3218 318 3272 qui
346 3217 570 3272 episcopos
599 3218 668 3260 vel
697 3219 885 3275 reliquos
915 3219 1155 3262 sacerdotes
1178 3233 1252 3264 sua
1283 3224 1575 3277 persecutione
1607 3230 1786 3279 vexant,
1808 3227 2117 3271 catholicorum
2140 3230 2385 3274 nominibus
2416 3232 2504 3275 sine

224 3284 496 3330 discretion'e
526 3288 716 3332 miscere.
741 3308 757 3326 υ
793 3290 1045 3334 Hadrianus.
1084 3310 1100 3327 α
1126 3291 1230 3334 Odit
1249 3294 1364 3336 Deus
1386 3307 1484 3350 eos,
1510 3296 1583 3351 qui
1604 3296 1801 3340 adversus
1830 3303 1973 3354 patres
1994 3305 2236 3360 armantur,
2265 3306 2314 3344 ut
2333 3307 2503 3358 patrum

240 3361 479 3412 invasores,
506 3361 647 3415 quiin
671 3362 788 3404 omni
816 3362 977 3405 mundo
1007 3362 1176 3406 infamia
1206 3369 1422 3408 notantur.
1447 3386 1464 3402 υ
1499 3367 1773 3412 Subiiciamus
1802 3375 2054 3414 sanctorum·
2077 3377 2245 3428 patrum
2271 3379 2427 3416 statuta
2450 3375 2503 3417 de

240 3430 400 3478 iudicio
424 3420 715 3473 ministrorum
734 3432 837 3487 Dei,
863 3446 887 3476 a
906 3433 1062 3489 quibus
1082 3433 1174 3476 fieri
1195 3434 1394 3490 debeant,
1419 3449 1568 3492 pauca.
1591 3439 1787 3484 Silvester
1804 3453 1914 3497 papa
1938 3443 1981 3485 in
2003 3445 2183 3487 concilio
2208 3445 2494 3487 ·CCLXXVII·

239 3502 557 3556 episcoporum.
598 3521 613 3537 «
636 3504 808 3546 Praesul
836 3517 1024 3548 summus
1054 3518 1079 3548 a
1109 3517 1328 3562 quoquam
1358 3519 1446 3550 non
1475 3507 1756 3566 iudicabitur3
1791 3514 2016 3568 quoniam,
2041 3516 2151 3558 sicut
2182 3516 2386 3570 scriptum
2408 3521 2497 3569 est,

235 3586 315 3615 non
344 3580 402 3615 est
431 3575 649 3627 discipulus
677 3589 797 3630 super
825 3581 1072 3630 magristrum.
1098 3596 1114 3613 α
1137 3578 1244 3620 Item
1273 3579 1317 3621 in
1348 3578 1511 3623 eodem.
1551 3599 1568 3616 α
1591 3581 1724 3624 Nemo
1746 3583 1952 3628 iudicabit
1982 3587 2162 3642 primam
2185 3586 2349 3641 sedem,
2384 3600 2496 3643 quo—

237 3646 351 3686 niam
382 3656 527 3687 omnes
557 3645 675 3688 sedes
697 3658 723 3688 a
758 3647 895 3702 prima
923 3647 1022 3690 sede
1053 3649 1213 3691 iustitia
1244 3649 1482 3694 desiderant
1510 3655 1759 3708 temperari:
1794 3668 1931 3712 neque
1961 3657 2014 3699 ab
2048 3660 2264 3712 Augusto,
2285 3670 2422 3713 neque
2443 3659 2496 3700 ab

237 3716 354 3758 omni
370 3715 481 3778 cler-o
495 3749 507 3771 ,
527 3727 664 3771 neque
683 3730 708 3760 a
726 3718 887 3774 populo
901 3749 914 3773 ,
931 3716 1057 3762 iudex
1075 3719 1346 3764 iudicabitur.
1368 3722 1537 3766 Praesul
1557 3736 1660 3767 vero
1681 3738 1767 3768 non
1783 3726 2133 3771 condemnabitur
2150 3728 2228 3770 nisi
2246 3728 2289 3770 in
2310 3730 2490 3771 ·LXXII·

235 3787 412 3831 testibus
425 3801 437 3843 3
471 3788 695 3845 presbyter
724 3789 945 3833 cardinalis
967 3790 1084 3834 urbis
1105 3791 1263 3835 Romae
1285 3793 1327 3836 in
1353 3792 1540 3838 ·XLIIII·
1567 3795 1754 3840 diaconis
1777 3798 2058 3843 cardinalibus
2081 3799 2197 3842 urbis
2218 3801 2401 3854 Romae;
2427 3813 2495 3843 re-

2284 3871 2316 3910 Ο
