2996 4432
290 1729 359 1759 cod.
378 1730 398 1760 f.
420 1733 479 1759 127.

506 265 570 310 90
1436 275 1565 307 caan.
1603 276 1845 308 erasm-:mr

503 362 627 419 quod
649 362 693 405 in
718 372 865 404 eorum
885 359 1096 403 sacrificio
1120 371 1209 402 non
1231 361 1440 415 accipitur
1459 362 1612 410 Christi
1635 376 1790 418 corpus
1822 365 1872 416 1),
1894 363 2004 407 sicut
2027 377 2102 407 nec
2123 366 2165 408 in
2186 365 2438 422 baptismate
2466 369 2643 423 Spiritus
2676 383 2771 413 san-

508 442 617 479 ctus.
657 434 863 485 Proinde,
899 437 947 475 ut
977 445 1105 487 supra
1136 432 1298 475 dictum
1324 437 1411 488 est,
1443 435 1691 477 eorumdem
1724 433 1926 477 sacrificia
1954 436 2188 491 Cyprianus
2217 437 2612 483 contaminationem
2635 447 2676 484 et
2697 456 2768 486 sa-

511 507 728 560 crilegium
759 510 802 547 et
832 504 1087 556 falsitatem3
1126 504 1441 559 Hieronymus,
1475 506 1622 548 odium
1654 506 1759 558 Dei,
1793 510 1835 547 et
1860 506 2095 560 foetorem,
2129 509 2315 551 Gelasius
2343 510 2647 564 pollutionem;
2680 515 2762 556 Pe-

509 579 643 633 lagius
671 581 713 619 et
738 577 965 629 Gregorius
990 574 1259 628 sacrilegium
1290 579 1333 617 et
1353 577 1683 629 execrationem,
1708 577 1940 620 nominant.
1965 578 2016 619 Et
2036 582 2085 619 ut
2108 579 2164 620 ait
2186 581 2384 634 Prosper,
2420 583 2677 635 Augustinus
2701 585 2771 626 di-

512 651 591 704 cit,
617 649 719 703 quia
743 648 863 689 locus
884 646 973 688 veri
1001 646 1197 689 sacrificii
1215 659 1303 688 non
1326 652 1404 700 est,
1426 651 1542 690 extra
1566 646 1818 689 catholicam
1840 647 2070 690 ecclesiam.
2093 650 2287 692 Attamen
2309 650 2424 693 idem
2443 653 2702 706 Augustinus
2725 656 2771 697 in

511 721 621 763 libro
650 720 701 761 de
728 719 999 773 baptismate,
1023 721 1066 758 et
1086 717 1141 761 ad
1167 718 1455 771 vincentium,
1478 723 1520 759 et
1548 717 1801 770 Emeritam,
1823 722 1865 759 et
1887 718 2073 773 reliquos
2094 720 2334 763 Donatistas
2359 722 2524 764 scribit:
2552 728 2601 765 ut
2626 724 2775 767 haere-

515 793 696 834 ticorum
714 795 757 832 et
782 789 1145 832 schismaticorum
1164 788 1421 844 baptismum
1442 794 1485 831 et
1506 789 1665 843 reliqua
1693 793 1950 831 sacramenta
1966 820 1978 842 ,
2002 790 2035 831 si
2051 790 2109 831 ita
2127 790 2181 832 ab
2210 791 2270 833 eis
2290 791 2398 834 fiunt
2425 798 2471 834 nt
2492 795 2534 835 in
2563 796 2774 840 catholica

473 898 478 902 .
511 862 715 914 ecclesia,
748 865 889 903 sancta
922 860 1095 915 quidem
1129 865 1171 902 et
1202 859 1441 902 veneranda
1474 873 1561 902 esse
1581 893 1593 915 ,
1616 865 1672 903 ‚et
1697 860 1843 902 eadem
1873 862 1988 905 intus
2021 865 2063 903 et
2094 861 2199 903 foris
2235 862 2408 916 haberi;
2442 864 2515 906 sed
2539 865 2620 907 illis
2653 871 2771 909 extra
2837 884 2840 913 3

511 933 731 976 ecclesiam
759 932 864 974 nihil
890 931 1122 986 prodesse;
1153 932 1284 973 immo
1313 931 1494 972 multum
1518 930 1696 983 obesse3
1724 931 1820 973 etsi
1848 931 1903 973 ad
1935 932 2185 975 catholicam
2214 933 2412 976 redierint
2436 937 2659 990 unitatem,
2691 951 2765 980 ea·

512 1005 612 1047 dem
640 1008 896 1046 sacramenta
928 1001 1069 1046 iterari
1099 1015 1187 1044 non
1218 1001 1387 1044 debere.
1423 1001 1652 1044 Videamus
1679 962 1783 1049 liaeo
1813 1001 1928 1055 duo;
1967 1004 2106 1057 primo
2136 1004 2354 1058 quomodo
2390 1007 2679 1060 accipiendum
2713 1010 2769 1051 sit

516 1076 600 1117 hoc
631 1074 747 1129 quod
778 1075 952 1127 scribit,
990 1074 1300 1116 haereticorum
1331 1073 1418 1142 sive
1453 1072 1817 1115 schismaticorum
1847 1078 2103 1115 sacramenta
2135 1079 2279 1116 sancta
2314 1087 2430 1129 esse,
2464 1089 2560 1118 cum
2591 1078 2768 1131 praefati

516 1151 659 1201 patres
688 1145 933 1187 eorumdem
964 1144 1166 1186 sacrificia
1198 1143 1595 1185 contaminationem
1627 1147 1669 1185 et
1701 1143 1964 1197 sacrilegium
1994 1143 2231 1196 affirment,
2275 1158 2399 1188 omne
2433 1152 2571 1189 autem
2608 1149 2772 1192 sacrifi-

515 1219 632 1259 cium
659 1218 715 1259 sit
748 1221 1064 1259 sacramentum.
1099 1215 1288 1258 Alterum
1317 1228 1419 1257 vero
1450 1214 1533 1257 hoc
1566 1214 1686 1269 quod
1711 1214 1815 1258 dixit
1848 1214 1996 1258 eadem
2027 1221 2283 1259 sacramenta
2307 1230 2393 1259 non
2423 1216 2578 1260 debere
2605 1219 2764 1262 iterari.

517 1289 624 1332 Nam
645 1292 820 1342 propter
837 1286 1078 1329 huiusmodi
1097 1287 1247 1339 verba,
1268 1287 1314 1328 in
1332 1286 1486 1341 quibus
1516 1285 1681 1329 videtur
1700 1286 1922 1341 praedictis
1943 1286 2136 1342 patribus
2159 1289 2370 1335 contraire
2388 1290 2445 1343 2),
2467 1275 2768 1334 dicendo’hae-

519 1360 747 1401 reticorum
774 1371 846 1400 seu
881 1358 1244 1400 schismaticorum
1274 1362 1532 1399 sacramenta
1561 1361 1703 1400 sancta
1725 1370 1813 1399 esse
1831 1390 1843 1412 ,
1866 1361 2010 1412 potest
2033 1358 2167 1400 videri
2196 1359 2319 1402 alicui
2345 1361 2595 1416 simplicium
2621 1363 2769 1407 talium

519 1429 754 1483 sacrificia,
784 1430 916 1471 veluti
946 1435 1233 1483 sacrosancta,
1258 1429 1316 1484 ¹ad
1335 1429 1512 1471 salutem
1542 1429 1648 1471 sumi
1678 1440 1829 1484 posse,
1865 1433 1908 1470 et
1929 1428 2025 1471 ideo
2055 1429 2160 1471 libet
2192 1430 2401 1483 quaedam
2426 1432 2557 1487 ipsius
2592 1433 2646 1475 ad
2674 1433 2779 1477 eos?

526 1500 621 1542 dem
655 1501 893 1542 Donatistas
922 1501 989 1542 hic
1018 1500 1145 1543 verba
1171 1500 1443 1553 subnectere3
1474 1504 1518 1542 et
1546 1503 1646 1554 post
1671 1500 1751 1542 alia
1779 1499 1988 1553 quaedam
2018 1499 2204 1542 eiusdem
2235 1514 2363 1555 super
2395 1502 2626 1545 Iohannem
2659 1505 2773 1548 dicta

524 1572 801 1627 subiungere,
830 1583 907 1627 per
926 1583 1043 1627 quae
1071 1576 1214 1626 aperte
1245 1572 1405 1626 liqueat
1436 1571 1553 1626 quod
1583 1572 1691 1614 sicut
1714 1572 1758 1613 in
1793 1571 2098 1614 haereticorum
2119 1572 2188 1614 vel
2210 1573 2572 1616 schismaticorum
2601 1574 2765 1630 baptis-

522 1648 632 1686 mate
662 1656 747 1686 non
777 1643 981 1698 accipitur
1009 1643 1187 1698 Spiritus
1220 1648 1416 1695 sanctus,
1447 1644 1507 1684 ita
1536 1654 1614 1685 nec
1640 1643 1683 1684 in
1713 1642 1917 1684 sacrificio
1948 1643 2152 1686 Christus.
2471 1674 2474 1677 v

640 1716 682 1756 6.
717 1715 974 1768 Augustinus
1002 1714 1230 1756 Donatistis
1261 1714 1370 1756 inter
1409 1718 1561 1756 cetera.
1599 1732 1615 1749 α
1639 1715 1726 1756 Vos
1759 1726 1861 1768 ergo
1890 1715 2105 1756 mutamini
2138 1727 2187 1756 ex
2215 1727 2263 1757 ea
2293 1719 2409 1769 parte
2437 1728 2521 1770 qua
2549 1716 2772 1760 dissentie-

522 1786 631 1829 batis
648 1817 659 1839 ‚
692 1787 883 1840 quamvis
913 1790 1166 1828 sacramenta
1199 1798 1308 1841 quae
1334 1786 1524 1840 habetis,
1555 1797 1652 1827 cum
1682 1785 1829 1827 eadem
1858 1786 2005 1827 sintin
2039 1779 2259 1838 omnibus,
2285 1790 2423 1828 sancta
2451 1791 2563 1828 sunt.
2589 1788 2684 1830 Non
2702 1802 2768 1831 sa-

523 1862 735 1899 cramenta
765 1868 873 1911 quae
902 1869 988 1898 non
1021 1857 1218 1910 mutatis,
1247 1858 1355 1899 sicut
1378 1857 1542 1899 habetis
1565 1857 1855 1912 approbantur
1884 1869 1908 1899 a
1938 1857 2088 1899 nobis:
2123 1869 2176 1898 ne
2198 1856 2310 1898 forte
2332 1870 2428 1899 cuin
2458 1862 2636 1900 vestram
2657 1872 2762 1914 pau-

523 1929 691 1969 citatem
723 1928 934 1981 corrigere
960 1928 1155 1969 volumus
1171 1959 1183 1981 ,
1220 1928 1301 1970 illis
1330 1929 1539 1983 mysteriis
1575 1928 1753 1981 Christi,
1784 1941 1893 1983 quae
1925 1928 2134 1970 in·vestra
2162 1928 2374 1982 paucitate
2409 1928 2631 1983 depravata
2668 1942 2757 1972 non

524 2003 648 2050 sunt,
677 1998 918 2052 sacrilegam
955 1999 1144 2040 iniuriam
1179 1998 1396 2041 faciamus.
1422 2018 1438 2035 »
1483 1998 1597 2041 Idem
1631 1998 1801 2041 eisdem.
1847 2017 1863 2034 «
1885 2000 1947 2042 Ita
1979 2011 2081 2052 ergo
2115 2011 2194 2040 nec
2223 1999 2351 2051 foris,
2380 1999 2489 2041 sicut
2518 2012 2597 2042 nec
2625 2000 2764 2055 intus,

524 2070 745 2123 quisquam
778 2071 850 2123 qui
881 2083 930 2111 ex
961 2075 1080 2124 parte
1111 2069 1267 2111 diaboli
1295 2074 1381 2123 est,
1417 2074 1559 2125 potest
1592 2070 1638 2111 in
1670 2082 1714 2112 se
1743 2069 1811 2112 vel
1843 2070 1886 2111 in
1917 2082 2187 2124 quocumque
2223 2070 2425 2112 maculare
2459 2076 2766 2115 sacramentum

523 2141 642 2196 quod
671 2141 825 2183 Christi
851 2145 927 2182 est.
953 2160 971 2177 u
1003 2141 1107 2203 Item
1136 2141 1189 2183 ad
1220 2140 1403 2184 eosdem.
1442 2160 1458 2177 α
1481 2142 1741 2183 Sacramenta
1773 2141 1850 2182 Dei
1872 2140 2028 2194 ubique
2055 2145 2170 2182 recta
2197 2145 2319 2193 sunt3
2349 2146 2390 2183 et
2419 2142 2515 2183 mali
2545 2142 2761 2195 homines,

527 2214 681 2268 quibus
709 2213 814 2256 nihil
848 2216 1049 2268 prosunt,
1083 2212 1242 2267 ubique
1271 2213 1458 2267 perversi
1487 2216 1583 2254 sunt
1614 2217 1658 2265 et
1684 2212 1798 2254 intus
1820 2216 1861 2254 et
1887 2211 2044 2272 foris.)
2078 2213 2180 2253 Ecce
2212 2212 2280 2254 hic
2312 2213 2479 2254 videtur
2509 2215 2772 2268 Augustinus

523 2288 762 2331 memoratis
789 2286 980 2341 patribus
1011 2284 1234 2336 reluctari,
1270 2283 1450 2326 dicendo
1490 2283 1800 2325 haeretieorum
1829 2282 1894 2324 vel
1928 2282 2293 2324 schismaticorum
2328 2289 2612 2337 sacramenta,
2647 2286 2766 2328 verbi

525 2360 658 2414 gratia
687 2359 939 2413 baptismum
961 2361 1003 2398 et
1025 2354 1299 2407 sacrificium,
1330 2358 1593 2396 sacrosancta
1616 2353 1812 2406 credere3
1842 2366 1938 2395 cum
1959 2353 2148 2408 superius
2169 2353 2412 2395 eorumdem
2436 2355 2635 2398 sacrificia
2648 2357 2764 2412 ,Cy-

483 2479 486 2483 ,
524 2432 697 2486 prianus
724 2430 797 2484 qui
824 2433 943 2470 ante
950 2440 1046 2469 eum
1080 2427 1160 2468 fuit
1201 2406 1598 2468 contaminationem
1626 2429 1669 2466 et
1704 2424 1963 2477 sacrilegium
2000 2428 2041 2465 ct
2070 2424 2643 2480 falsitatem3ffie10nymus
2675 2428 2768 2470 eius

467 2496 470 2501 ’
526 2506 929 2567 contemporaneus,
965 2498 1107 2540 odium
1135 2499 1212 2540 Dei
1242 2500 1286 2539 et
1312 2495 1519 2538 foetorem
1543 2497 1660 2548 Deo3
1687 2495 1873 2538 Gelasius
1906 2506 2006 2536 vero
2037 2498 2079 2536 ct
2110 2494 2303 2548 Pelagius
2322 2500 2363 2537 et
2396 2496 2621 2549 Gregorius
2652 2510 2764 2551 pon-

527 2561 658 2615 titices
673 2605 685 2627 ,
711 2571 785 2626 qui
806 2575 902 2626 post
927 2583 1022 2612 eum
1044 2569 1245 2621 extitere,
1278 2567 1542 2621 sacrilegium
1573 2566 1882 2609 nominaverint
1907 2570 1950 2608 et
1970 2565 2290 2607 execrationem.
2324 2566 2600 2609 Attendamus
2624 2569 2770 2624 itaque

529 2643 634 2699 quid
660 2643 772 2685 idem
800 2642 945 2684 dicat
935 2654 979 2683 1n
1002 2653 1192 2683 sermone
1222 2639 1275 2682 de
1295 2638 1572 2693 blasphemia.
1611 2657 1627 2674 «
1650 2640 1796 2680 Potest
1821 2649 1909 2678 esse
1933 2636 2108 2679 visibilis
2128 2636 2266 2678 torma
2296 2636 2476 2691 palmitis
2496 2638 2619 2680 etiam
2621 2651 2771 2693 piae-

526 2720 590 2758 ter
615 2714 769 2765 vitem,
802 2713 877 2755 sed
896 2712 1148 2754 invisibilem
1174 2712 1304 2753 vitam
1335 2710 1488 2754 radicis
1509 2710 1662 2752 habe're
1684 2722 1772 2751 non
1801 2712 1970 2763 potest,
1998 2708 2078 2749 nisi
2107 2707 2151 2749 in
2181 2707 2280 2748 vite.
2315 2707 2496 2749 Proinde
2529 2710 2767 2764 corporalia
2805 2704 2810 2710 ’

528 2789 783 2828 sacramenta
816 2795 922 2838 quae
956 2787 1128 2838 portant
1154 2787 1213 2824 et=
1229 2781 1445 2824 celebrant
1471 2782 1595 2823 etiam
1628 2779 1837 2835 segregati
1868 2778 1921 2821 ab
1953 2779 2114 2820 unitate
2149 2778 2340 2832 corporis
2369 2779 2550 2831 Christi,
2585 2780 2767 2823 formam

526 2860 704 2912 possunt
735 2855 929 2898 exhibere
962 2855 1150 2909 pietatis:
1182 2843 1315 2895 virtus
1349 2865 1450 2894 vero
1480 2852 1644 2907 pietatis
1673 2850 1893 2893 invisibilis
1921 2855 1962 2892 et
1994 2849 2222 2904 spiritualis
2252 2850 2312 2891 ita
2341 2850 2385 2891 in
2415 2850 2474 2891 eis
2508 2863 2595 2892 non
2626 2856 2770 2906 potest

527 2940 613 2970 esse
630 2958 644 2982 ‚
668 2926 1020 2982 quemadmodum
1041 2938 1184 2967 sensus
1210 2937 1296 2967 non
1324 2925 1513 2978 sequitur
1534 2920 1717 2965 hominis
1744 2921 2002 2974 membrum,
2027 2920 2195 2975 quando
2215 2924 2455 2974 amputatur
2477 2933 2500 2962 a
2525 2933 2720 2976 corpore.
2743 2942 2759 2958 n

527 2999 645 3042 Idem
677 3010 802 3053 super
833 2997 1064 3039 Iohannem
1086 2990 1272 3038 ¹homilia
1301 2995 1502 3049 vigesima
1532 2998 1663 3036 sexta.
1702 3012 1719 3028 «
1741 2994 1847 3035 Nam
1877 2997 1920 3035 et
1951 3005 2057 3044 nos,
2094 2992 2260 3046 inquit,
2289 2991 2415 3034 hodie
2444 2992 2671 3047 accipimus
2702 2995 2765 3035 vi-

528 3070 691 3112 sibilem
718 3070 888 3122 cibum,
921 3068 995 3111 sed
1030 3067 1143 3109 aliud
1175 3057 1595 3118 estsacramentum,
1631 3063 1744 3107 aliud
1772 3065 1904 3106 virtus
1937 3064 2199 3106 sacramenti.
2221 3082 2237 3099 υ
2277 3065 2330 3106 Et
2365 3064 2490 3118 paulo
2526 3069 2640 3118 post.
2681 3083 2699 3102 ι
2721 3066 2774 3108 Si·

528 3144 623 3197 quis
650 3142 964 3184 manducaverit
985 3153 1034 3182 ex
1052 3141 1136 3182 hoc
1165 3151 1296 3194 pane,
1322 3139 1434 3179 vivet
1454 3138 1499 3179 in
1526 3142 1755 3178 aeternum.
1785 3134 1863 3177 Sed
1883 3135 1966 3176 hoc
1992 3135 2172 3189 pertinet
2190 3134 2243 3176 ad
2269 3135 2468 3176 virtutem
2489 3137 2763 3189 sacramenti,

527 3226 615 3257 non
645 3214 700 3256 ad
723 3213 882 3254 visibile
910 3216 1228 3254 sacramentum.
1247 3229 1263 3245 »
1298 3210 1350 3250 Et
1375 3207 1501 3249 infra.
1534 3226 1550 3242 α
1573 3207 1653 3258 Qui
1679 3219 1766 3248 non
1791 3209 1930 3248 manet
1957 3206 2002 3247 in
2033 3205 2197 3247 Christo
2214 3239 2226 3258 ,
2248 3209 2291 3246 et
2318 3205 2360 3246 in
2391 3217 2477 3259 quo
2507 3217 2593 3249 non
2621 3210 2763 3248 manet

528 3287 716 3328 Christus
732 3316 744 3338 ,
776 3297 862 3325 non
895 3282 1120 3324 manducat
1146 3294 1311 3324 carnem
1341 3281 1458 3332 eius,
1489 3291 1568 3321 nec
1600 3278 1845 3333 sanguinem
1872 3276 2005 3331 bibit,
2028 3276 2126 3318 licet
2152 3279 2287 3317 tantae
2308 3275 2367 3316 rei
2385 3279 2685 3317 sacramentum
2711 3274 2768 3318 ad

528 3356 731 3399 iudicium
764 3355 843 3396 sibi
871 3353 1097 3414 manducet
1126 3357 1168 3395 et
1199 3353 1335 3395 bibat.
1360 3371 1378 3388 ι»
2466 3333 2469 3337 ’

650 3427 692 3468 7.
730 3425 918 3467 Isidorus
953 3436 1124 3478 quoque
1162 3425 1205 3466 in
1245 3422 1484 3465 officiorum
1521 3421 1633 3464 libro
1671 3420 1730 3463 ita
1764 3418 1924 3462 scribit.
1971 3438 1987 3454 «ι
2011 3417 2138 3461 Aliud
2175 3422 2238 3460 est
2274 3421 2575 3460 sacramentum
2594 3449 2618 3472 ,.
2647 3417 2767 3472 quod

533 3510 615 3557 ore
635 3498 866 3553 percipitur
886 3526 898 3549 ,
931 3500 973 3537 et
1003 3496 1045 3537 in
1084 3496 1327 3538 alimentum
1362 3493 1554 3549 corporis
1591 3491 1829 3547 redigitur3
1861 3490 1976 3533 aliud
2003 3491 2136 3532 virtus
2165 3489 2408 3532 sacramenti
2428 3519 2440 3541 ‚
2474 3501 2557 3543 qua
2587 3489 2770 3531 interior

532 3570 662 3613 homo
692 3569 894 3620 satiatur,
928 3571 971 3608 et
999 3566 1130 3609 vitam
1159 3572 1368 3609 aeternam
1398 3564 1657 3620 adipiscitur.
1683 3582 1700 3599 υ
1737 3564 1788 3604 Et
1816 3561 1944 3617 paulo
1976 3565 2090 3616 post.
2133 3579 2150 3596 α
2168 3558 2422 3602 Sacrificium
2452 3558 2607 3601 dicitur
2645 3559 2764 3614 quasi

647 3656 677 3697 1)
698 3656 780 3693 Qui-s
800 3664 865 3687 non
887 3654 976 3686 videt
997 3654 1231 3686 reformandam
1252 3662 1321 3686 esse
1342 3653 1425 3685 hanc
1446 3651 1623 3686 Deusdedit
1642 3650 1745 3683 nostri
1766 3650 1968 3690 doctrinam,
1983 3650 2016 3681 et
2033 3647 2213 3680 contrariae
2233 3647 2342 3688 potius
2355 3645 2490 3678 firmiter
2509 3645 2769 3686 adimerendum,

527 3720 625 3754 quam
645 3710 801 3742 veraciter
823 3709 1014 3749 copioseque
1035 3707 1134 3739 tradit
1149 3709 1181 3739 S.
1198 3709 1310 3739 Petrus
1325 3706 1521 3746 Damianns,
1543 3705 1577 3736 in
1598 3704 1723 3745 egregio
1743 3702 1931 3744 praesertim
1951 3701 2106 3743 opusculo
2127 3701 2282 3741 inscripto
2304 3701 2548 3740 Gratissimus,
2573 3700 2628 3731 cui
2646 3699 2768 3732 frustra

528 3766 636 3797 noster
664 3763 765 3795 nimio
792 3762 859 3795 zelo
885 3761 1037 3802 abreptus
1062 3760 1274 3792 contradicit?
1300 3761 1450 3792 Ceterum
1476 3730 1521 3791 de²
1539 3757 1710 3798 multipiici
1736 3757 1797 3788 hac
1816 3755 2004 3796 quaestione
2025 3755 2082 3786 diu
2103 3754 2307 3795 graviterque
2332 3754 2445 3785 eontra
2470 3752 2666 3785 simoniacos
2686 3750 2777 3783 illius

528 3817 682 3859 temporis
704 3817 752 3847 vel
774 3815 951 3847 haereticos
970 3813 1150 3846 sacerdotes
1170 3813 1382 3854 disceptatum
1404 3811 1502 3844 fuisse
1522 3811 1563 3843 ab
1584 3810 1767 3852 episeopis,
1787 3809 1896 3841 nanat
1917 3808 1988 3849 ipse
1998 3808 2112 3842 Petrus
2132 3806 2166 3839 in
2186 3807 2238 3839 sui
2260 3806 2371 3848 scripti
2391 3805 2498 3838 initio

644 3870 675 3911 2)
697 3871 834 3913 Legatur
855 3868 941 3910 apud
962 3876 1021 3900 nos
1040 3867 1179 3908 Bonizo,
1202 3866 1258 3907 qni
1281 3875 1312 3907 p.
1339 3871 1367 3899 ι.
1391 3865 1454 3898 hoc
1472 3865 1577 3906 ipsum
1600 3864 1825 3905 argumentum
1848 3863 1965 3896 versat.
