2996 4432
1259 264 1500 299 nomzoms.
2462 255 2523 302 ῃ

252 355 518 412 benedici.
552 355 619 408 Et
641 351 708 408 de
733 350 1007 406 Bonifacio
1037 350 1134 424 qui
1162 350 1524 404 monachabus
1539 359 1605 404 'et
1631 348 1940 406 diaconissis
1966 351 2240 406 interdixit
2266 371 2334 407 ne
2359 373 2525 408 sacra-

256 454 311 494 ta
348 460 470 494 vasa
509 439 593 492 vel
639 437 805 509 pallas
851 447 1131 507 tangerent
1175 434 1369 489 altaris.
1418 434 1487 485 Et
1522 431 1590 486 de
1631 434 1927 488 Caelestino
1965 436 2061 506 qui
2097 436 2375 490 constituit
2398 479 2410 503 ,
2459 450 2521 491 ut

254 525 439 596 psalmi
470 520 685 576 Davidis
707 519 833 574 ·CL·
852 537 1076 573 numero
1101 516 1491 589 antiphonatim
1524 527 1868 570 cantarentur
1909 530 2033 570 ante
2057 537 2347 585 canonem;
2394 540 2521 574 nam

252 618 430 671 antea,
459 603 785 675 evangelium
811 613 1020 654 tantum
1038 613 1092 655 et
1111 601 1363 673 epistolae
1385 598 1715 671 legebantur.
1739 590 1807 652 Et
1829 600 1895 652 de
1913 600 2083 666 Sixto,
2107 603 2201 674 qui
2225 604 2514 670 ecclesiam,
2596 616 2598 618 ’

247 709 384 761 quae
408 688 600 742 dicitur
625 685 694 740 ad
720 703 1004 757 praesepe,
1041 697 1094 738 et
1122 683 1282 738 hodie
1310 694 1533 738 vocatur
1569 682 1739 735 maior
1776 684 2023 749 ecclesia,
2057 685 2114 736 in
2150 699 2332 739 monte
2362 687 2514 740 Livio

244 771 558 826 aedificavit.
598 771 663 822 Et
704 768 770 821 de
806 787 999 839 magno
1041 769 1221 822 Leone
1262 770 1359 840 qui
1395 766 1667 825 ecclesiam
1696 779 1737 818 a·
1763 768 2066 820 nestoriana
2102 779 2156 820 et
2188 771 2516 841 eutychiana

247 854 484 919 haeresi,
516 873 611 906 sua
634 850 1030 924 praedicatione
1051 851 1326 914 liberavit,
1361 862 1414 904 et
1444 849 1690 903 Dioscori
1723 850 2028 921 superbiam
2067 851 2301 904 calcavit.
2343 854 2410 906 Et
2445 853 2514 907 de

249 938 434 990 Hilaro
471 937 688 989 natione
723 934 879 988 sardo
899 975 914 998 ,
955 935 1051 1007 qui
1082 933 1358 989 interdixit
1399 945 1460 985 ut
1493 932 1738 1005 pontifex
1777 933 1878 985 sibi
1910 951 2260 987 successorem
2297 936 2513 1007 eligeret

244 1023 313 1074 Et
346 1020 412 1074 de
451 1020 719 1092 Simplicio
758 1019 1053 1082 tiburtinO,
1097 1019 1194 1090 qui
1231 1016 1472 1071 ·XXVII·
1510 1017 1850 1088 presbyteros
1881 1018 2081 1069 Romae
2116 1020 2409 1072 constituit.
2445 1023 2516 1073 Et

245 1107 312 1160 de
339 1106 510 1159 Felice
529 1105 800 1176 episcope,
824 1115 877 1156 et
893 1102 963 1156 de
982 1103 1194 1155 Gelasio
1219 1102 1534 1156 scholastico
1559 1101 1778 1156 doctore
1802 1101 2052 1166 mirificO,
2075 1103 2170 1174 qui
2189 1103 2513 1173 gelasianum

244 1189 481 1243 codicem
505 1189 829 1260 composuit,
863 1199 917 1240 et
943 1188 1250 1240 innumeros
1273 1198 1527 1240 tractatus
1553 1186 1677 1239 fecit
1697 1186 1765 1255 1),
1794 1197 1856 1238 ut
1883 1186 2071 1238 beatus
2091 1187 2434 1253 Ambrosius;
2459 1200 2513 1240 et

247 1274 530 1327 declaravit
559 1273 653 1344 qui
679 1272 803 1324 libri
834 1271 1000 1342 recipi
1031 1270 1262 1324 debeant
1288 1270 1346 1323 in
1376 1270 1594 1323 ecclesia
1626 1270 1789 1341 quive
1813 1270 2142 1341 contempni:
2179 1282 2232 1322 et
2256 1290 2366 1341 quo
2390 1282 2511 1324 tem-

244 1376 377 1429 pore
413 1355 776 1409 ordinationes
812 1353 1147 1407 sacerdotum
1183 1364 1587 1425 ceterorumque
1623 1352 1873 1406 ordinum
1909 1353 2024 1405 fieri
2054 1350 2297 1406 debeant.
2340 1355 2407 1406 Et
2442 1354 2510 1408 de

244 1433 523 1492 Anastasio
559 1439 672 1490 eius
705 1455 1004 1490 successore
1024 1478 1038 1501 ,
1081 1437 1175 1509 qui
1211 1436 1847 1508 constantinopolitanum
1884 1436 2256 1507 imperatorem
2300 1456 2510 1491 excom—

244 1523 547 1589 municavit.
581 1523 645 1573 Et
667 1520 733 1573 de
758 1520 1076 1592 Symmacho
1107 1519 1262 1573 sardo
1278 1561 1293 1584 ,
1327 1521 1423 1592 qui
1447 1521 1721 1573 constituit
1739 1520 1987 1572 omnibus
2015 1519 2292 1574 dominicis
2317 1520 2507 1575 diebus

246 1618 298 1658 et
326 1606 581 1658 nataliciis
608 1605 970 1676 apostolorum
1001 1616 1054 1657 et
1083 1615 1377 1676 martyrum
1407 1605 1669 1675 hymnum
1699 1604 1993 1674 angelicum
2027 1603 2313 1658 decantari.
2350 1608 2415 1659 Et
2440 1607 2508 1660 de

244 1689 526 1742 Hormisda
560 1707 777 1760 magnae
818 1690 955 1741 vitae
994 1699 1048 1741 et
1086 1688 1277 1740 meriti.
1318 1690 1385 1741 Et
1421 1687 1488 1741 de
1522 1689 1761 1740 Iohanne
1805 1688 1918 1740 eius
1960 1707 2288 1754 successore,
2324 1692 2418 1762 qui
2448 1692 2506 1744 in

244 1772 482 1825 custodia
512 1771 829 1825 Theoderici
862 1772 1000 1843 regis
1033 1782 1276 1824 mortuus
1303 1782 1399 1823 est.
1435 1772 1502 1823 Et
1539 1770 1606 1823 de
1641 1771 1841 1834 Felice,
1882 1772 1974 1842 qui
2002 1773 2352 1843 patriarcham
2386 1794 2507 1827 con-

244 1856 775 1927 stantinopolitanum
805 1874 903 1927 per
928 1855 1208 1926 epistolam
1245 1854 1734 1907 excommunicavit.
1770 1855 1837 1906 Et
1867 1854 1934 1906 de
1966 1856 2238 1908 Bonifacio
2265 1859 2358 1927 qui
2386 1878 2506 1911 con-

242 1940 487 1991 stitutum
515 1939 638 1991 fecit
655 1978 668 2000 ,
698 1949 759 1990 ut
791 1957 904 1990 non
934 1937 1084 1990 fieret
1115 1937 1300 1990 electio
1326 1939 1532 1990 romani
1554 1938 1821 2009 pontificis
1846 1938 1947 1990 nisi
1980 1950 2104 2009 post
2129 1942 2341 1992 tertium
2366 1942 2506 1994 diem

243 2022 592 2093 depositionis
622 2023 751 2073 eius.
779 2022 844 2073 Et
863 2020 930 2073 de
950 2021 1186 2073 Iohanne
1208 2020 1320 2072 eius
1345 2038 1660 2073 successore.
1694 2022 1760 2074 Et
1785 2020 1852 2073 de
1882 2022 2111 2092 Agapito
2139 2024 2234 2094 qui
2259 2024 2506 2077 Mennam

245 2105 879 2176 constantinopolitanum
915 2103 1181 2157 ordinavit
1210 2104 1538 2175 episcopum.
1573 2105 1640 2156 Et
1663 2103 1731 2155 de
1760 2103 1978 2156 Silverio
1997 2145 2010 2170 ,
2040 2106 2134 2176 qui
2159 2107 2359 2176 primus
2383 2120 2506 2178 post

244 2189 385 2241 beati
416 2187 654 2239 Silvestri
670 2247 673 2251 Ι
690 2198 932 2258 tempora
968 2187 1082 2239 sine
1107 2187 1366 2258 imperiali
1391 2206 1608 2240 assensu
1625 2229 1637 2249 ‚
1666 2188 1972 2240 Gothorum
1998 2209 2158 2241 manu
2195 2202 2273 2242 est
2299 2191 2505 2244 ordina—

243 2284 329 2323 tus
353 2291 366 2336 ;
408 2271 611 2342 quique
636 2282 827 2340 postea
856 2269 1045 2322 fraude
1070 2270 1254 2341 Vigilii
1285 2271 1337 2339 2)
1364 2270 1446 2322 sui
1483 2269 1875 2335 archidiaconi,
1905 2290 1972 2323 ex
2005 2285 2288 2344 praecepto
2325 2275 2508 2327 uxoris

193 2367 204 2376 ‘
242 2355 475 2407 Belisarii
508 2353 715 2424 patricii
745 2353 1037 2406 monachus
1069 2353 1268 2418 factm,
1306 2353 1468 2406 exilio
1496 2353 1805 2425 deportatus
1829 2367 1925 2407 est.
1954 2356 2021 2407 Et
2048 2354 2114 2407 de
2143 2348 2382 2426 praefato
2416 2358 2504 2409 Vi-

244 2437 370 2510 gilio
394 2477 408 2500 ,
449 2437 543 2506 qui
580 2436 711 2512 licet⁴
737 2434 1103 2507 fraudulenter
1140 2437 1422 2508 accepisset
1457 2437 1819 2508 episcopatum
1837 2478 1851 2501 ,
1881 2439 2007 2508 quia
2029 2450 2206 2491 tamen
2232 2439 2356 2492 facti
2380 2460 2504 2511 pae-

243 2521 405 2573 nituit
427 2561 441 2586 ,
481 2519 663 2571 firmus
702 2531 755 2571 et
791 2537 1136 2590 perseverans
1171 2520 1531 2592 imperialibus
1567 2521 1742 2572 noluit
1776 2520 1993 2574 obedire
2017 2523 2343 2593 praeceptis,
2380 2523 2502 2577 ideo

242 2605 400 2656 exilio
436 2602 628 2655 ductus
664 2602 810 2674 apud
846 2603 1362 2675 Constantinopolim
1396 2604 1555 2656 vitam
1591 2604 1792 2669 finivit3
1834 2606 1985 2657 cuius
2010 2625 2203 2676 corpus
2227 2607 2283 2657 in
2313 2607 2501 2660 locello

243 2705 404 2740 aureo
448 2688 682 2759 positum
723 2680 914 2761 magno
952 2705 1072 2739 cum
1103 2688 1315 2740 honore·
1341 2689 1562 2740 Romam
1597 2688 1906 2739 translatum
1943 2699 2036 2740 est.
2084 2690 2150 2740 Et
2184 2687 2250 2740 de
2287 2690 2498 2760 Pelagio

242 2771 494 2842 episcopo
517 2810 532 2833 ,
572 2770 668 2841 qui
710 2770 980 2841 praecepit
1020 2780 1083 2821 ut
1115 2769 1429 2822 schismatici
1473 2770 1710 2840 episcopi
1751 2790 1848 2841 per
1884 2771 2173 2823 saeculares
2216 2783 2500 2842 potestates

245 2854 736 2925 comprimerentur.
761 2853 827 2903 Et
850 2851 917 2904 de
940 2852 1180 2904 Iohanne
1211 2853 1324 2920 eius
1354 2872 1670 2906 successore.
1705 2855 1771 2905 Et
1797 2854 1862 2907 de
1887 2855 2170 2907 Benedicto
2200 2857 2349 2908 cuius
2379 2869 2500 2909 tem-

240 2937 463 3009 poribus
499 2930 1193 3010 Longobardorumaspera
1229 2954 1358 3006 gens
1397 2937 1614 2989 intravit
1644 2937 1860 2989 Italiam.
1896 2939 1963 2989 Et
1998 2937 2064 2990 de
2101 2939 2310 3009 Pelagio
2346 2959 2498 3010 prae-

243 3019 516 3072 decessore
541 3019 819 3089 Gregorii,
854 3018 950 3089 qui
977 3017 1168 3071 noveni
1193 3018 1547 3089 praefationes
1570 3019 1785 3072 tradidit
1817 3021 2062 3073 ecclesiae
2093 3033 2214 3074 ante
2244 3041 2500 3083 canonem

242 3102 627 3167 decantandas3
671 3103 715 3153 si
746 3103 848 3154 mei
885 3113 1018 3154 esset
1047 3101 1309 3173 propositi
1342 3103 1570 3155 seriatim
1597 3122 1844 3155 romanos
1882 3104 2163 3157 Pontifices
2195 3123 2493 3157 numerare.

355 3205 470 3238 102.
512 3187 591 3237 De
622 3185 780 3237 beato
810 3202 938 3236 vero
969 3184 1232 3253 Gregorio
1263 3185 1523 3238 silendum
1557 3205 1667 3239 non
1690 3186 1935 3249 arbitror,
1974 3180 2012 3240 a'
2035 3207 2144 3259 quo
2174 3188 2311 3240 liber
2340 3208 2501 3241 sacra—

241 3279 540 3321 mentorum
578 3267 779 3332 editus3
827 3278 879 3319 et
909 3267 1311 3338 antiphonarius
1341 3279 1449 3321 tam
1489 3268 1714 3322 diurnus
1745 3289 1904 3342 quam
1935 3282 2261 3336 nocturnus;
2302 3283 2355 3324 et
2392 3283 2499 3324 tra-

242 3364 410 3404 ctatus
453 3353 510 3403 in
547 3351 904 3416 Ezechielem;
946 3362 999 3404 et
1036 3350 1346 3421 (homiliae)
1387 3350 1740 3422 quadraginta
1773 3354 1830 3404 in
1867 3354 2172 3424 evangelia3
2211 3366 2263 3406 et
2298 3355 2357 3406 in
2401 3355 2498 3407 Iob

242 3434 509 3487 moraliter
524 3446 574 3486 et
591 3434 865 3504 allegorice
884 3445 936 3486 et
961 3431 1030 3486 ad
1048 3433 1322 3487 historiam
1346 3432 1719 3506 compendiose
1748 3435 2073 3506 digestans*;
2094 3448 2146 3490 et
2170 3436 2498 3508 dialogorum

243 3519 406 3583 liber;
442 3528 494 3568 et
517 3517 792 3587 pastoralis
819 3536 947 3569 cura
976 3517 1202 3570 Iohanni
1229 3519 1506 3570 ravennati
1529 3517 1757 3584 directa3
1795 3531 1849 3571 et
1878 3519 2094 3590 register
2121 3519 2189 3573 ad
2217 3519 2497 3591 regendam

242 3600 508 3654 ecclesiam
541 3601 661 3651 satis
695 3600 838 3652 utilis
871 3601 943 3669 3).
968 3601 1068 3653 Hic
1094 3600 1321 3653 instituit
1350 3611 1412 3652 ut
1439 3601 1734 3672 antiphona
1762 3613 2090 3667 cantaretur,
2119 3622 2256 3675 quae
2279 3612 2497 3654 vocatur

230 3744 233 3745 ⁷
327 3699 361 3739 1)
386 3695 424 3731 S.
455 3694 592 3731 Gelasii
618 3694 768 3742 scriptis
793 3694 948 3732 accessit
971 3705 1064 3733 nova
1082 3693 1235 3743 grandis
1254 3694 1409 3743 epistola
1424 3705 1554 3742 graeca
1573 3695 1622 3733 ad
1639 3696 1765 3746 Syriae
1781 3697 1971 3746 episcopos
1989 3697 2028 3735 in
2046 3697 2115 3735 hac
2133 3695 2357 3735 bibliotheca
2372 3701 2497 3734 nostra

244 3755 288 3790 Τ.
308 3754 357 3791 11.
413 3781 421 3790 .
450 3757 617 3790 653-662.

323 3764 584 3857 miiestorum
610 3813 742 3859 'vigilii
766 3814 836 3850 PP.
863 3812 1156 3861 copiosissimam
1186 3810 1468 3860 defensionem,
1493 3813 1535 3851 in
1562 3823 1651 3852 mss.
1680 3813 1908 3853 observatam
1924 3842 1935 3862 ,
1961 3825 2044 3854 nos·
2060 3819 2184 3863 postea
2210 3812 2476 3860 evulgabimus.

327 3874 366 3917 3)
389 3872 536 3910 Praeter
556 3872 611 3910 lib
636 3884 674 3910 os
701 3874 739 3910 S.
761 3873 934 3921 Gregorii
959 3872 1077 3912 editos
1089 3901 1099 3920 ‚
1118 3873 1286 3923 aliosque
1305 3872 1471 3914 eiusdem
1488 3883 1509 3912 a
1524 3872 1793 3924 bibliographis
1808 3881 2053 3923 memoratos,
2072 3873 2286 3922 Onuphrius
2301 3869 2499 3909 Panvinius

2294 3932 2332 3976 F

2546 3453 2558 3465 ·
2575 3452 2623 3484 Al.
2638 3452 2706 3483 cod.
2726 3452 2823 3489 dioes-

2545 3490 2604 3519 tus.
