2944 4426
100 332 242 391 ',.M¹'¹¹²¹¹·
273 332 380 361 xxm.

99 378 106 385 “
122 382 131 398 l

98 425 112 439 *
124 420 229 450 nauh.
241 421 377 449 ΧΧῙΛΞ.

286 692 314 712 v.
338 687 368 712 14

148 721 216 750 cod.
239 720 259 749 f.
283 724 328 762 87.
351 719 370 747 b

439 234 469 280 3
474 234 502 278 4
1469 247 1667 279 numerus

426 354 513 392 cuc,
548 329 692 419 τάφῦυς
726 351 810 380 eme
845 351 1136 394 κεκθνιαμξνὸυς
1162 330 1198 360 ’κ’
1233 354 1276 380 ev
1308 330 1349 382 δε
1379 354 1447 381 καί
1480 354 1523 382 τθ

426 400 492 453 ἐπι
525 398 667 466 γωνίας
700 422 807 451 ειπεν
826 399 865 456 ἦ,
901 399 998 449 ἔνθα
1031 424 1050 449 ο
1083 400 1188 458 λίθος
1219 424 1348 451 κειται
1381 403 1400 452 ὅ
1427 405 1527 454 ἀπο-

426 469 683 534 δοκιμασθεὶς
715 468 791 522 ὕπο
829 473 900 521 τῶν
937 471 1176 536 οἰκοδόμων,
1214 496 1282 522 και
1319 471 1523 539 γενόμενος

424 539 576 629 κεφαλὴ
606 563 774 606 γωνιας,
809 565 849 597 ος
874 542 959 592 ἐστι
983 540 1175 611 Χριστός·
1201 541 1324 592 κοινὸν
1348 541 1428 592 δέ’
1416 563 1521 604 εςιν,

426 634 445 660 ο
477 609 534 675 μτῖ
569 634 607 662 τε
613 636 635 660 υ
669 610 751 667 ἑνός
786 614 871 663 ἐστι
902 617 996 661 ,9εέ
960 637 1014 662 υ.

521 680 646 737 Δέσις
669 680 841 771 λοὲθριος
875 681 1014 740 ἐστιν,
1049 683 1069 732 ὃ
1101 707 1198 734 ποιει
1231 689 1257 736 ἦ
1295 681 1435 771 &eglaf
1467 705 1522 747 μη

425 773 604 818 γινωσκει
637 750 679 839 ὂὶε
709 754 734 804 ἦ
762 752 963 833 ἀριστερά
995 752 1126 818 &uuor
1159 752 1293 821 ἐγείρει
1330 757 1415 803 >coc-⁴
1446 775 1521 801 αυ-

425 827 492 872 τοῦ
524 822 689 891 ι’σχυρον
727 824 768 873 ἐν
806 828 855 890 τῇ
889 822 1013 892 ἡμέρᾳ
1049 848 1121 881 της
1158 846 1352 891 κρισεως,
1387 826 1410 873 o‘
1444 846 1521 874 των

362 907 378 915 ‘
422 916 525 961 σρος
557 917 646 951 τους
679 897 821 951 ἐνδεεις
860 895 983 963 ὂωρων
1009 893 1243 966 φειδόμενος.

278 975 305 995 ν.
328 971 372 996 16.

150 1003 217 1033 cod.
238 1003 260 1032 f.
280 1007 324 1032 88.
345 1011 372 1031 a

282 1260 311 1280 v.
330 1257 372 1282 19.

146 1288 213 1318 cod.
233 1290 254 1319 s.
275 1293 320 1317 88.
341 1290 371 1318 1).

137 1347 144 1355 “
160 1345 208 1373 Ps.
233 1345 322 1372 LXII.
344 1348 368 1372 3.

277 3228 305 3250 v.
327 3224 370 3249 2³.

141 3258 209 3287 eod.
228 3257 250 3286 s.
270 3261 314 3285 89.
343 3263 370 3284 a.

488 967 543 1014 ‘H
581 987 790 1031 συναγωγγι
826 988 902 1020 των
938 964 1165 1032 γιγαντων,
1197 966 1222 1018 r‘,
1253 988 1368 1014 κακια
1399 986 1463 1012 και
1495 966 1520 1016 ἦ

418 1033 598 1100 ἀγνωσία
630 1034 758 1093 ε’στιν·
791 1059 975 1102 γιγαντες
1008 1034 1049 1084 δε
1084 1038 1116 1085 οἶ
1151 1035 1347 1115 ἂαιμονες·
1382 1032 1520 1084 τουτέ-

419 1128 506 1155 στιν
540 1108 578 1154 ἐν
601 1106 800 1172 μεγοῖλαις
825 1107 1044 1173 οἷμαρτιαις
1070 1103 1343 1158 ἀναπαυσεται
1367 1108 1386 1154 ὃ
1412 1110 1518 1155 πλα-

417 1174 578 1240 νώμενος
610 1180 655 1232 ἐξ
687 1178 778 1226 σ’ὂιῧ
809 1177 1068 1232 δικαιοσύνης.

485 1245 690 1313 Ἀγῦναιεν
724 1245 821 1296 εἶναι
852 1246 1102 1312 »ipset-rcus}
1134 1245 1296 1312 τιιαύτῃ
1330 1250 1514 1296 συνεῖναι·

845 1318 879 1347 '‘·
905 1322 943 1367 ἐν
968 1323 1018 1383 γ’ξι
1042 1316 1170 1384 ἓρημῳ
1193 1340 1261 1366 και
1285 1316 1425 1382 ἀβάτῳ
1449 1339 1517 1365 και

414 1386 563 1455 ἀνύδρῳ
585 1427 597 1448 ,
637 1389 772 1444 οὕτως
799 1391 837 1436 ἐν
871 1393 924 1453 τῷ
958 1389 1058 1454 ἁγιιι)
1089 1388 1228 1455 ωφὲην
1263 1408 1335 1438 σοι·
1377 1389 1517 1455 ἔρημος

414 1480 454 1507 τι
461 1481 544 1507 ινυν
576 1463 626 1523 yse]
661 1460 765 1509 ἐστιν
796 1463 822 1511 -ἶι
855 1457 998 1527 ἀρετην
1025 1458 1178 1524 ἐ’χσυσα
1203 1457 1341 1523 ψυχη,
1366 1482 1431 1508 και
1462 1482 1517 1523 μη

414 1530 566 1592 ἔχουσα
603 1552 644 1578 το
647 1552 692 1584 υς
731 1528 923 1585 παλαιους
934 1527 1195 1618 ἀνθρωπους
1233 1532 1514 1587 ἐνοικουντας,

412 1621 502 1653 τους
534 1598 809 1668 φθειρομένους
839 1623 946 1650 κατα
978 1623 1051 1656 τας
1083 1597 1260 1655 παλαιας
1304 1598 1515 1664 ἑπιθυμιας

413 1674 478 1724 τῆς
511 1670 617 1721 ἀπάτ
620 1692 684 1725 ⁸’mg
710 1669 767 1720 ὂιο
793 1670 876 1720 ουδὲ
910 1671 1071 1738 εὖρισκει
1098 1691 1138 1719 εν
1163 1674 1265 1736 αυτῇ
1288 1671 1515 1722 ἀνάπαυσιν

412 1765 430 1789 ο
469 1739 582 1802 ὂιᾶβο
567 1745 666 1795 λος.
708 1742 743 1791 εἴ
778 1765 822 1807 γε
856 1746 1054 1810 ὂυσχερως
1093 1743 1138 1790 δι’
1171 1740 1343 1809 ἀνυδρων
1380 1763 1514 1791 τοσων

410 1817 534 1866 ζητῶν
565 1809 813 1872 ἀναπαυσιν
847 1836 915 1862 και
946 1817 1022 1878 οὐχ
1060 1810 1238 1879 εὑρίσκει·
1281 1830 1404 1867 αυτος
1440 1811 1517 1880 γὰρ

408 1881 653 1943 βασιλευς’
640 1905 700 1939 εςι
733 1884 835 1935 πάντ
839 1908 890 1932 ων
923 1908 998 1934 των
1033 1886 1071 1932 ἐν
1105 1907 1188 1938 τοις
1221 1887 1362 1943 ὕδασι,
1396 1905 1517 1934 τουτ-

411 1953 604 2003 έστι“τῶν
643 1956 682 2001 ἐν
719 1953 941 2006 οἷναπαυσει
970 1953 1038 2004 καὶ
1070 1953 1290 2005 ἀπολαύσει
1329 1957 1514 2021 σαρκικῶν

410 2022 573 2075 ἦδονῶν.
599 2022 683 2072 Καὶ
709 2023 845 2076 πάλιν.
879 2031 968 2082 Τῆς
1001 2022 1142 2093 σοφίας
1175 2022 1314 2091 ςεγναὶ
1347 2027 1390 2073 αἳ
1423 2028 1516 2074 δια-

412 2094 543 2159 τριβαὶ
576 2095 689 2144 οἴκων
723 2096 870 2153 αυτ-’ἧς’
903 2100 939 2146 εἷ
970 2096 1015 2145 δὲ
1046 2098 1191 2155 τιῧτο,
1226 2097 1357 2145 οὐκοῦν
1388 2094 1453 2145 καὶ
1489 2099 1515 2148 ἦ

411 2165 510 2230 71)νῆ
540 2166 565 2218 ἦ
597 2164 775 2230 μάχιμος
806 2165 877 2217 καὶ
909 2163 1151 2233 γλωσσῶὃης
1181 2164 1247 2215 καὶ
1281 2166 1458 2234 ἕργιλος,
1489 2166 1515 2218 ἦ

411 2258 532 2284 κακια
554 2235 696 2295 ἐστιν
730 2239 756 2289 ἦ
787 2260 849 2293 τις
882 2260 949 2289 τον
981 2241 1161 2294 συζῶντα
1184 2239 1288 2302 αυτ-ξ.
1312 2240 1414 2288 ποιεῖ
1436 2236 1516 2300 μά-

415 1340 498 1365 και
506 1321 526 1366 0‘
552 1317 682 1366 Δαυιὸ
706 1340 819 1384 φησιν

413 2330 507 2370 χιμο
493 2329 531 2355 ν
563 2329 629 2355 και
663 2306 877 2373 γλωσσωόη
910 2331 976 2357 και
1014 2309 1186 2376 οργιλον.

487 2375 610 2443 Σοφία
642 2400 742 2445 κυριο
727 2402 768 2426 υ
798 2376 1085 2429 ἀναωαυσεται
1123 2380 1162 2426 ἐν
1194 2376 1332 2445 καρὸια
1368 2375 1516 2426 δικαίου

415 2451 544 2512 σεφεῧ·
570 2469 730 2515 αφρονες
764 2447 804 2497 δε
828 2449 963 2516 ανδρες
988 2445 1273 2508 ὃιαβαλλουσιν
1299 2447 1425 2499 αὐτην
1449 2453 1518 2498 τοῧ

414 2521 589 2584 φθεῖραι.

482 2589 535 2636 ‘H
569 2611 684 2656 σοφια
722 2586 806 2639 ἐστι
845 2587 958 2643 πολις
994 2588 1154 2658 ὄχυρα,
1194 2591 1234 2637 ἐν
1270 2585 1299 2654 ᾗ
1332 2605 1367 2636 ὀι
1406 2612 1450 2637 σε
1453 2611 1514 2656 φοι

713 2657 925 2725 λογισμους
971 2663 1260 2750 καθαιροῦντες
1282 2697 1296 2720 ,
1333 2681 1399 2708 και
1438 2663 1516 2710 πᾶν

411 2730 553 2791 ὕψωμα
585 2728 835 2797 ἔπαιρομενον
865 2753 970 2780 κατα
1000 2734 1073 2785 τῆς
1104 2727 1283 2796 γνωσεως
1316 2752 1382 2779 του
1413 2734 1499 2779 Os:
1459 2754 1514 2778 υ.

411 2679 663 2719 κατοικοῦσι,

391 2797 625 2855 Δ--Πιὲλεις
663 2800 809 2867 ὀχυρας
847 2823 963 2868 φησιν
1009 2824 1084 2856 τας
1130 2796 1406 2866 ὂχυρωὲεισας
1449 2824 1513 2849 και

410 2869 787 2937 κατακρατηθεῖσας
819 2869 1001 2935 ψυχας’
980 2895 1053 2922 υπο
1089 2876 1163 2920 τῶν
1188 2873 1344 2932 ἀσεβων
1374 2869 1516 2934 δαιμό-

411 2963 483 2988 νων
521 2964 586 2989 και
625 2947 799 3010 ωενηρῶν
837 2940 1095 3008 ανὲνρωωων,
1137 2945 1210 2990 τῶν
1249 2938 1515 3009 ἐσαιρομενων

412 3033 520 3059 κατα
546 3033 620 3066 της
645 3034 834 3078 γνωσεως,
843 3016 911 3062 τοῦ
935 3021 996 3061 θεο
999 3016 1035 3060 ῧ·
1062 3009 1114 3060 ὧν
1141 3035 1183 3062 το
1208 3010 1396 3078 ὀχυρωμα
1425 3014 1515 3062 ἐπι-

413 3080 488 3143 βας
520 3081 539 3128 o‘
575 3105 717 3173 σοφοας,
756 3107 822 3131 και
857 3106 928 3135 την
963 3087 1153 3132 δοκουσαν
1184 3080 1406 3150 ἀσφαλειαν
1445 3104 1518 3131 αυ-

417 3155 488 3200 των
510 3190 522 3208 ,
559 3156 607 3217 τῇ
639 3154 760 3208 οὕτως
794 3177 837 3203 σε
823 3175 909 3222 φιᾳ
942 3153 1227 3220 περιφραχὲεις
1264 3157 1464 3201 καθεῖλεν.

518 3221 686 3310 Στρμα
691 3247 754 3271 και
793 3227 977 3287 γλῶσσαν
1015 3247 1080 3271 και
1121 3227 1236 3281 νοῦν,
1275 3222 1406 3287 Ξυμον
1450 3247 1517 3272 και

416 3290 686 3355 ἐπιθυμίαν
667 3317 712 3348 ος
745 3291 963 3360 φυλασσει,
989 3297 1199 3361 ὂιοιτηρέῖ’
1187 3316 1225 3341 εκ
1260 3316 1330 3349 της
1361 3297 1401 3342 ἐν
1433 3316 1517 3359 κρι-

417 3383 474 3410 σει
506 3361 694 3426 ἓλιψεως
720 3385 793 3415 την
825 3361 955 3428 ψυχην
994 3387 1132 3413 αυτου.

484 3432 615 3489 Αυτᾶς
661 3455 747 3483 εστι
793 3436 978 3501 διαφόρως
1025 3433 1311 3498 ἐσινοουμενος·

654 3503 1032 3523 mmmmmm

1360 3434 1517 3499 1θρασυς

416 3567 546 3632 dus,
523 3597 542 3623 ο
550 3572 816 3660 <οἰνειτικριτως
842 3574 1119 3664 ἐλευθεριαζειν
1143 3544 1392 3659 βουλομενος·
1415 3578 1519 3624 οξλα-

419 3640 517 3703 ζων
544 3668 562 3693 ο
587 3642 766 3707 μειζοσιν
792 3667 931 3694 εαυτον
955 3647 1054 3712 η’περ
1079 3646 1164 3710 ἔχει
1192 3668 1403 3709 σεμνυνων·
1433 3653 1518 3694 λοι-

415 3737 512 3774 μος,
539 3738 557 3763 ο
581 3738 676 3783 τρος
712 3739 766 3780 τῳ
789 3737 932 3765 εαυτον
963 3716 1263 3776 καταβλαπτειν
1281 3757 1294 3774 ,
1327 3740 1395 3766 και
1428 3715 1518 3767 ετέ-

415 3806 492 3850 ροις
525 3784 778 3847 μεταδιδούς·
814 3783 1000 3835 τοσιῧτεν
1032 3785 1107 3853 γάρ
1139 3789 1223 3837 ἐστι
1254 3786 1481 3849 βλαστικός
1503 3825 1516 3848 .,

1597 334 1701 377 dixit
1715 334 1940 390 sepulchra
1958 332 2165 377 dealbata.
2197 334 2309 375 Bene
2330 333 2456 376 etiam
2471 345 2599 389 super
2618 346 2696 376 an-

1598 405 1699 459 gulo
1724 404 1852 459 dixit,
1874 404 1949 447 ubi
1965 405 2074 460 lapis
2102 405 2278 460 ponitur
2304 403 2359 446 ab
2379 403 2698 447 aedificantibus
2723 443 2725 446 .

1597 477 1872 531 reprobatus,
1885 477 1967 532 'qui
1988 481 2132 519 tamen
2146 476 2280 519 faetus
2304 480 2366 518 est
2385 479 2514 536 caput
2533 476 2693 530 anguli,

1598 549 1672 602 qui
1689 552 1752 590 est
1771 548 1960 591 Christus
1975 548 2189 592 dominus.
2208 550 2345 591 Porro
2363 547 2471 590 illud
2489 552 2552 590 est
2571 559 2693 590 com-

1596 631 1752 673 mune,
1785 619 1904 673 quod
1935 621 2058 662 unice
2088 621 2166 662 Dei
2195 632 2283 662 non
2314 624 2392 662 est.

1656 691 1810 732 Munus
1832 691 2048 733 occultum
2068 691 2174 733 illud
2195 695 2260 733 est
2279 690 2398 746 quod
2414 690 2488 733 dat
2508 689 2695 742 dextera,

1596 764 1637 801 et
1659 773 1684 802 a
1707 761 1873 803 sinistra
1899 762 2135 815 ignoratur.
2160 763 2364 804 Furorem
2389 765 2536 804 contra
2562 774 2606 803 se
2625 773 2696 806 ve·

1595 832 1832 874 hementem
1869 833 1913 874 in
1957 832 2025 876 die
2061 832 2206 875 iudicii
2245 834 2458 887 concitat,
2500 835 2575 888 qui
2616 832 2697 874 tri-

1593 900 1726 944 buere
1751 902 1970 956 egentibus
2000 908 2175 945 munera
2199 904 2351 957 parcit.
2530 935 2533 938 .

1653 973 1935 1028 congregatio
1967 975 2184 1027 gigantum
2225 978 2289 1015 est
2327 973 2517 1028 nequitia
2551 977 2595 1016 et
2627 974 2695 1016 in-

1594 1045 1731 1086 scitia.
1768 1045 1968 1098 Gigantes
2014 1055 2114 1090 vero
2146 1047 2246 1085 sunt
2280 1042 2518 1085 daemones.
2556 1043 2608 1085 Id
2634 1048 2697 1086 est

1595 1115 1756 1169 magnis
1786 1116 1829 1156 in
1861 1114 2049 1169 peccatis
2078 1114 2262 1166 iacebit,
2300 1114 2374 1169 qui
2403 1113 2455 1156 de
2476 1114 2546 1156 via
2570 1114 2696 1156 iusti-

1593 1187 1678 1229 tiae
1707 1187 1891 1228 aberrat.

1651 1259 1747 1301 Sine
1779 1258 1959 1312 coniuge
1987 1261 2175 1313 praestat
2195 1269 2314 1312 esse,
2339 1270 2466 1312 quam
2489 1257 2564 1299 tali
2593 1266 2697 1300 con-
2732 1277 2737 1282 ⁴

1592 1332 1750 1373 vivere.
1774 1329 1911 1372 David
1941 1340 2116 1384 quoque
2143 1329 2229 1371 ait:
2257 1328 2302 1370 in
2323 1332 2436 1371 terra
2464 1327 2629 1370 deserta
2653 1332 2699 1370 et

1591 1402 1704 1444 invia
1737 1406 1779 1443 et
1804 1402 2035 1456 inaquosa,
2056 1401 2117 1458 sic
2145 1401 2190 1442 in
2222 1403 2368 1442 sancto
2395 1399 2572 1454 apparui
2596 1399 2693 1441 tibi.

1590 1475 1765 1515 Deserta
1788 1473 1921 1528 igitur
1957 1476 2071 1514 terra
2085 1503 2096 1525 ‚
2131 1473 2270 1514 anima
2294 1476 2357 1514 est
2388 1472 2547 1514 virtute
2573 1481 2697 1527 prae-

1592 1544 1681 1587 dita
1696 1575 1708 1597 ‚
1735 1549 1777 1586 et
1805 1556 1913 1599 quae
1944 1543 2107 1598 priscos
2128 1542 2324 1585 homines
2349 1554 2438 1584 non
2458 1541 2589 1584 habet
2615 1542 2697 1585 ha-

1590 1615 1796 1658 bitatores
1812 1645 1824 1667 ‚
1853 1615 1929 1671 qui
1960 1614 2152 1669 corrupti
2182 1618 2303 1656 erant
2331 1614 2376 1656 in
2408 1614 2602 1669 antiquis
2622 1625 2697 1655 cu-

1590 1686 1840 1741 piditatibus
1879 1686 2051 1728 erroris.
2087 1685 2227 1737 Quare
2272 1696 2324 1727 ne
2362 1684 2560 1728 diabolus
2599 1684 2696 1740 qui-

1591 1758 1689 1800 dem
1724 1759 1917 1812 requiem
1949 1758 1991 1799 in
2021 1751 2068 1799 e'a
2095 1757 2280 1810 invenit;
2319 1755 2529 1811 siquidem
2569 1768 2694 1818 aegre

1589 1842 1668 1885 per
1691 1828 1834 1871 aridos
1865 1829 1986 1871 locos
2011 1839 2220 1882 quaerens
2246 1825 2470 1882 requiem,
2503 1839 2592 1869 non
2622 1829 2693 1869 in-

1590 1901 1722 1942 venit.
1755 1901 1853 1954 Ipse
1887 1900 2047 1954 quippe
2077 1911 2152 1941 rex
2188 1902 2251 1940 est
2281 1898 2470 1940 omnium
2498 1898 2544 1939 in
2573 1898 2695 1953 aquis

1590 1970 1831 2025 degentium
1850 2002 1861 2024 ,
1887 1969 1932 2011 id
1951 1972 2013 2011 est
2035 1969 2260 2011 hominum
2279 1969 2354 2023 qui
2375 1970 2421 2011 in
2441 1970 2532 2011 otio
2555 1973 2598 2022 et
2620 1968 2695 2011 de·
2735 2007 2738 2010 ⁴

1588 2040 1774 2083 lectione
1791 2041 2022 2082 carnalium
2040 2039 2313 2094 voluptatum
2330 2043 2569 2082 versantur.
2587 2040 2702 2082 Item·

1589 2112 1826 2167 Sapientiae
1844 2110 2012 2153 aedium
2027 2114 2166 2155 tectae
2184 2114 2283 2152 sunt
2298 2110 2551 2163 mansiones.
2569 2110 2696 2163 Quod

1590 2183 1625 2225 si
1651 2184 1709 2225 ita
1739 2186 1829 2234 est,
1865 2193 1969 2235 ergo
2006 2181 2161 2223 mulier
2194 2181 2334 2224 rixosa
2367 2181 2489 2224 dicax
2519 2175 2566 2223 'et-
2604 2180 2692 2224 ira-

1590 2253 1730 2296 cunda
1742 2286 1753 2308 ‚
1769 2254 1960 2308 nequitia
1973 2257 2036 2294 est
2051 2254 2062 2305 ‚'
2081 2264 2191 2307 quae
2209 2252 2555 2295 contubernalem
2570 2264 2694 2295 suum

1589 2325 1691 2368 facit
1714 2326 1902 2366 rixosum
1928 2327 1970 2365 et
2002 2322 2191 2366 dicacem
2223 2327 2266 2365 et
2289 2323 2559 2366 iracundum.

1649 2397 1861 2451 Sapientia
1880 2395 2052 2436 Domini
2085 2394 2320 2449 requiescet
2357 2394 2402 2436 in
2437 2395 2568 2437 eorde
2593 2395 2692 2438 iusti

1550 2523 1552 2525 Ι
1592 2482 1641 2510 ac
1664 2468 1891 2522 sapientis3
1915 2467 2053 2509 vesani
2071 2471 2214 2508 autem
2228 2466 2422 2508 homines
2438 2466 2694 2508 calumnian-

1590 2544 1663 2582 tur
1694 2552 1786 2582 eam
1817 2543 1866 2580 ut
1897 2537 2186 2593 pessumdent.

1647 2611 1857 2666 Sapientia
1887 2613 1951 2651 est
1980 2609 2083 2651 urbs
2105 2609 2266 2651 munita
2283 2640 2295 2662 ,
2316 2609 2362 2650 in
2380 2621 2466 2663 qua
2485 2609 2694 2664 sapientes

1590 2681 1818 2733 habitant,
1861 2685 2025 2722 mentes
2070 2692 2165 2722 suas
2205 2684 2436 2735 purgantes
2475 2679 2530 2722 ab
2574 2681 2690 2722 omni

1592 2753 1776 2796 elatione
1812 2764 1921 2806 quae
1962 2755 2112 2794 contra
2150 2752 2226 2793 Dei
2267 2751 2485 2793 scientiam
2521 2751 2691 2793 extolli-

1527 2866 1531 2869 ,
1590 2824 1920 2866 tur.—-Munitas
1940 2823 2068 2864 urbes
2100 2822 2201 2864 dicit
2218 2821 2376 2867 animas
2399 2821 2693 2864 circumvalla-

1590 2901 1655 2938 tas
1685 2900 1729 2937 et
1757 2894 2005 2949 subiugatas
2037 2894 2090 2935 ab
2122 2893 2268 2948 impiis
2298 2892 2575 2935 daemonibus
2598 2905 2692 2934 sce-

1590 2967 1788 3020 lestisque
1804 2965 2049 3007 hominibus
2066 2965 2139 3019 qui
2159 2964 2361 3007 adversus
2381 2965 2459 3006 Dei
2475 2964 2699 3006 seientiam
2742 2963 2745 2965 ’

1593 3037 1879 3079 extolluntur:
1915 3048 2099 3090 quorum
2137 3034 2541 3078 circumvallationes
2563 3046 2692 3088 supe-

1591 3121 1689 3151 rans
1709 3109 1877 3163 sapiens
1892 3138 1904 3160 ‚
1925 3105 2202 3162 apparentem
2217 3106 2390 3149 illorum
2406 3105 2689 3157 securitatem,

1591 3179 1665 3220 tali
1695 3179 1900 3233 sapientia
1927 3178 2117 3220 munitus
2149 3175 2303 3219 difflat.
2339 3197 2343 3206 x
2656 3167 2668 3173 ”

1652 3249 1736 3300 Oe,
1772 3249 1989 3303 linguam,
2028 3253 2241 3302 mentem,
2273 3249 2405 3301 iram,
2443 3253 2486 3291 et
2515 3246 2686 3302 cupidi-

1590 3325 1722 3373 tatem
1752 3322 1840 3376 qui
1856 3320 2030 3364 cohibet
2046 3343 2068 3375 ,ν
2090 3321 2127 3362 is
2156 3320 2339 3364 animam
2369 3332 2488 3363 suam
2510 3331 2535 3361 a
2553 3318 2690 3360 futuri

1590 3393 1738 3435 iudicii
1766 3392 2041 3435 tribulatione
2071 3391 2274 3434 custodit.

1651 3464 1768 3505 Idem
1803 3468 1867 3505 est
1891 3462 2056 3505 diverse
2093 3461 2406 3504 consideratus:
2446 3459 2583 3503 audax
2616 3460 2691 3513 qui

1589 3533 1816 3589 quodlibet
1846 3533 2056 3588 intrepide
2088 3532 2359 3586 adgreditur:
2380 3531 2501 3572 ferox
2526 3529 2600 3584 qui
2619 3530 2689 3570 in-

1592 3605 1854 3653 considerate
1889 3605 2014 3647 liberi
2040 3603 2224 3646 hominis
2252 3602 2540 3645 conditionem
2569 3613 2691 3642 usur.-

1591 3681 1665 3732 pat
1685 3691 1695 3718 :
1722 3676 1931 3731 superbus
1952 3676 2027 3730 qui
2053 3676 2212 3719 maiora
2234 3673 2344 3727 veiis
2363 3671 2686 3727 meritaliactat:

1591 3747 1816 3801 pestilens,
1846 3747 1921 3800 qui
1950 3758 2038 3788 non
2067 3745 2149 3787 sibi
2178 3743 2259 3798 ipsi
2287 3740 2584 3790 tantummodo
2614 3741 2691 3783 sed

1592 3821 1634 3859 et
1663 3818 1751 3860 aliis
1781 3817 1931 3859 noxius
1962 3819 2039 3858 est.
2063 3815 2297 3868 Tantopere
2320 3812 2432 3854 enim
2456 3816 2518 3863 est
2537 3812 2690 3854 exitio-
