2996 4432
239 1200 308 1229 cod.
323 1199 347 1230 t.
362 1203 406 1230 31.
419 1206 448 1229 a.

496 263 559 310 32
1466 275 1523 307 Ex
1556 276 1685 310 muno
1720 277 1783 309 iv.

500 384 525 410 >›
567 358 849 429 Hispanias
868 396 882 422 ‚
914 356 1171 421 Africam,
1201 369 1365 430 atque
1390 357 1647 427 Siciliam,
1676 360 1980 433 insulasque
2004 362 2369 417 interiacentes
2387 405 2400 430 ,
2430 365 2637 418 nullum
2671 368 2772 420 in-·

497 467 523 493 ))
565 443 794 514 stituisse
830 441 1074 494 ecclesias
1090 483 1103 506 ,
1138 442 1238 494 nisi
1275 461 1364 495 eos
1389 462 1525 514 quos
1549 444 1863 497 venerabilis
1886 446 2159 515 apostolus
2184 446 2369 499 Petrus
2393 459 2484 499 aut
2509 449 2620 502 eius
2643 454 2774 503 suc-l

497 550 522 576 >›
564 543 794 578 cessores
831 524 1224 576 constituerunt
1259 525 1573 578 sacerdotes,
1614 526 1724 577 Aut
1759 526 1960 596 legant,
2002 528 2046 579 si
2082 529 2140 581 in
2177 530 2259 582 his
2295 530 2584 600 provinciis
2619 533 2776 600 alius,

499 633 525 659 2)
566 609 928 681 apostolorum
966 608 1235 660 invenitur
1260 621 1352 661 aut
1374 610 1562 679 legitur
1588 609 1846 661 docuisse.
1876 609 1984 674 Qui
2014 610 2058 662 si
2090 631 2201 663 non
2225 613 2434 683 legunt,
2465 614 2590 684 quia
2627 608 2777 667 nus-c'

500 718 525 743 >›
566 712 727 764 quam
753 692 1059 754 inveniunt,
1092 704 1306 763 oportet
1338 712 1428 745 eos
1456 695 1558 745 hoc
1583 693 1756 762 sequi,
1789 691 1939 763 quod
1963 693 2178 747 66616513
2202 714 2417 748 romana
2450 697 2751 750 custodita»

602 778 688 828 62.
733 776 833 827 Hic
869 787 951 827 ter
986 774 1316 827 beatissimus
1343 776 1568 826 instituit
1598 775 1704 826 ·ΙΙΙ·
1735 774 2093 832 hebdomadas
2129 789 2182 830 et
2221 780 2355 831 ·IIII·
2396 780 2756 851 imperfectam

495 860 562 912 ab
599 859 743 911 omni
781 858 1067 910 christiano
1104 859 1306 929 populo
1342 858 1583 910 venerari
1619 857 1677 908 in
1713 860 2260 913 commemorationem
2295 862 2456 932 primi
2491 863 2752 915 adventus

496 955 548 995 et
583 942 803 995 secundi
839 941 1041 994 domini
1077 942 1243 993 nostri
1280 942 1397 993 Iesu
1434 938 1645 992 Christi.
1675 940 1741 991 Et
1765 938 2127 993 ordinationes
2162 943 2443 996 celebravit
2478 964 2576 1015 per
2612 964 2753 997 men-

498 1046 605 1079 sem
642 1025 988 1078 decembrem.
1031 1025 1132 1077 Hic
1177 1024 1316 1076 idem
1354 1024 1671 1076 Clementem
1710 1022 1977 1081 ordinavit
2012 1043 2290 1077 romanum
2325 1028 2661 1097 pontificem,
2702 1040 2755 1081 et

499 1109 674 1161 adhuc
709 1109 891 1160 vivens
928 1127 1047 1159 eum
1084 1106 1358 1158 collocavit
1394 1106 1453 1157 in
1492 1104 1771 1170 cathedra3
1800 1107 1992 1157 Linum
2017 1125 2144 1159 vero
2170 1119 2222 1160 et
2246 1108 2451 1161 Cletum
2484 1109 2759 1164 adiutores,

499 1193 705 1245 habuit.
745 1193 901 1262 Isque
936 1210 1046 1242 uno
1084 1189 1170 1242 die
1211 1189 1257 1258 1)
1296 1207 1418 1240 cum
1459 1189 1615 1241 beato
1652 1189 1817 1240 Paulo
1854 1189 2099 1259 magistro
2139 1191 2371 1260 gentium
2410 1191 2508 1243 sub
2551 1211 2762 1244 caesare-

500 1276 715 1328 Nerone
752 1274 1063 1345 agonizans,
1105 1273 1275 1325 crucis
1312 1272 1501 1324 affixus
1537 1272 1779 1344 patibulo
1801 1311 1814 1336 ,
1855 1291 2126 1324 romanam
2162 1273 2348 1326 urbem
2385 1274 2584 1345 inclyto
2610 1272 2762 1344 glor}

496 1360 673 1412 ficavit
709 1358 993 1428 martyrio,
1034 1368 1086 1408 et
1122 1356 1360 1427 sepultus
1396 1367 1474 1408 est
1508 1356 1566 1407 in
1602 1354 1877 1407 VaticanO.

605 1441 691 1492 63.
718 1441 857 1491 Huic
883 1439 1130 1491 successit
1155 1439 1394 1490 Clemens
1418 1438 1632 1490 natione
1657 1457 1926 1489 romanus.
1950 1437 2236 1504 Quomodo
2264 1451 2439 1492 autem
2463 1439 2664 1510 primus
2690 1441 2759 1492 sit

497 1535 620 1596 post
644 1526 888 1585 Petrum,
919 1534 970 1574 et
994 1522 1181 1574 tertius
1217 1522 1423 1592 legatur
1447 1521 1502 1572 in
1527 1519 1742 1585 ordine,
1772 1520 1903 1572 haec
1939 1521 2039 1573 fuit
2076 1541 2260 1585 causa,
2290 1534 2353 1574 ut
2387 1522 2543 1575 nobis
2580 1541 2762 1574 sacrae

408 1642 423 1649 κ
496 1619 716 1660 narrant
740 1605 1008 1658 historiae.
1027 1604 1266 1656 Metuens
1292 1605 1431 1655 enim
1454 1605 1537 1655 vir
1553 1603 1756 1674 Spiritu
1775 1616 1955 1656 sancto
1980 1605 2195 1676 plenus,
2223 1624 2292 1657 ne
2316 1606 2444 1657 haec
2469 1606 2758 1677 apostolica

498 1691 766 1743 ordinatio
792 1690 1016 1760 posteris
1041 1689 1371 1759 temporibus
1396 1689 1639 1740 transiret
1662 1689 1718 1739 in
1742 1688 1951 1751 vitium,
1981 1687 2110 1740 dum
2134 1688 2351 1760 quidam
2376 1689 2756 1741 hereditarium

496 1780 691 1825 inunus
726 1784 975 1844 putantes
992 1812 1005 1834 ,
1035 1771 1207 1822 minus
1244 1770 1310 1823 de
1347 1772 1444 1823 Dei
1469 1772 1758 1842 cogitarent
1782 1772 2035 1824 electione
2055 1813 2068 1835 ‚
2098 1773 2292 1824 Linum
2316 1784 2368 1824 et
2392 1773 2599 1825 Cletum
2623 1772 2762 1843 prio-

497 1875 581 1908 res
617 1855 717 1907 sibi
752 1856 809 1906 in
848 1855 1157 1925 episcopatu
1194 1865 1316 1906 ante
1354 1855 1525 1924 coegit
1566 1854 1896 1925 pontificari:
1938 1867 1991 1906 et
2026 1856 2100 1907 sic
2136 1856 2337 1926 primus
2374 1867 2452 1908 est
2480 1875 2584 1927 per
2621 1855 2760 1909 Petri

499 1939 839 2003 electionem,
881 1939 1067 1990 tertius
1103 1956 1229 1990 vero
1265 1956 1361 2008 per
1397 1937 1637 2008 gradum.
1679 1938 1781 1990 Hic
1816 1938 2046 1990 instituit
2081 1957 2337 1991 canonem
2375 1958 2534 2009 super
2570 1939 2764 1991 eucha-

497 2024 698 2076 ristiam
735 2033 855 2074 ante
894 2041 1053 2092 quam
1091 2022 1364 2092 frangatur
1400 2021 1700 2086 decantari3
1742 2032 1794 2072 et
1829 2031 1890 2071 ut
1927 2022 2207 2093 episcopus
2253 2022 2510 2073 electione
2539 2020 2669 2072 cleri
2709 2031 2762 2071 et

498 2105 654 2158 laude
691 2106 860 2177 plebis
897 2105 1338 2169 constitueretur,
1368 2116 1420 2156 et
1450 2116 1511 2156 ut
1547 2104 1858 2176 episcopalis
1894 2103 2144 2156 cathedra
2180 2105 2238 2156 in
2276 2104 2608 2156 eminentiori
2644 2104 2763 2156 loco

499 2202 822 2261 poneretur;
853 2201 903 2240 et
929 2200 988 2240 ut
1011 2189 1307 2258 baptizatus
1344 2188 1411 2240 ab
1448 2188 1699 2258 episcopo
1738 2187 2015 2239 chrismate
2040 2187 2097 2238 in
2135 2186 2310 2238 fronte
2345 2197 2758 2256 perungeretur3

502 2286 555 2326 et
591 2286 652 2325 ut
689 2273 912 2325 ministri
949 2273 1125 2324 altaris
1161 2272 1459 2343 presbyteri
1496 2283 1547 2323 et
1585 2271 1793 2323 diaconi
1829 2282 1968 2322 caste
2005 2270 2276 2342 viverent;
2317 2281 2370 2321 et
2406 2269 2448 2320 si
2485 2289 2597 2321 non
2635 2271 2782 2322 casti'

500 2358 733 2420 inventi,
775 2357 842 2408 ab
879 2356 1055 2408 altaris
1091 2355 1348 2407 arcendos
1384 2356 1692 2407 ministerio.
1736 2355 1837 2406 Hic
1874 2355 2034 2406 exilio
2061 2353 2373 2424 deportatus
2409 2364 2555 2405 trans
2595 2353 2762 2404 Helle-

504 2452 756 2510 spontum
792 2440 1005 2491 marinis
1044 2439 1291 2490 fluctibus
1326 2458 1427 2509 pro
1464 2439 1660 2491 Christi
1696 2438 1911 2490 nomine
1947 2438 2206 2488 inmersus
2244 2448 2339 2488 est.

611 2523 698 2585 64.
728 2523 1012 2575 Anacletus
1037 2540 1256 2592 graecus
1282 2540 1502 2592 genere,
1533 2539 1691 2592 quem
1715 2522 1825 2592 ipse
1863 2520 2227 2590 apostolorum
2261 2519 2511 2590 princeps
2543 2518 2764 2589 presby-⁶

503 2617 672 2657 terum
710 2605 1074 2667 ordinaverat,
1123 2605 1248 2656 huic
1294 2605 1539 2656 successit
1584 2605 1641 2655 in
1678 2605 2002 2675 episcopatu.
2047 2603 2147 2654 Hic
2193 2603 2448 2667 instituit,
2490 2613 2552 2653 ut
2588 2602 2769 2654 minus

504 2708 665 2759 quam
701 2709 731 2741 a
767 2689 940 2741 tribus
978 2707 1089 2740 non
1126 2687 1463 2740 ordinaretur
1499 2689 1806 2759 episcopus,
1848 2699 1900 2739 et
1935 2697 1996 2738 ut
2031 2686 2392 2739 ordinationes
2428 2685 2764 2756 presbytero-

503 2791 623 2823 rum
661 2783 712 2824 et
747 2772 1023 2824 levitarum
1060 2783 1463 2842 ceterorumque
1500 2769 1750 2822 ordinum
1775 2771 1946 2841 palam
1984 2769 2171 2822 fierent
2195 2781 2471 2840 praesente
2496 2769 2683 2840 plebe;
2712 2779 2766 2821 et

504 2866 566 2906 ut
603 2855 802 2906 inimici
839 2867 890 2906 et
928 2855 1157 2925 suspecti
1193 2844 1304 2905 non
1341 2854 1547 2924 possint
1571 2872 1816 2906 accusare
1842 2854 2169 2924 episcopum.
2200 2853 2266 2904 Et
2291 2852 2376 2903 hic
2400 2852 2652 2922 martyrio
2679 2869 2766 2903 co·

503 2950 721 2990 ronatus
759 2950 865 3001 est,
907 2949 959 2990 et
995 2938 1233 3009 sepultus
1269 2938 1326 2997 in
1363 2937 1638 2988 Vaticano,

611 3022 696 3073 65.
741 3021 1010 3072 Evaristus
1048 3021 1263 3072 natione
1300 3019 1564 3071 israhelita
1589 3038 1654 3071 ex
1682 3018 1885 3090 oppido
1921 3013 2334 3089 Bethleem'post
2358 3019 2503 3070 hunc
2540 3016 2769 3088 suscepit

505 3103 791 3155 ecclesiam.
835 3104 936 3155 Hic
974 3104 1246 3156 constituit
1282 3114 1342 3154 ut
1378 3114 1578 3173 septem
1615 3102 1863 3155 diacones
1901 3114 2074 3155 essent
2110 3103 2167 3153 in
2191 3101 2327 3153 urbe
2364 3102 2530 3173 Roma
2556 3100 2649 3171 qui
2680 3119 2764 3152 cu·

507 3184 767 3236 stodirent
815 3186 1011 3257 Papam
1056 3205 1125 3238 ne
1170 3186 1505 3238 infestaretur
1540 3205 1570 3238 a
1606 3185 1894 3249 malivolis,
1935 3196 1986 3237 et
2021 3203 2224 3278 semper
2272 3195 2445 3236 essent
2488 3181 2660 3253 parati
2698 3181 2767 3234 ad

506 3267 872 3336 praebendum
909 3270 1223 3340 obsequium
1260 3281 1313 3321 et
1347 3270 1403 3322 in
1439 3270 1711 3321 missarum
1747 3264 2073 3339 sollempniis
2097 3279 2150 3320 et
2173 3268 2230 3319 in
2256 3266 2668 3374 praedicatione.
2700 3266 2768 3317 Et

506 3349 594 3401 hic
631 3353 883 3421 maityrio
921 3354 1078 3404 vitam
1117 3353 1315 3416 finivit,
1357 3366 1408 3405 et
1442 3354 1576 3405 iacet
1612 3354 1665 3404 in
1706 3352 1983 3404 Vaticano.

615 3433 702 3484 66.
733 3432 1036 3486 Alexander
1061 3436 1274 3487 natione
1298 3455 1547 3488 romanus
1572 3447 1695 3506 post
1724 3434 1897 3496 hune,
1925 3433 2227 3486 cathedram
2253 3433 2483 3504 suscepit
2507 3433 2772 3503 episcopa-

509 3514 635 3577 lem,
664 3516 868 3567 iuvenis
893 3516 1107 3586 quidem
1143 3517 1235 3570 sed
1272 3519 1447 3571 senior
1483 3518 1738 3570 moribus,
1780 3517 1963 3569 Hicin
1999 3534 2203 3568 canone
2233 3515 2535 3568 memoriam
2573 3514 2767 3566 Christi

512 3596 718 3650 addidit
753 3598 820 3650 ab
859 3618 923 3651 eo
959 3600 1076 3651 loco
1113 3601 1169 3653 in
1206 3620 1315 3673 quo
1361 3603 1434 3654 sic
1469 3601 1681 3672 incipit:
1721 3601 1819 3672 qui
1844 3599 2025 3671 pridie
2059 3618 2226 3670 quam
2252 3609 2558 3670 pateretur,
2598 3614 2773 3667 usque

512 3680 984 3752 quotienscumque
1002 3683 1273 3750 feceritis,
1318 3683 1378 3736 in
1410 3684 1514 3734 mei
1550 3684 1860 3735 memoriam
1885 3682 2130 3751 facietiS.
2171 3681 2271 3732 Hic
2316 3679 2455 3732 idem
2497 3678 2771 3750 praecepit

513 3774 576 3815 ut
611 3782 751 3834 aqua
786 3763 910 3815 vino
948 3764 1250 3816 misceretur
1287 3765 1345 3816 in
1381 3765 1672 3828 sacrificio,
1713 3776 1939 3836 propter
1981 3763 2176 3816 Christi
2218 3773 2270 3815 et
2307 3762 2553 3816 ecclesiae
2598 3759 2772 3812 unita·

596 3872 630 3913 1)
655 3868 863 3909 Dicendum
887 3869 1010 3918 potius
1035 3869 1164 3908 eodem
1190 3870 1252 3909 die
1275 3846 1441 3912 sed‘non
1465 3871 1598 3921 ‘eodem
1621 3879 1747 3918 anno,
1772 3875 1818 3909 ut
1841 3880 1924 3910 vera
1947 3869 2064 3912 tradit
2088 3866 2257 3909 historiaL
