2944 4426
329 464 358 485 v.
379 459 424 485 21.

184 493 252 524 cod.
273 491 295 522 f.
317 496 376 522 139.
394 500 422 521 8.

334 1099 364 1120 v.
381 1094 427 1120 27.

184 1128 252 1158 cod.
272 1128 293 1157 l.
315 1131 376 1157 138.
396 1126 427 1156 1).

458 217 536 263 456

469 311 711 381 προφορικός,
746 315 865 364 ἕλκων
890 311 965 365 ἀπὸ
991 317 1058 365 τοῦ
1080 316 1145 366 νσῧ
1173 312 1436 379 πνευματικὴν
1468 323 1563 364 θεω-

496 385 505 402 Ι

467 406 570 451 ρίαν·
590 434 593 437 s

540 458 626 505 Οὐκ
657 452 704 503 ἂν
737 452 927 522 ωροὲλὲοι
959 477 997 504 νε
983 479 1076 518 υς,
1115 456 1201 506 οὐδε
1239 460 1275 506 ἓν
1311 453 1457 523 ἓεωριᾳ
1493 454 1588 520 γὲι

469 548 508 574 νε
513 547 570 574 ιτο
597 547 671 579 των
704 524 947 588 ἀσωμάτων,
980 549 1036 589 μη
1067 526 1121 578 τὰ
1152 527 1259 576 ἔνδον
1291 523 1565 594 διορθωσάμε-

470 619 510 644 v:
516 616 548 650 ς·
583 620 608 649 η
639 617 714 663 γαρ
747 594 923 684 ταραχῆ
943 600 1016 646 τῶν
1049 596 1196 647 οἰκείων
1224 596 1464 665 ἐπιστρέφειν
1495 619 1566 644 αυ-

470 663 538 716 τόν
576 666 697 716 cimae
735 665 836 757 ωρός
875 690 927 718 τα
962 669 1026 735 ἀφ’
1070 666 1123 716 ὡν
1161 667 1414 724 ἐξεληλυὲεν
1453 663 1567 717 ἀσα-

468 743 585 786 Ξειαν
619 736 662 786 δὲ
699 758 941 821 κτησαμενρς
964 776 976 799 ,
1010 759 1079 803 χρε
1065 760 1180 789 νισει
1219 736 1263 788 τὲ
1303 740 1341 786 ἐν
1376 741 1423 803 τῇ
1458 743 1564 785 θεω-

468 829 567 873 ρια,
599 831 664 857 και
703 830 745 856 συ
768 830 973 894 φροντισει
1009 830 1084 859 των
1123 811 1162 857 ἓν
1200 809 1303 872 οἴκῳ
1322 806 1565 857 ἓνόέὸυνται

470 900 547 945 γαρ
578 876 724 933 πάντες
750 902 783 928 ει
811 879 901 947 παρ’
928 881 1064 933 αὐτῆς·
1100 881 1118 927 ὅ
1149 901 1219 942 μεν
1253 876 1409 945 Ξυμός,
1442 875 1566 946 πρᾳό-

473 971 577 1001 τητα
608 973 675 999 και
709 947 1075 1037 ταπεινοφροσύνην·
1105 949 1131 998 τῖ
1161 948 1204 998 δὲ
1234 946 1458 1012 ἐπιθυμια,
1485 970 1567 998 σω-

473 1040 656 1087 φροσυνην
686 1043 752 1069 και
791 1018 1031 1107 ἐγκράτειαν.

545 1093 687 1140 Σῒτα’
672 1112 835 1156 οκνηρα,
863 1087 914 1141 τὰ
938 1093 1072 1140 &nvom
1076 1089 1207 1140 ιοῧντα
1231 1110 1366 1152 τυχειν
1391 1092 1462 1143 τῆς
1484 1092 1570 1150 βα-

475 1159 628 1217 σιλεῖας
664 1184 752 1216 τευς
791 1158 963 1216 anticus-
949 1182 1057 1266 ρους
1090 1182 1158 1209 και
1195 1155 1472 1248 ἀφελεστέρσυς
1495 1197 1508 1218 ,
1544 1182 1570 1211 ‘n

476 1230 678 1296 εὐγνωμων
709 1255 775 1280 και
811 1229 999 1298 θεοφιλης
1037 1228 1149 1294 ψυχη
1185 1233 1253 1279 οὐκ
1288 1226 1451 1289 ἐσθιει,
1485 1251 1570 1280 ευτε

473 1324 549 1364 μην
582 1323 724 1352 τουτων
756 1324 935 1367 γευεται,
969 1304 1002 1350 εἰ
1034 1322 1153 1364 ταχα
1184 1321 1296 1365 τυχοι
1323 1302 1449 1350 αὐτων
1483 1301 1570 1351 ἐπι-

428 1379 429 1382 ’
476 1376 669 1436 &up-‘deone‘
707 1394 779 1426 τας
810 1394 955 1427 κακιας
987 1369 1061 1439 γοῖρ
1092 1392 1184 1439 φησι
1216 1394 1314 1421 σιτα
1346 1367 1500 1438 ὂκννρά.

335 1523 365 1544 ν.
384 1518 429 1544 81).

189 1552 259 1581 cod.
278 1551 299 1580 1.
322 1554 382 1581 140.
403 1557 430 1579 ’8

161 2237 264 2304 81²2ng
268 2258 289 2302 '1
295 2240 312 2301 1ῐ
310 2240 341 2302 73
350 2235 440 2309 §⁰1¹3

171 2948 246 2984 Cap.
270 2947 308 2975 X.
328 2949 354 2974 8.
380 2945 450 2974 cod.

172 2989 238 3018 reg.
257 2986 302 3012 77.
319 2989 351 3018 p.
371 2985 433 3011 310.

359 3237 387 3258 v.
408 3234 454 3259 21.

251 3264 321 3294 cod.
341 3272 372 3301 p.
391 3269 454 3294 318.

546 1515 717 1567 Ψευὸεἷς
754 1509 949 1578 ἂρὲσκειαι
970 1550 982 1572 ‚
1022 1508 1084 1560 καὶ
1121 1509 1290 1574 μάταισν
1326 1509 1485 1567 κάλλος.
1517 1514 1571 1562 Ἡ

475 1580 739 1650 ἀφρενεστοῖτη
778 1580 891 1646 ψυχη
929 1585 970 1631 εὖ
1009 1579 1120 1646 μὲνσν
1159 1585 1277 1631 ἐννοει
1311 1605 1377 1631 και
1423 1579 1574 1650 φαντά-

478 1662 587 1709 ζεται
620 1651 663 1704 τὸ
697 1655 801 1719 αὐτῃ
833 1650 1029 1739 ἀρεστὸν
1066 1650 1173 1701 ἀλλὰ
1202 1652 1269 1701 καὶ
1302 1654 1401 1718 ἔργῳ
1439 1655 1574 1718 ἐγχει-

477 1727 535 1790 ρέῖ
567 1729 766 1791 πληρῶσαι
804 1745 875 1775 την
913 1721 1101 1789 ἓεωριαν·
1139 1725 1167 1772 εἲ
1208 1720 1251 1772 δὲ
1286 1722 1392 1790 ἀρχτ,
1430 1747 1472 1773 σε
1458 1722 1574 1791 φίας

480 1792 601 1861 φέβος
633 1793 795 1883 κυρῖςυ,
831 1792 993 1849 δικαιως
1024 1817 1050 1846 η
1083 1797 1263 1858 τυχεῧσα
1289 1817 1432 1862 σοφιας
1466 1792 1577 1858 ψυχῆ

480 1868 582 1915 αινεῖ
621 1862 686 1915 τὸν
724 1863 822 1933 φόβε
825 1886 844 1913 ν
883 1869 951 1913 τεῦ
984 1862 1149 1930 κυρῖευ,
1188 1861 1231 1920 ἒς
1273 1886 1429 1932 γεγονεν
1473 1866 1577 1930 αὐτῇ

484 1939 554 1992 τῆς
586 1934 769 1992 τοιαύτης
800 1957 981 2001 γνωσεως
1013 1934 1209 2002 πρόξενος.

2384 159 2391 179 1

1304 229 1503 262 ORIGENIS
1535 230 1582 262 m
1615 229 1859 262 Pnovlzama
1868 250 1879 262 .

1631 320 1799 360 externe
1827 316 2042 372 prolatus,
2068 316 2143 372 qui
2165 327 2214 359 ex
2233 319 2374 359 mente
2395 314 2567 359 deducit
2593 317 2723 372 spiri-

1633 388 1762 431 talem
1790 389 2016 432 theoriam.

1691 461 1810 502 Mens
1828 472 1915 502 non
1935 458 2152 515 proficiet,
2175 470 2311 513 neque
2339 442 2546 506 theoriam
2576 458 2724 501 incor-

1635 542 1866 585 poreorum
1895 526 2177 586 adsequetur,
2194 530 2278 572 .11181
2295 529 2496 572 interiora
2517 541 2594 571 sua
2609 529 2746 572 recte

1634 603 1932 657 composuerit.
1966 603 2069 645 Nam
2100 602 2261 657 proprii
2282 606 2414 644 status
2433 601 2696 657 perturbatio
2711 632 2723 654 ‚

1636 675 1742 716 solet
1770 678 1955 716 mentem
1984 686 2035 716 eo
2066 686 2290 727 revocare,
2323 673 2436 716 unde
2466 672 2726 715 discesserat.

1640 743 1720 786 Sed
1735 744 2083 800 tranquillitatem
2100 744 2377 799 cupiditatum
2391 743 2546 799 adepta
2556 774 2567 796 ,
2584 742 2732 785 demo·

1635 814 1796 857 rabitur
1825 815 1869 856 in
1906 815 2289 870 contemplatione,
2326 820 2369 857 et
2404 815 2730 857 domesticarum

1635 898 1776 928 rerum
1794 898 1937 927 curam
1954 891 2158 940 seponet:
2179 890 2278 928 sunt
2295 886 2407 928 enim
2426 898 2570 928 01111188
2589 886 2730 928 vestiti

1635 955 1855 1009 familiares
1885 956 2001 998 eius:
2035 955 2180 1010 furor,
2211 956 2380 1012 lenitate
2417 961 2459 999 et
2493 956 2731 1011 humilitate

1637 1027 1848 1082 cupiditas
1863 1057 1875 1078 ‚
1907 1018 2184 1082 temperantia
2213 1031 2341 1081 atque
2371 1027 2644 1070 continentia.

1696 1097 1863 1141 Otiosas
1902 1109 2013 1153 escas
2029 1129 2041 1151 ,
2074 1101 2117 1139 et
2147 1109 2254 1151 quae
2292 1097 2522 1151 pigros-ad
2554 1108 2731 1151 regnum

1638 1167 1980 1223 consequendum
2001 1167 2186 1210 reddunt
2205 1167 2400 1210 homines
2426 1166 2703 1222 simpliciores
2717 1198 2730 1220 ‚

1640 1243 1713 1281 aut
1732 1239 1961 1294 ineptiores
1976 1271 1988 1293 ‚
2013 1236 2153 1281 fidelis
2183 1251 2234 1282 ac
2263 1238 2461 1292 religiosa
2480 1238 2620 1280 anima
2647 1249 2737 1279 non

1640 1310 1852 1364 comedit;
1884 1314 1926 1353 et
1955 1323 2008 1353 ne
2039 1314 2181 1366 gustat
2211 1310 2385 1366 quidem
2401 1342 2413 1365 ‚
2433 1310 2469 1354 si
2497 1310 2610 1352 forte
2634 1308 2735 1351 illo-

1640 1395 1734 1424 rum
1776 1381 1986 1436 cupiditas
2022 1383 2068 1424 81
2100 1381 2276 1424 accidat.
2319 1383 2456 1424 Porro
2495 1381 2738 1436 iniquitates

1620 1470 1623 1474 ·
1642 1452 1748 1495 dicit
1779 1464 1894 1495 escas
1926 1453 2083 1495 otiosas
2092 1484 2101 1494 .

1701 1524 1887 1566 Fallaces
1916 1525 2075 1578 gratiae
2105 1528 2203 1566 sunt
2233 1527 2276 1566 et
2305 1535 2414 1566 vana
2442 1520 2733 1578 pulchritudO.

1643 1595 1893 1638 Stultissima
1923 1607 2117 1651 quaeque
2139 1595 2277 1638 anima
2307 1596 2394 1638 non
2423 1593 2554 1637 modo
2578 1594 2738 1647 cogitat

1644 1670 1686 1709 et
1701 1666 1954 1720 imaginatur
1972 1699 1984 1720 ,
2003 1666 2122 1722 quod
2138 1666 2219 1709 sibi
2237 1660 2300 1709 e'st
2313 1665 2482 1708 libitum
2496 1698 2507 1719 ‚
2527 1664 2601 1708 sed
2617 1665 2741 1706 etiam

1644 1737 1687 1778 in
1707 1749 1815 1792 opus
1838 1736 2031 1779 conferre
2053 1737 2298 1794 adgreditur
2318 1736 2567 1779 meditatum
2596 1747 2736 1777 suum.

1646 1807 1772 1861 Quod
1790 1808 2013 1850 si‘initium
2043 1808 2273 1863 sapientiae
2297 1811 2359 1850 est
2380 1807 2510 1849 timor
2537 1805 2737 1859 Domini,

1647 1880 1798 1921 merito
1818 1880 1954 1922 anima
1972 1879 2216 1935 sapientiam
2231 1877 2384 1934 adepta
2399 1908 2411 1932 ,
2430 1879 2630 1920 timorem
2645 1876 2738 1919 Do—

1647 1951 1750 1993 m'ini
1781 1943 2048 1994 commendat
2063 1982 2075 2005 ‚
2110 1951 2187 2006 qui
2217 1950 2256 1993 ei
2283 1949 2378 1993 talis
2407 1950 2602 1992 scientiae
2632 1959 2740 1991 cone

1650 2022 1817 2065 ciliator
1846 2022 1961 2066 fuit.·

1422 2139 1786 2182 ΔΒΒΙΤΑΜΕΝΤΠΜ
1794 2165 1803 2174 .

545 2235 686 2285 “Ioum
718 2233 793 2303 γὰρ
824 2237 883 2284 ὅτι
919 2255 988 2295 την
1012 2231 1084 2297 μὲν
1109 2255 1193 2301 περι
1222 2254 1275 2282 τα
1297 2254 1476 2299 πρακτεα
1499 2233 1584 2282 κε’κ-

487 2327 601 2358 τηται
633 2324 797 2371 γνωσιν,
832 2307 971 2371 ἀρετ-ἧς
1003 2301 1072 2369 μὲν
1096 2306 1265 2370 αιρεσιν,
1292 2326 1416 2371 <puy-nv
1442 2301 1486 2352 δὲ
1509 2311 1584 2353 κα-

485 2375 599 2436 κῖας,
636 2398 702 2425 και
741 2377 802 2425 ὀτι
845 2379 982 2426 κτῆσιν
1026 2375 1109 2438 ἔχει
1154 2397 1241 2431 τους
1286 2378 1442 2424 Momm
1426 2372 1535 2438 εμὲνε
1540 2398 1584 2430 υς

487 2445 549 2497 ὑπ’
587 2448 716 2497 αὐτοῦ·
763 2467 883 2513 φασιν
930 2468 995 2510 συν
1032 2468 1082 2500 ως
1121 2442 1240 2495 αὐτὸν
1286 2441 1480 2502 ἓλοντες,
1518 2469 1586 2495 και

487 2538 530 2566 τε
533 2538 633 2572 υτοις
657 2538 759 2582 χειρε
744 2515 913 2579 υμεῖῖα·
941 2519 1075 2569 ἄλὶως
1102 2512 1144 2562 δὲ
1166 2520 1304 2570 κτῧσις
1330 2519 1397 2564 τσῦ
1418 2513 1586 2575 δικαίου,

488 2609 606 2655 σοφια
637 2610 700 2636 και
733 2586 935 2654 φρόνησις,
964 2583 1121 2640 συνεσῖς
1148 2607 1189 2634 τε
1212 2585 1278 2634 καὶ
1305 2582 1437 2652 ἀρετη·
1463 2609 1588 2636 κατα-

488 2656 763 2721 λαμβάνονται
796 2656 837 2706 δὲ
871 2677 939 2709 την
977 2660 1111 2709 κτῆσιν
1146 2677 1290 2708 ταυτην
1322 2656 1356 2704 οἱ
1391 2658 1551 2718 ἀσεβεις
1575 2694 1588 2717 ,

490 2728 698 2783 πειὲσντες
732 2726 797 2778 τὸν
831 2724 977 2776 δικαισν
1009 2723 1170 2778 ποι-ἧσαι
1203 2750 1241 2778 τι
1274 2748 1348 2778 των
1376 2728 1501 2792 oin-ny:
1486 2749 1590 2794 ρευ-

491 2797 616 2863 μένων
648 2802 744 2862 θεῷ·
779 2820 846 2846 ινα
877 2794 1097 2865 τυφλωθεις
1130 2795 1208 2847 από
1241 2801 1314 2853 τῆς
1347 2795 1546 2864 αμαρτῖας
1572 2797 1592 2846 0‘

492 2874 581 2925 νοῧς
619 2866 762 2935 ἐκπέσῃ
802 2872 875 2918 τῶν
912 2867 1031 2935 ἁγιων
1067 2890 1212 2918 τουτων
1250 2865 1474 2931 κτημάτων,

518 2939 625 2991 TO
644 2962 735 3027 [με]
774 2944 921 3003 συνετῷ
951 2938 1109 3002 amotio),
1137 2960 1203 2987 καί
1231 2960 1283 2988 τα
1313 2936 1493 3025 ιδυσχερη
1517 2941 1592 2988 τῶν

497 3033 736 3078 πραγματων
771 3010 856 3059 εὔκε
840 3016 913 3058 λα
945 3029 1110 3075 γινεται·
1147 3013 1202 3074 τῷ
1231 3007 1273 3059 δε
1307 3007 1443 3075 ἑτέρως
1475 3007 1594 3072 ἕχον-

500 3103 573 3142 τι,
603 3105 669 3131 και
703 3104 755 3132 τα
786 3081 925 3130 εὔκολα
955 3103 1023 3129 και
1056 3077 1247 3144 ἀνάψυξῖν
1288 3102 1375 3132 τινα
1411 3079 1483 3144 ἔχε
1467 3101 1594 3138 ντα,

499 3155 672 3218 δυσχερῆ
695 3150 961 3202 maffia-cam.

569 3222 701 3289 Ao'yov
734 3221 810 3289 γαρ
843 3222 979 3284 ’έχουσι
1010 3221 1278 3289 θεωρημάτων
1312 3218 1594 3285 ἐωισττίμενα,

498 3290 619 3356 μηδὲν
653 3292 808 3357 ἔχοντες
840 3289 1004 3355 inp-albu.

1713 2241 1883 2302 Norunt
1901 2240 2012 2283 enim
2025 2272 2038 2295 ,
2057 2251 2153 2282 eum
2175 2236 2434 2293 agendarum
2453 2249 2593 2280 rerum
2611 2235 2747 2279 scien-

1655 2313 1756 2355 tiam
1775 2311 1990 2367 possidere
2002 2343 2015 2366 ,
2038 2314 2081 2353 ct
2101 2311 2146 2353 in
2166 2309 2341 2365 propria
2360 2311 2569 2363 potestate
2589 2304 2746 2349 habere

1655 2384 1847 2426 alumnos
1894 2395 2008 2426 suos.
2056 2383 2184 2424 Aiunt
2225 2380 2395 2435 itaque,
2437 2383 2655 2433 tamquam
2694 2388 2746 2419 eo

1657 2458 1809 2510 capto,
1841 2453 1955 2496 hisce
1988 2452 2272 2495 dominamur.
2302 2450 2483 2505 Alioqui
2507 2461 2609 2491 vero
2642 2459 2747 2503 pos-

1658 2526 1785 2568 sessio
1816 2525 1917 2567 iusti
1946 2524 2028 2567 viri
2058 2528 2121 2566 est
2150 2522 2381 2577 sapientia,
2405 2520 2650 2576 prudentia,
2682 2519 2750 2560 in-

1657 2597 1888 2651 telligentia
1917 2600 2044 2650 atque
2064 2595 2214 2636 virtus.
2239 2594 2459 2648 occupant
2475 2595 2616 2634 autem
2636 2590 2749 2632 eius-

1660 2668 1778 2711 modi
1807 2668 2115 2723 possessionem
2143 2663 2355 2720 improbi,
2389 2664 2424 2706 si
2447 2661 2620 2718 quando
2639 2662 2751 2704 iusto

1661 2739 1840 2799 suadent
1869 2743 1918 2782 ut
1948 2737 2109 2793 aliquid
2129 2750 2153 2780 a
2171 2738 2260 2779 Deo
2291 2734 2472 2778 vetitum
2503 2736 2751 2788 perpetret:

1662 2824 1811 2868 nempe
1840 2815 1889 2854 ut
1918 2822 2038 2853 mens
2067 2812 2239 2865 peccato
2272 2810 2521 2860 excaecata,
2554 2817 2580 2847 a
2608 2806 2753 2847 sancta

1662 2881 1908 2926 huiusmodi
1937 2881 2198 2936 possessione
2229 2877 2409 2921 excidat.

1692 2960 1695 2966 ’
1722 2953 1906 3009 Sapienti
1924 2952 2037 2994 iusto
2057 2949 2246 2993 difficilia
2264 2959 2437 3004 quoque
2459 2937 2756 3000 negotia'fiunt

1664 3024 1817 3068 facilia.
1851 3025 1907 3065 At
1937 3023 1975 3065 ei
1998 3022 2071 3077 qui
2090 3014 2210 3064 aliter
2229 3033 2273 3063 88
2293 3019 2422 3066 habet
2437 3049 2449 3072 ‚
2476 3017 2613 3060 facilia
2632 3015 2754 3067 etiam

1665 3101 1706 3138 et
1735 3082 1932 3138 solatium
1962 3092 2180 3148 quoddam
2201 3091 2415 3144 habentia,
2441 3088 2628 3132 difficilia
2652 3098 2754 3130 eva-

1667 3166 1790 3209 dunt.
2490 3196 2499 3204 ,

1724 3236 2015 3279 Theoreticam
2046 3219 2295 3279 doctrinam
2302 3232 2485 3286 habent,
2521 3229 2593 3274 sed
2625 3227 2760 3271 excel-

1669 3321 1762 3351 sum
1792 3308 1915 3352 nihil.
2301 3317 2308 3327 ·

1447 3477 1562 3509 les
1592 3475 1817 3508 ORIGENIS.
