2996 4432
539 255 603 302 511·
1267 292 1270 302 ,
1521 266 1579 298 Ex
1612 266 1742 298 Lmno
1773 266 1823 298 v.

539 354 669 406 taris
701 369 825 405 cum
859 348 1170 402 mulieribus
1202 348 1575 402 confabulari?
1603 348 1766 417 Quod
1800 348 1845 401 si
1874 349 2155 421 contigerit
2187 350 2478 423 aliquando
2504 370 2605 423 pro
2642 371 2813 423 sacer³

543 435 708 489 dotali
737 433 1027 486 ministerio
1056 432 1260 485 visitari
1289 444 1343 485 et
1372 433 1611 498 visitare,
1650 451 1763 484 non
1793 431 1935 485 solus
1969 451 2091 486 cum
2131 434 2272 498 sola,
2313 445 2534 506 excepta
2563 448 2809 506 peccato-

541 536 662 570 rum
692 515 1020 570 confessione
1036 555 1050 579 ,
1075 515 1355 586 loquatur,
1392 534 1491 569 nec
1518 517 1631 568 sine
1656 514 1880 567 testibus
1911 515 2079 569 adeat.
2103 517 2217 581 Nec
2240 519 2342 570 hoc
2368 517 2488 570 ideo
2515 517 2635 571 dico
2661 519 2810 590 quod

468 637 470 639 ν
542 619 659 655 non
694 602 800 653 sint
833 599 1060 671 pudicae
1095 599 1369 663 muliereS,
1398 618 1536 671 quae
1566 600 1724 652 etiam
1757 597 1823 651 de
1853 597 2133 669 impudicis
2163 600 2398 653 facerent
2423 600 2650 671 pudicos
2669 642 2681 665 ,
2717 600 2811 653 sed

274 954 343 985 eod.
365 954 387 985 f.
404 958 451 985 49.
469 959 500 985 a.

221 1371 238 1388 ²⁸
251 1369 358 1400 Ezech.
366 1368 448 1400 xm.
460 1374 503 1401 19.

296 2700 313 2717 ³*
330 2699 403 2737 Cap.
423 2699 446 2729 1.
470 2701 513 2729 14.

543 685 617 737 ob
647 683 703 736 id
740 702 808 735 ne
833 682 971 735 forte
1009 686 1108 754 per
1142 681 1459 754 pudicarum
1487 681 1755 752 colloquia
1787 680 2077 751 aliquando
2115 695 2333 735 ventum
2371 684 2439 735 sit
2474 683 2540 735 ad
2575 682 2806 754 impudi-

545 786 624 821 ca.
658 767 724 819 Et
757 768 861 819 hoc
894 765 1136 819 sollerter
1161 767 1354 819 sanctis
1379 764 1673 818 cavendum
1701 774 1781 815 est
1804 764 2127 835 >presbyteris
2145 805 2157 829 ,
2192 777 2251 817 ut
2279 766 2358 819 'sic
2386 768 2526 837 regia
2559 765 2805 818 incedant

547 852 660 915 via,
691 869 759 903 ne
790 848 859 902 ad
888 847 1508 902 dexteramdeclinantes
1542 846 1709 898 velint
1736 846 1858 917 plus
1889 846 2027 898 iusto
2057 845 2226 899 videri
2265 849 2458 900 sancti:
2500 868 2598 900 nec
2633 849 2707 900 sic
2743 848 2811 900 ad
2856 888 2858 890 .

549 935 810 987 sinistram
842 931 1137 995 devianteS,
1177 942 1239 984 ut
1265 950 1331 984 ex
1360 941 1476 983 toto
1500 929 1759 1000 incipiant
1783 946 2037 1000 apparere
2069 928 2341 982 mundani.
2371 930 2489 983 Scio
2522 932 2818 983 nonnullos

550 1019 623 1070 ita
658 1016 1035 1070 calamistratos
1077 1026 1136 1067 ‘et
1166 1025 1276 1066 tam
1323 1013 1622 1084 pompatice
1663 1030 1762 1083 per
1809 1012 2071 1065 civitatem
2107 1011 2441 1077 incedenteS,
2491 1004 2814 1085 summisque

551 1100 786 1171 digitulis
810 1099 1082 1170 pulverem
1111 1097 1201 1149 vix
1233 1107 1540 1167 tangenteS‚
1568 1106 1630 1147 ut
1654 1094 1797 1147 dicas
1826 1114 1917 1148 eos
1944 1115 2057 1148 non
2084 1095 2380 1149 sacerdotes
2408 1115 2516 1149 esse
2541 1097 2635 1149 sed
2658 1110 2819 1168 spon-v

551 1202 656 1237 sos.
692 1184 764 1236 Hi
799 1195 1062 1236 vocantur
1096 1179 1317 1250 benigni
1356 1190 1409 1231 et
1440 1178 1669 1255 dapsiles
1696 1189 1749 1230 et
1782 1177 1959 1231 faciles
1997 1178 2065 1232 ad
2101 1178 2331 1232 dandam
2363 1191 2697 1251 peccatorum
2727 1199 2816 1232 ve-

554 1268 715 1320 niam.
757 1267 837 1318 De
874 1265 1069 1317 talibus
1097 1264 1288 1333 vul'gus
1319 1262 1591 1334 loquitur:
1632 1262 1686 1314 hi
1716 1280 1829 1315 non
1866 1273 1992 1313 sunt
2020 1262 2359 1333 hypocritae,
2394 1262 2452 1314 hi
2488 1281 2599 1315 non
2636 1264 2811 1314 horre-

555 1362 711 1403 scunt
729 1359 1049 1421 peccatores.
1074 1346 1184 1413 Qui
1202 1347 1245 1399 si
1264 1364 1441 1398 secum
1458 1356 1841 1417 pertractarent
1857 1343 1990 1397 illud
2003 1345 2410 1417 propheticum*
2425 1345 2818 1416 mortificabant

553 1433 774 1486 animas
796 1450 936 1503 quae
959 1431 1210 1494 vivebant,
1236 1441 1287 1481 et
1310 1429 1645 1500 vivzflcabant
1666 1448 1805 1500 qaae
1822 1448 1932 1481 non
1952 1428 2202 1491 vivebant,
2229 1447 2518 1500 numquam
2536 1429 2818 1500 impunita-

555 1529 661 1570 tem
685 1513 942 1587 peccandi
970 1513 1338 1585 promitterent
1362 1511 1726 1584 peccantibus,
1758 1512 1822 1563 Et
1846 1522 1970 1564 sunt
1990 1512 2235 1563 nonnulli
2259 1511 2417 1583 pullis
2455 1512 2687 1564 vestibus
2723 1512 2817 1564 cir-

553 1598 871 1663 cumamicti,
900 1597 1050 1649 vulto
1068 1595 1294 1649 demisso
1323 1594 1650 1658 incedenteS,
1685 1595 1875 1665 capitia
1903 1613 2089 1664 magna
2112 1594 2339 1646 ferentes
2357 1635 2370 1659 ,
2412 1594 2501 1645 vix
2527 1592 2690 1665 pedes
2716 1602 2822 1665 pro·

553 1682 862 1735 enormitate
881 1680 1223 1733 subtellarum
1240 1679 1528 1742 trahentes,
1550 1678 1718 1731 cilicia
1736 1696 1915 1749 grossa
1932 1677 2174 1734 ferenteS.
2199 1677 2269 1728 Hi
2287 1687 2412 1729 sunt
2429 1677 2522 1747 qui
2535 1688 2815 1747 penetrant

553 1765 740 1819 domos
771 1763 1082 1829 viduarum,
1128 1775 1180 1817 et
1213 1783 1326 1817 non
1358 1763 1529 1815 solum
1558 1761 1836 1814 viduarum
1875 1760 1968 1813 sed
2009 1772 2060 1814 et
2089 1772 2472 1823 matronarum,
2519 1761 2819 1834 novitatum

553 1850 855 1901 inventores
885 1858 938 1899 et
966 1859 1251 1912 amatore5‚
1272 1865 1478 1918 semper
1507 1859 1820 1920 quaerentes
1847 1847 1916 1899 ab
1945 1847 2193 1899 omnibus
2219 1847 2396 1899 vocari
2421 1845 2599 1898 rabbi:
2629 1846 2685 1897 in
2710 1840 2819 1898 ver-

554 1933 637 1986 bis
665 1932 821 1996 iusti,
865 1942 1099 1983 ceterum
1134 1931 1191 1982 in
1233 1930 1488 2002 operibus
1528 1931 1778 1984 malefici:
1819 1930 1948 1983 foris
1986 1930 2167 1994 nitidi,
2205 1931 2348 1982 intus
2379 1948 2503 1982 vero
2537 1928 2722 1981 foetidi
2764 1941 2818 1982 et

555 2014 904 2086 coinquinati.
927 2013 1178 2067 Vestibus
1203 2013 1366 2085 igitur
1395 2032 1494 2067 nec
1512 2014 1738 2066 multum
1762 2013 1990 2066 sordidis
2014 2031 2114 2066 nec
2142 2013 2366 2065 multum
2397 2012 2645 2084 speciosis
2664 2024 2823 2064 utan-

556 2111 646 2151 tur
677 2098 895 2151 Domini
925 2096 1248 2161 sacerdoteS,
1280 2096 1491 2150 divinos
1527 2097 1692 2150 libros
1717 2097 1924 2150 assidue
1947 2097 2150 2167 legant,
2178 2096 2537 2167 plebibusque
2561 2095 2659 2147 sibi
2686 2113 2822 2147 com·

556 2181 722 2234 missis
751 2180 929 2233 divina
954 2179 1168 2233 tradant
1196 2180 1437 2251 eloquia,
1473 2182 1773 2233 novitatum
1807 2181 2059 2233 vanitates
2096 2179 2321 2251 fugiant,
2362 2179 2729 2231 contentiones
2767 2190 2824 2231 et

558 2264 934 2317 aemulationes
971 2275 1024 2316 et
1053 2263 1195 2315 rixas
1229 2262 1586 2326 detestentur,
1623 2264 1983 2316 castimoniam
2019 2262 2242 2334 diligant
2266 2263 2378 2314 sine
2414 2268 2520 2333 qua
2553 2280 2710 2314 nemo
2741 2262 2819 2313 vi-

560 2347 708 2399 debit
744 2349 942 2410 Deum,
972 2346 1222 2399 iustitiam
1247 2346 1592 2398 humilitatem
1623 2357 1782 2417 atque
1815 2347 2081 2398 caritatem
2106 2345 2521 2416 amplectantur,
2550 2344 2820 2397 avaritiam

562 2432 898 2493 horrescant,
943 2429 1243 2482 liberalitati
1281 2449 1381 2501 pro
1430 2429 1632 2481 viribus
1674 2428 1922 2482 studeant
1967 2427 2063 2481 sed
2093 2447 2206 2480 non
2247 2428 2318 2480 ob
2358 2427 2544 2479 mundi
2581 2428 2816 2498 gloriam,

560 2514 961 2580 comessationes
1009 2525 1061 2566 et
1105 2513 1384 2565 ebrietates
1428 2512 1665 2566 devitent
1686 2554 1699 2578 ,
1754 2513 1949 2565 ieiunia
1987 2524 2162 2564 autem
2202 2522 2380 2563 sancta
2417 2531 2477 2563 ac
2510 2510 2705 2583 pudica
2742 2530 2821 2563 se-

563 2608 790 2649 ctentur.
831 2594 886 2648 Si
923 2596 1062 2649 enim
1095 2615 1252 2649 omne
1287 2597 1544 2649 ieiunium
1583 2607 1825 2649 sanctum
1872 2606 2005 2648 esset
2045 2614 2106 2648 ac
2147 2593 2436 2666 pudicum,
2483 2613 2823 2665 nequaquam

562 2679 825 2732 Dominus
855 2697 951 2751 per
977 2679 1208 2732 Iohelem
1235 2678 1435 2732 diceret
1456 2680 1763 2750 santfficate
1799 2679 2087 2731 ieiunium.
2106 2678 2127 2702 '¹
2154 2677 2513 2730 Fortissimum
2537 2677 2675 2729 enim
2702 2677 2824 2728 ieiu-

561 2762 710 2814 nium
746 2773 826 2815 est
858 2761 1059 2825 validis,
1098 2762 1250 2834 panis
1286 2774 1339 2815 et
1375 2781 1544 2834 aqua3
1574 2763 1748 2814 minus
1782 2761 1987 2824 validis,
2015 2761 2168 2833 panis
2205 2771 2258 2812 et
2288 2761 2518 2812 virentes
2549 2759 2746 2812 herbae
2770 2769 2824 2811 ‘et
2858 2822 2861 2823 ⁷

560 2863 719 2916 poma
752 2863 872 2897 eum
914 2844 1120 2898 modica
1149 2845 1261 2897 vini
1295 2845 1545 2917 potione:
1588 2844 1855 2898 debilibus
1878 2861 2005 2897 vero
2031 2844 2185 2915 panis
2217 2854 2270 2895 et
2294 2843 2434 2906 vini,
2466 2854 2518 2894 et
2541 2853 2688 2895 cocta
2711 2843 2826 2913 pul-

559 2928 854 2980 mentaria:
893 2927 1115 2980 infirmis
1139 2938 1293 2993 vern,
1326 2927 1393 2980 de
1423 2946 1658 2999 quorum
1693 2946 1918 2980 numero
1950 2946 2047 2998 ego
2086 2946 2232 2991 sum,
2267 2945 2378 2978 non
2405 2937 2481 2978 est
2505 2926 2592 2978 lex
2628 2926 2816 2996 posita.

561 3010 969 3074 AdulatoribuS,
1003 3010 1392 3064 detractoribus
1422 3031 1534 3064 non
1569 3011 1774 3063 facilem
1800 3011 2091 3082 praebeant
2127 3028 2333 3072 aurern,
2367 3009 2697 3080 paenitentes
2732 3009 2824 3062 de-

561 3095 857 3158 mulceant,
897 3094 1055 3166 lapsis
1088 3113 1303 3147 manum
1345 3094 1722 3147 consolationis
1758 3094 2067 3165 porrigant,
2102 3092 2339 3144 infirmos
2374 3092 2584 3144 visitent
2620 3103 2670 3143 et
2705 3092 2825 3144 oleo

565 3177 886 3231 sanctificato
922 3190 1169 3250 tangant:
1209 3197 1310 3249 pro
1333 3179 1574 3230 vivorum
1605 3177 1770 3230 salute
1806 3188 1859 3229 et
1893 3188 2229 3230 mortuorum
2264 3175 2449 3246 requie
2479 3174 2686 3227 assidue
2710 3176 2824 3226 mis·
2860 3222 2866 3229 s

492 3288 495 3291 ·
566 3279 649 3313 sas
682 3260 996 3313 decantent:
1030 3261 1246 3314 clericos
1282 3261 1383 3313 sibi
1409 3260 1709 3312 commissos
1733 3258 1953 3330 diligant
1977 3270 2038 3311 ut
2076 3259 2238 3310 filios:
2275 3259 2582 3328 episcopum
2607 3258 2832 3309 timeant

565 3354 632 3395 ut
646 3341 937 3408 dominum,
965 3355 1283 3396 venerentur
1306 3354 1366 3395 ut
1391 3343 1682 3406 Christum,
1718 3342 1938 3414 diligant
1965 3354 2025 3394 ut
2039 3353 2260 3413 patrem.
2281 3340 2531 3393 'Similiter
2556 3352 2608 3392 et
2638 3340 2824 3392 levitae

565 3424 781 3478 modum
801 3444 953 3477 suum
980 3438 1197 3479 caveant
1220 3445 1288 3479 ne
1312 3425 1595 3490 excedant,
1617 3444 1686 3479 ne
1710 3444 1765 3479 se
1790 3425 2151 3479 sacerdotibus
2171 3435 2526 3496 anteponant3
2550 3424 2670 3475 licet
2685 3423 2823 3475 enim

565 3508 885 3582 dispensatio
921 3507 1171 3562 dominici
1195 3510 1463 3580 sanguinis
1489 3509 1556 3562 sit
1588 3510 1662 3562 eis
1686 3528 1934 3562 concessa
1952 3551 1965 3574 ‚
1996 3528 2108 3561 non
2131 3520 2308 3560 tamen
2338 3507 2694 3559 consecratio:
2725 3523 2822 3558 nec

566 3592 683 3645 oleo
713 3602 938 3663 possunt
970 3602 1181 3662 tangere
1218 3591 1453 3644 infirmos
1489 3611 1587 3645 nec
1629 3593 1896 3663 baptizare
1932 3592 2013 3644 vel
2051 3590 2359 3663 praedicare
2396 3592 2666 3661 praesente
2702 3595 2820 3659 pre-

567 3675 782 3747 sbytero
814 3674 1016 3747 absque
1052 3675 1165 3726 eius
1203 3675 1459 3740 iussione,
1501 3694 1599 3728 nee
1634 3675 1819 3728 sedere
1853 3676 1908 3727 in
1936 3674 2285 3746 presbyterio.
2315 3672 2547 3727 Videant
2578 3671 2739 3741 igitur
2763 3679 2823 3720 ut

567 3770 620 3810 et
648 3758 934 3830 hospitales
971 3757 1110 3822 sint;
1151 3756 1219 3810 ad
1255 3758 1357 3811 hoc
1382 3759 1522 3810 enim
1557 3758 1769 3824 illorum
1803 3757 2154 3809 ministerium
2191 3756 2422 3827 primum
2446 3755 2720 3806 inventum
2747 3761 2824 3802 est

566 3853 628 3904 ut
659 3841 915 3896 servirent
949 3840 1140 3894 mensis
1150 3880 1165 3907 ,
1195 3852 1259 3894 et
1304 3853 1365 3895 ut
1396 3842 1657 3895 imitantes
1685 3841 1828 3895 beati
1863 3840 2117 3912 Stephani
2151 3835 2554 3911 protomartyris
2592 3833 2826 3906 primice-
