2996 4432
534 262 591 308 16
1513 273 1571 305 131
1604 273 1734 307 mmm
1767 274 1820 306 11.

531 358 718 419 adeat,
758 366 813 409 et
847 373 959 408 non
995 354 1108 408 sine
1143 356 1397 423 testibus,
1437 376 1666 429 quarum
1701 358 1879 411 vultus
1914 357 2161 431 inspiciat
2196 377 2318 412 cum
2354 347 2498 412 omni
2535 363 2789 418 castitate.

241 458 479 489 comum-1>-
529 442 624 493 Est
659 439 854 493 etenim
889 439 1032 490 visus
1068 450 1241 492 castus
1265 480 1279 505 ,
1307 451 1386 493 est
1409 450 1462 494 et
1495 441 1759 506 incestus;
1788 442 1833 494 si
1859 442 1999 493 enim
2035 442 2207 495 omnis
2243 442 2386 495 visus
2422 454 2592 498 castus
2627 459 2792 510 esset,

527 540 873 595 nequaquam
910 522 967 573 in
993 523 1265 594 evangelio
1303 525 1562 577 Dominus
1598 523 1825 577 diceret:
1866 524 1964 595 qai
1999 525 2182 578 viderit
2213 525 2486 577 mulierem
2515 528 2590 578 ad
2610 529 2795 580 conem-

523 606 880 679 piscendam,
930 605 1041 657 iam
1078 606 1385 659 moechatus
1417 619 1642 659 estsseam
1678 606 1737 658 in
1767 606 1918 658 eorde
1939 626 2058 659 sao.

909 689 1071 755 Quod
1108 691 1389 762 episcopus
1425 709 1537 743 non
1574 690 1766 742 habeat
1800 690 2106 743 familiarem
2142 690 2405 745 infamem.

639 776 724 826 31.
757 774 919 826 Curet
955 792 1080 844 ergo
1118 775 1399 846 episcopus
1434 786 1496 827 ut
1526 774 1804 826 familiares
1830 773 1958 825 tales
1991 773 2215 838 habeat,
2256 775 2322 828 de
2351 795 2578 846 quorum
2610 777 2716 829 vita
2740 789 2792 829 et

530 856 930 910 conversatione
966 874 1078 908 non
1113 857 1412 910 infametur.
1454 854 1579 909 Non
1622 857 1765 908 enim
1810 856 2006 908 sufficit
2041 868 2103 908 ut
2143 876 2331 911 manus
2375 860 2486 930 ipse
2531 858 2790 912 custodiat

533 958 682 1005 suaS,
711 939 812 991 nisi
849 937 1113 992 custodiat
1149 951 1201 991 et
1235 939 1587 992 familiarium.
1616 939 1740 991 Non
1776 939 1915 992 enim
1940 939 2174 991 sanctior
2197 958 2308 992 esse
2333 942 2528 1012 poterit
2556 942 2785 1004 Elisae0‚

534 1023 686 1075 cuius
722 1022 872 1074 Giezi
908 1021 1037 1075 dum
1074 1022 1317 1074 avaritiae
1353 1021 1560 1087 studet,
1600 1034 1859 1075 mercatus
1895 1034 1971 1075 est
2007 1023 2264 1076 maculam
2306 1025 2689 1096 sempiternam.

863 1105 935 1157 Ut
969 1105 1230 1157 bellorum
1266 1105 1580 1158 tumultibus
1615 1125 1670 1158 se
1706 1125 1819 1158 non
1854 1107 2124 1159 inmisceat
2161 1107 2460 1178 episcopus.

641 1191 727 1241 32.
751 1188 824 1239 Ut
840 1187 1104 1240 bellicosis
1134 1188 1294 1240 rebus
1313 1188 1547 1240 animum
1572 1208 1684 1242 non
1711 1189 1953 1241 intendat
1977 1209 2132 1241 suum
2149 1230 2162 1251 ,
2185 1190 2354 1242 omnis
2372 1190 2479 1242 fere
2495 1201 2790 1243 sanctarum

536 1273 918 1344 scripturarum
946 1271 1104 1323 series
1129 1270 1459 1324 contradicit.
1489 1273 1747 1325 Dominus
1771 1273 1911 1326 enim
1940 1273 2084 1325 Iesus
2112 1274 2267 1326 Petro
2291 1273 2512 1335 volenti,
2544 1291 2611 1325 ne
2641 1292 2792 1345 cape-

533 1368 705 1421 retur,
737 1354 909 1426 gladio
932 1355 1219 1426 prohibere
1252 1356 1326 1407 sic
1350 1356 1448 1408 ait:
1481 1357 1630 1409 mitte
1652 1356 1900 1428 gladium
1930 1367 2086 1408 taam
2116 1357 2175 1408 in
2204 1356 2470 1428 vaginam.
2505 1357 2603 1408 An
2623 1367 2792 1427 putas

533 1439 666 1510 qaia
692 1458 802 1491 non
821 1457 1045 1509 possum
1079 1458 1257 1510 rogare
1282 1451 1496 1511 patrem
1535 1459 1740 1502 meam,
1780 1452 1830 1492 et
1865 1439 2130 1493 exhibebit
2166 1439 2304 1492 milii
2318 1434 2453 1511 plus
2479 1457 2643 1510 qaam
2668 1438 2793 1490 duo-

532 1523 700 1574 decim
737 1522 886 1573 mille
926 1522 1153 1594 legiones
1190 1525 1546 1595 angelorum?
1581 1522 1684 1576 Sed
1720 1534 1771 1575 et
1814 1523 1980 1575 sancti
2020 1523 2116 1594 qui
2154 1522 2386 1575 efficacia
2419 1522 2793 1574 miraculorum

533 1618 584 1658 et
620 1606 873 1676 sanguine
909 1623 1005 1657 suo
1042 1605 1338 1658 fundarunt
1382 1606 1649 1660 ecclesiam
1670 1646 1683 1668 ,
1725 1618 1943 1676 possent
1983 1605 2200 1678 quidem
2243 1606 2397 1659 armis
2440 1606 2708 1670 resistere,
2750 1606 2792 1657 si

532 1688 726 1741 vellent
757 1689 1043 1739 tumultum
1072 1689 1398 1760 populorum
1436 1689 1504 1742 ad
1539 1689 1850 1742 seditionem
1881 1690 2134 1753 invitare3
2176 1688 2270 1742 sed
2305 1690 2484 1761 potius
2517 1688 2793 1741 frementes

532 1774 736 1825 animos
781 1772 1105 1842 populorum
1147 1771 1330 1824 sedare
1377 1785 1696 1825 curaverunt
1741 1772 2009 1826 dieentes:
2055 1773 2219 1826 nolite
2245 1814 2258 1838 ‚
2307 1773 2520 1835 fratre5‚
2565 1773 2791 1843 quietem

532 1854 732 1908 domini
773 1855 941 1906 nostri
977 1855 1096 1906 Iesu
1134 1855 1329 1907 Christi
1366 1857 1422 1907 in
1457 1856 1744 1908 tumultum
1781 1868 2110 1909 convertere.
2152 1858 2218 1909 Et
2257 1857 2443 1909 beatus
2483 1855 2793 1907 Ambrosius

531 1939 599 1991 de
628 1938 888 2009 episcopis
917 1938 991 1990 sic
1020 1938 1289 2010 loquitur:
1328 1960 1355 1987 <c
1377 1940 1454 1991 vis
1484 1940 1698 1991 Domini
1728 1956 2046 2010 cognoscere
2075 1941 2353 1993 censores?
2378 1939 2631 1992 iubentur
2659 1940 2794 1990 ince-

534 2044 562 2071 ³›
603 2022 726 2074 dere
761 2021 876 2074 sine
910 2022 1085 2092 virga,
1117 2033 1170 2074 et
1198 2021 1428 2075 condere
1452 2021 1716 2093 gladium,
1752 2041 1864 2074 non
1902 2042 2158 2093 quaerere
2195 2042 2400 2075 aurum.
2437 2044 2461 2070 »
2503 2023 2569 2073 Et
2602 2022 2792 2073 beatus

531 2106 860 2176 Augustinus
895 2106 1035 2157 inter
1069 2117 1243 2158 cetera
1276 2106 1350 2158 sic
1378 2106 1576 2159 scribit.
1617 2128 1642 2154 <c
1661 2105 1824 2172 Quod
1850 2106 1907 2157 in
1932 2106 2095 2157 veteri
2125 2116 2439 2158 testamento
2474 2103 2539 2156 de
2564 2105 2714 2156 Eliae
2742 2115 2794 2156 et

537 2213 564 2239 ι)
605 2190 828 2241 Phinees
860 2189 972 2241 zelo
1005 2188 1281 2254 laudatur,
1323 2204 1554 2260 quorum
1590 2190 1719 2241 alter
1759 2188 1873 2241 zelo
1912 2188 2132 2240 confixit
2165 2187 2462 2250 adulterOS,
2501 2187 2631 2239 alter
2663 2205 2790 2239 vero
2972 2224 2996 2248 2

536 2295 562 2322 ³>
605 2272 777 2343 gladio
806 2272 1030 2343 peremit
1059 2271 1389 2335 idololatram,
1424 2274 1529 2325 hoc
1560 2274 1616 2324 in
1649 2291 1791 2324 novo
1821 2282 2133 2324 testamento
2160 2271 2226 2324 de
2254 2264 2717 2341 degradationibus
2741 2281 2792 2322 et

535 2380 562 2405 ³>
603 2356 1235 2409 excommunicationibus
1271 2356 1605 2409 sentiendum
1652 2366 1760 2418 est,
1811 2373 1932 2407 cum
1969 2356 2025 2407 in
2070 2355 2283 2407 ecclesia
2327 2345 2545 2405 visibilis
2587 2352 2791 2424 gladius

535 2461 563 2490 ³>
605 2440 784 2491 fuisset
814 2452 1166 2492 cessaturus»
1203 2441 1313 2493 Nec
1342 2440 1462 2492 ideo
1487 2439 1606 2492 dico
1631 2451 1690 2491 ut
1715 2458 1827 2491 non
1852 2439 1958 2490 sint
1982 2436 2304 2490 admonendi
2336 2435 2514 2489 fideles
2530 2476 2544 2499 ,
2573 2447 2626 2488 et
2648 2455 2792 2507 prae-

532 2524 689 2594 cipue
723 2541 871 2592 reges
909 2525 961 2574 et
994 2522 1195 2575 iudices
1231 2535 1283 2575 et
1319 2523 1539 2585 militeS,
1574 2534 1634 2574 ut
1667 2521 2022 2574 schismaticos
2049 2533 2100 2573 et
2124 2520 2606 2584 excommunicatos
2635 2519 2791 2571 armis

532 2617 950 2676 persequantur3
981 2606 1024 2657 si
1059 2606 1199 2658 enim
1236 2606 1339 2657 hoc
1370 2625 1481 2658 non
1512 2617 1677 2668 esset,
1722 2604 2025 2676 superfluus
2060 2603 2329 2656 videretur
2362 2602 2496 2655 ordo
2529 2613 2792 2674 pugnato-

533 2708 651 2740 rum
688 2688 744 2739 in
781 2688 1065 2740 christiana
1102 2688 1340 2758 legione,
1376 2707 1513 2760 quos
1543 2690 1806 2741 Dominus
1834 2688 2093 2760 primitias
2127 2688 2229 2740 sibi
2262 2687 2416 2758 elegit
2454 2705 2519 2738 ex
2546 2685 2791 2739 omnibus

534 2771 840 2823 hominibus
881 2771 979 2823 sub
1020 2789 1240 2823 romano
1277 2771 1498 2842 imperio
1537 2771 1869 2843 degentibus.
1915 2771 2123 2824 Scilicet
2158 2770 2576 2834 admoneantur,
2618 2781 2677 2821 ut
2711 2769 2823 2834 ἰυ-ἐ
2865 2794 2867 2797 ’

534 2866 671 2906 stum
709 2866 814 2917 est,
854 2854 1042 2906 milites
1078 2853 1306 2906 dominis
1343 2855 1450 2907 suis
1482 2854 1640 2906 fidem
1684 2873 1919 2917 servare,
1962 2866 2014 2907 et
2046 2870 2146 2926 pro
2183 2854 2347 2905 salute
2381 2871 2566 2905 eorum
2608 2862 2790 2922 et‘pro

535 2956 591 2990 re
627 2938 844 3009 publica
881 2956 1051 3009 usque
1087 2937 1156 2990 ad
1197 2950 1419 2990 mortem
1456 2937 1725 2991 decertare
1746 2978 1759 3001 ,
1807 2938 2163 2990 schismaticos
2197 2948 2249 2989 et
2284 2936 2576 2989 haereticos
2613 2933 2789 2987 debel-

532 3022 659 3073 lare.
695 3022 926 3073 Tantum
960 3040 1028 3073 ne
1065 3021 1288 3074 aliorum
1326 3021 1584 3094 mortibus
1618 3022 1695 3093 pii
1730 3020 2013 3073 foedentur
2046 3021 2300 3084 obtutus,
2336 3039 2366 3072 a
2401 3018 2662 3072 bellorum
2699 3036 2790 3088 ap-

535 3116 723 3174 paratu
761 3123 909 3156 suam
943 3104 1140 3157 debent
1172 3105 1472 3176 (episcopi)
1509 3123 1685 3157 arcere
1715 3104 2082 3176 praesentiam.
2791 3106 2794 3109 ’

1087 3189 1168 3239 De
1205 3186 1508 3240 adulatione
1544 3199 1597 3257 et
1633 3187 1960 3240 detractione
1995 3185 2226 3239 vitanda.

642 3270 727 3320 33.
759 3269 1142 3322 Adulatoribus
1167 3288 1294 3323 vero
1317 3282 1370 3323 et
1394 3270 1781 3324 detractoribus
1813 3270 2018 3323 facilem
2048 3289 2159 3322 non
2191 3268 2439 3341 praebeat
2457 3285 2665 3328 aurem3
2697 3285 2789 3343 na-

536 3352 692 3403 turali
729 3353 869 3419 enim
903 3352 1149 3405 ducimur
1185 3354 1351 3419 malo,
1395 3366 1447 3407 et
1485 3353 1851 3407 adulatoribus
1887 3354 2113 3406 libenter
2147 3353 2405 3404 favemus:
2446 3361 2497 3403 et
2531 3349 2652 3402 licet
2688 3349 2791 3400 eal-

535 3433 674 3486 lidus
711 3434 877 3486 rubor
913 3436 1186 3489 suffundat
1216 3456 1339 3500 ora,
1380 3436 1450 3490 ad
1482 3436 1691 3490 laudem
1726 3437 1948 3489 interius
1984 3454 2131 3507 mens
2161 3436 2416 3497 laetatur,
2454 3443 2507 3486 et
2541 3431 2791 3504 quodam-

535 3516 695 3569 modo
739 3518 889 3569 extra
926 3537 980 3570 se
1016 3538 1151 3572 vana
1186 3520 1350 3591 gloria
1388 3521 1625 3592 rapitur;
1669 3520 1743 3572 ita
1776 3531 1837 3571 ut
1870 3519 2070 3571 etiamsi
2109 3517 2237 3570 falsa
2272 3517 2408 3581 sint,
2449 3534 2584 3588 quae
2623 3513 2690 3567 de
2724 3532 2789 3566 eo

536 3599 799 3652 adulantis
840 3618 968 3652 voce
1010 3614 1328 3671 promuntur
1350 3645 1363 3669 ‚
1405 3603 1574 3657 credit
1611 3614 1816 3665 tamen,
1851 3603 1978 3674 quia
2018 3601 2133 3654 vult
2168 3619 2292 3653 vera
2332 3618 2442 3652 esse
2482 3616 2619 3671 quae
2659 3596 2787 3649 falsa

537 3695 679 3735 sunt.
720 3685 801 3735 De
843 3681 1227 3738 detractoribus
1262 3697 1436 3738 autem
1465 3685 1607 3757 -quid
1644 3684 1854 3738 dicam?
1885 3685 1986 3736 nisi
2020 3683 2146 3757 quia
2184 3703 2303 3735 cum
2336 3683 2548 3734 illorum
2581 3679 2783 3752 capite,

538 3765 689 3836 quod
719 3776 797 3817 est
826 3764 1069 3817 diabolus
1087 3806 1100 3830 ‚
1128 3768 1278 3820 cuius
1306 3767 1504 3820 invidia
1535 3787 1676 3823 mors
1703 3768 1919 3821 intravit
1945 3768 2002 3822 in
2036 3765 2295 3820 mundum
2313 3807 2325 3831 ‚
2355 3762 2788 3836 episcopalisunt

539 3850 756 3901 omnino
787 3847 1091 3903 removendi
1122 3848 1484 3904 familiaritate.
