2944 4426
1178 250 1223 282 m
1256 249 1521 282 nomam.

225 339 439 395 suffragiis
459 338 689 391 nonnullos
710 337 908 392 indignos
930 335 1163 391 eliguntad
1177 347 1316 379 sacer-

227 410 416 466 dotium,
441 411 610 454 clerove
628 409 887 454 adscribunt.
909 409 1054 463 Neque
1074 407 1186 450 enim
1201 407 1316 462 quis-

229 493 359 538 quam
381 494 431 525 ex
460 479 608 524 nobis
615 471 718 523 iusti
745 478 890 522 iudicii
914 479 980 522 ius
1003 491 1052 521 ac
1077 478 1318 522 libertatem

229 554 275 596 in
301 554 478 596 ecclesia
509 528 752 596 0000111011·
783 562 921 605 neque
950 550 1054 595 11000
1081 562 1316 605 praeroga-

229 626 316 668 tiva
336 628 480 668 nostra
494 627 580 676 est,
607 621 680 664 sed
703 622 858 665 Christi
873 653 885 675 ,
905 634 989 677 qua
1005 621 1224 676 iudicavit,
1250 634 1318 664 se-

231 700 318 739 met
333 693 562 739 iustificans
581 692 750 746 tradere
767 693 882 746 neci,
907 697 950 735 et
972 693 1214 747 sanguinem
1236 706 1317 748 pro

231 767 305 810 illa
329 764 520 820 fundere.
549 763 615 806 Sic
639 765 763 807 etiam
791 764 981 818 quisquis
1004 764 1201 807 ecclesiae
1228 765 1318 807 cla-

231 849 338 880 vumv
358 847 568 891 occupare
596 840 745 891 optat,
773 834 898 878 debet
921 839 1051 878 semet
1074 836 1212 891 ipsum
1231 840 1320 879 tra-

229 907 353 960 dere,
391 911 434 950 01
464 907 639 961 maligni
667 906 842 949 caudam
873 910 1043 960 tenere,
1077 913 1119 950 et
1150 909 1320 963 eosqui

231 977 311 1022 sub
328 978 514 1033 nequitia
528 978 664 1020 iacent
678 973 857 1020 liberare
867 1009 880 1030 ,
903 982 946 1020 et
961 978 1016 1020 ad
1032 979 1186 1021 Christi
1201 979 1321 1033 agni-

230 1050 391 1093 tionem
420 1048 648 1092 adducere.
1152 1062 1171 1106 Q

290 1120 406 1163 Sicut
434 1120 478 1161 iu
506 1119 634 1174 lignis
656 1119 825 1162 flamma
840 1150 852 1173 ‚
879 1120 939 1162 ita
965 1120 1008 1162 10
1033 1120 1175 1175 pravis
1201 1121 1322 1175 cogi-

231 1191 463 1236 tationibus
489 1191 628 1246 gliscit
654 1196 696 1233 et
722 1192 809 1234 urit
841 1192 991 1234 mentis
1020 1191 1076 1234 ad
1109 1192 1323 1246 passiones

232 1262 375 1307 ardor.
408 1262 491 1306 Ubi
511 1267 652 1305 autem
683 1275 772 1305 non
805 1263 860 1305 sit
888 1263 1046 1318 duplex
1070 1266 1320 1317 commotio,

232 1333 280 1378 id
306 1338 369 1378 est
391 1334 522 1376 animi
547 1333 799 1387 ambiguitas
819 1364 830 1386 ‚
860 1334 935 1376 sed
954 1334 1021 1376 vel
1038 1335 1117 1377 Dei
1146 1335 1212 1376 vel
1233 1347 1324 1377 ma-

233 1417 386 1448 monae
417 1417 571 1459 amor,
605 1405 787 1447 cessabit
816 1406 861 1466 111
887 1406 1067 1451 ⁴homine
1105 1405 1320 1450 alt'eruter.

233 1478 340 1520 Nam
369 1477 404 1519 si
430 1477 571 1519 vincat
602 1477 682 1518 Dei
708 1476 951 1519 mandatum
969 1508 982 1530 ,
1011 1478 1119 1521 illud
1151 1479 1325 1533 maligni

235 1552 456 1591 evanescet
474 1578 487 1600 ‚
517 1552 560 1590 et
594 1561 619 1590 a
646 1549 807 1590 malitia
842 1548 1046 1591 otiabitur
1076 1549 1223 1593 1101110.
1253 1550 1325 1592 Sin

236 1620 363 1664 ambo
390 1621 570 1663 retinere
598 1621 802 1675 voluerit,
828 1622 917 1664 vita
936 1613 1120 1674 excidet,
1148 1627 1191 1665 01
1215 1626 1326 1665 tem-

234 1691 457 1747 poralibus
484 1691 612 1734 etiam
635 1691 905 1746 spoliabitur.

296 1762 424 1804 Labia
453 1761 656 1804 hocloco
686 1763 967 1817 cogitationes
993 1762 1109 1805 dicit.
1145 1763 1227 1816 Qui
1251 1775 1328 1806 au-

236 1839 324 1876 tem
340 1835 490 1875 mentis
514 1828 631 1875 labia'
643 1846 731 1876 non
750 1834 887 1889 aperit
909 1838 1058 1876 contra
1075 1834 1325 1888 malignum,

234 1905 326 1947 Deo
354 1903 558 1947 confitens
584 1905 686 1946 vitia
701 1917 776 1947 sua
792 1936 804 1958 ,
833 1910 1049 1961 quotquot
1071 1906 1111 1948 ei
1126 1906 1196 1948 ille
1213 1906 1326 1948 inse-

235 1976 323 2018 ruit
337 1975 536 2018 adversus
551 1977 712 2030 Deum,
729 1976 802 2019 sed
815 1979 957 2032 potius
973 1978 1080 2020 celat
1095 2008 1108 2031 ‚
1123 1977 1193 2020 hic
1210 1989 1329 2020 moe-

234 2059 332 2090 rore
372 2046 517 2089 obruit
555 2059 631 2089 cor
669 2060 819 2102 suum,
861 2049 988 2092 stulte
1021 2049 1258 2091 existimans
1285 2061 1329 2091 se

236 2130 324 2161 non
342 2117 496 2160 habere
510 2123 727 2173 peccatum
744 2149 756 2172 ‚
783 2131 921 2174 neque
945 2120 1115 2162 interim
1137 2115 1331 2174 agnoscit

233 2189 317 2232 Dei
342 2189 633 2232 clementiam:
666 2190 765 2244 quia
792 2191 962 2245 potius,
997 2202 1148 2246 nempe
1178 2190 1244 2234 his
1273 2191 1333 2234 ita

235 2260 496 2316 sperantibus
508 2265 551 2302 et
565 2260 667 2303 haec
683 2261 721 2302 ei
735 2260 1052 2315 confitentibus,
1065 2274 1244 2304 coronas
1254 2263 1332 2305 tri-

234 2330 330 2374 buit
342 2364 355 2386 ,
374 2343 452 2374 ceu
473 2330 664 2387 quotidie
679 2336 856 2388 propter
872 2345 969 2375 eum
987 2332 1299 2383 dimicantibus.

1162 2459 1341 2502 CAP.

238 2569 406 2658 Illudit
420 2647 432 2670 ‚
450 2629 530 2676 pro
544 2617 724 2673 gaudet,
747 2619 966 2662 intellexit.
986 2621 1092 2663 Nam
1113 2633 1220 2675 pura
1245 2622 1334 2663 ani-

240 2697 309 2727 ma
326 2716 338 2738 ,
368 2685 472 2729 dum
496 2687 718 2731 deliciatur
745 2691 788 2732 in
813 2691 986 2733 scientia
999 2692 1330 2750 scripturarum,

241 2755 401 2812 gaudet
428 2756 535 2800 bene
563 2764 720 2802 satura.
750 2763 807 2802 At
833 2762 1001 2816 impura
1028 2762 1163 2804 anima
1186 2762 1332 2804 falsam

243 2839 418 2883 quoque
450 2830 667 2874 scientiam
694 2837 816 2888 putat
843 2834 1018 2876 omnino
1050 2846 1138 2876 esse
1172 2846 1329 2877 veram.

299 2899 378 2940 Vel
407 2899 547 2942 cordis
568 2894 716 2956 locus,
745 2908 810 2946 est
836 2904 971 2946 virtus
1002 2916 1051 2946 ac
1081 2894 1284 2958 scientia3
1307 2917 1332 2947 a

242 2969 399 3025 quibus
433 2971 638 3015 alienatus
662 2973 794 3016 homo
811 3005 823 3028 ,
851 2974 1001 3018 incidit
1027 2976 1072 3017 in
1103 2976 1332 3031 nequitiam

241 3045 369 3096 atque
404 3042 612 3084 inscitiam
629 3074 641 3096 ‚
687 3043 822 3099 fitque
852 3049 997 3088 servus
1018 3047 1181 3101 peccati
1213 3048 1332 3102 quod

240 3117 396 3168 patrat.
417 3114 523 3155 Nam
542 3103 750 3168 quatenus
764 3116 894 3170 homo
914 3117 1129 3161 rationalis
1152 3123 1240 3172 001,
1259 3119 1329 3160 lo-

240 3196 316 3226 cus
333 3184 422 3226 eius
443 3185 577 3227 virtus
604 3189 681 3227 est.

299 3256 418 3300 Mens
447 3256 749 3311 cupiditatibus
771 3257 904 3301 libera
937 3254 1196 3304 multimodis
1217 3261 1331 3305 dele-

241 3331 382 3369 ctatur
396 3357 407 3379 ‚
426 3328 629 3382 sapientia
641 3359 653 3381 ‚
670 3333 712 3370 et
728 3328 898 3372 scientia
909 3361 920 3382 ‚
939 3335 1066 3386 atque
1081 3332 1326 3387 hymnodia.

241 3399 359 3441 Mens
388 3403 537 3440 contra
558 3399 826 3454 passionibus
854 3401 1065 3455 obnoxia,
1091 3403 1331 3457 ignorantia

241 3475 285 3513 et
299 3471 522 3526 iniquitate
539 3472 850 3526 proscinditur,
874 3473 1007 3528 fitque
1035 3487 1185 3530 magna
1209 3477 1331 3519 ruina

241 3546 284 3585 et
306 3555 438 3597 paene
464 3543 765 3598 irreparabilis.

299 3613 470 3656 Amicus
488 3618 630 3656 noster
649 3619 690 3656 et
707 3616 979 3670 antiquorum
995 3621 1161 3671 patrum
1180 3621 1223 3660 et
1244 3630 1328 3673 po-

239 3687 450 3727 sterorum
481 3690 722 3729 nostrorum
740 3717 752 3739 ,
771 3687 885 3728 Deus
903 3691 986 3737 est.
1009 3689 1106 3743 Ipse
1133 3689 1243 3730 enim
1263 3688 1329 3731 di-

238 3752 327 3797 xit:
359 3768 425 3798 me
447 3755 762 3812 dereliquerunt
787 3757 948 3800 fontem
965 3771 1098 3814 aquae
1117 3759 1298 3802 viventis
1314 3791 1325 3813 ‚
1349 3795 1360 3808 ,

241 3829 285 3867 et
317 3826 558 3871 effoderunt
593 3828 672 3872 sibi
706 3827 907 3873 cisternas
937 3829 1329 3885 dissipatas-Hoc

1384 339 1471 388 vovi,-
1496 330 1606 389 τινὰς
1631 352 1708 383 των
1732 330 1934 389 ἀναξιων’
1920 353 1958 380 εν
1981 330 2166 421 ἱερωσύνῃ
2183 369 2196 392 ,
2220 329 2246 384 ἦ
2269 333 2310 381 ἐν
2333 329 2475 418 κλῆρω·

1387 405 1430 453 οὐ
1458 400 1535 469 γὰρ
1566 404 1607 450 ἐκ
1639 423 1715 452 των
1745 404 1841 452 καθ
1870 402 1976 465 τιμᾶς
2007 426 2068 459 τις
2100 425 2170 456 την
2202 405 2321 452 δικαιο
2305 425 2480 490 οκρισιαν

1387 497 1454 524 και
1488 470 1713 538 ἐλευθεριαν
1746 476 1818 528 τῆς
1853 470 2060 528 ἐκκλησιας
2090 470 2313 527 ἐποιησατο·
2338 496 2364 525 η
2385 495 2482 536 ημε-

1391 542 1482 610 τέρα
1514 541 1634 602 ἐςῖν,
1666 541 1773 592 ἀλλα
1803 547 1982 609 Χριςοῧ,
2016 545 2062 591 δι’
2089 565 2138 594 ην
2171 544 2292 609 ἔκρινε
2330 541 2484 593 δικαιω-

1391 637 1469 671 σας
1508 611 1648 663 ἓαυτον
1694 617 1830 699 σφαγῇ
1874 616 2037 665 δοθῆναι
2059 651 2072 673 ,
2108 635 2173 662 και
2217 618 2392 676 χυθῆναι
2437 637 2482 664 το

1389 681 1496 748 αἰμα
1533 687 1655 735 αὐτοῦ
1691 681 1791 750 ὑωὲρ
1826 685 1966 738 αὑτης·
2007 686 2128 738 οὕτως
2159 705 2225 732 και
2259 683 2276 731 o‘
2312 689 2396 740 ωᾶς
2427 707 2509 740 τις

1392 753 1604 809 ἑκκλησιας
1637 753 1770 809 οἴακας
1801 752 2115 838 εγκεχειρισθαι
2130 756 2356 816 ἐπιθυμῶν,
2383 755 2486 823 ὀφει-

1391 832 1447 875 λει
1481 822 1616 876 ἔαυτον
1650 827 1848 885 ἑκόονναι,
1880 847 1946 873 και
1972 829 2043 880 τῆς
2074 821 2203 889 κέρκου
2237 826 2305 873 τοῦ
2328 848 2374 875 πο
2359 831 2486 893 νηροῧ

1391 900 1615 964 κρατῆσαι,
1649 918 1715 945 και
1749 893 1834 950 τοὺς
1857 893 1932 946 ὖπο
1966 917 2038 947 την
2069 895 2165 943 αὖτε
2171 918 2194 942 ν
2214 914 2354 943 κακιαν
2379 897 2487 945 ἑλεν-

1391 970 1604 1034 ἓερωσαι,
1647 988 1710 1015 και
1756 988 1811 1022 εις
1854 988 1922 1018 την
1962 964 2032 1016 ‘co-{3
2069 968 2245 1031 Χριστοῦ
2277 963 2490 1032 ἑωιγνωσιν

1394 1039 1685 1106 προσαγαγεῖν.

1450 1113 1610 1174 Ὥσπερ
1648 1110 1686 1156 ἐν
1718 1107 1843 1164 ξυλσις
1877 1130 1921 1158 το
1951 1111 2048 1172 πῦρ,
2083 1109 2204 1162 οὕτως
2240 1109 2278 1155 ἓν
2311 1112 2489 1173 πονηροῖς

1395 1183 1594 1246 λογισμοῖς
1639 1175 1786 1227 Βαλλει
1830 1202 1898 1229 και
1935 1177 2033 1227 καίει
2072 1179 2091 1226 0‘
2136 1199 2236 1244 ωρος
2284 1199 2335 1227 τα
2371 1174 2490 1230 uxo'zfin

1396 1255 1465 1300 τοῦ
1493 1254 1558 1299 νοῧ
1589 1246 1733 1312 θυμός·
1767 1251 1864 1299 ὅπου
1897 1247 1938 1298 δὲ
1963 1252 2026 1297 οὐκ
2059 1248 2145 1300 ἔστι
2177 1246 2372 1310 δίδυμος,
2408 1273 2493 1300 του-

1397 1319 1506 1371 τέστι
1541 1317 1727 1383 ὂῖψυχος,
1760 1322 1855 1368 ἀλλ’
1883 1316 1908 1372 ἢ
1942 1323 1996 1384 τῷ
2024 1324 2129 1384 θεῷ,
2162 1314 2188 1370 >i
2220 1323 2274 1382 τῷ
2297 1325 2491 1383 μαμωνᾷ,

1394 1389 1734 1455 ἧσυχασΞηο-εται
1769 1394 1812 1447 ἐξ
1843 1393 1964 1440 αὐτοῦ
1987 1412 2031 1439 το
2066 1412 2109 1439 εν
2144 1392 2212 1440 τοῦ
2236 1387 2377 1456 ἑτέρου·
2400 1413 2425 1443 η
2450 1414 2494 1441 το

1397 1483 1439 1523 τε
1443 1467 1468 1512 ῧ
1497 1465 1597 1510 ἓτεεῧ
1632 1459 1874 1527 πρόσταγμα
1908 1465 2072 1512 νικῆσαν
2093 1499 2105 1521 ,
2140 1483 2185 1512 το
2225 1481 2291 1510 του
2329 1465 2496 1549 mov-tipo&

1398 1555 1639 1590 τακησεται,
1670 1532 1736 1581 καὶ
1770 1555 1820 1598 τῃ
1852 1529 1968 1592 κακὶᾳ
1999 1550 2313 1617 προσειρηνευσει·
2352 1530 2422 1582 εἀν
2454 1530 2496 1581 δὲ

1398 1605 1450 1654 τὰ
1482 1601 1547 1652 δυο
1581 1604 1642 1651 ἕλε
1629 1625 1738 1663 ιτο,
1771 1626 1836 1652 και
1871 1624 1940 1657 της
1973 1606 2074 1659 ζωῆς
2109 1599 2292 1662 ἐκωὲσοι,
2325 1624 2391 1651 και
2426 1626 2498 1655 των

1397 1695 1636 1741 προσκαιρων
1669 1670 1972 1760 στερηθήσεται.

1469 1742 1594 1797 Χειλη
1634 1723 1813 1794 ἐνταέθα
1859 1740 1945 1799 τοὺς
1981 1741 2188 1809 λογισμοὺς
2225 1741 2354 1810 φησῖν·
2395 1746 2418 1794 o‘
2454 1744 2497 1794 δὲ

1399 1837 1453 1866 τα
1485 1813 1603 1879 χειλη
1637 1819 1705 1864 τοῦ
1729 1837 1794 1864 νου
1819 1813 1874 1878 μὴ
1904 1812 2067 1880 ἀνοίγων
2091 1812 2200 1864 κατὰ
2222 1818 2324 1865 τοῦ
2312 1820 2495 1884 πονηροῦ,

1399 1884 1494 1951 πρὸς
1528 1908 1594 1937 τον
1617 1893 1665 1934 ..0:-
1653 1907 1710 1935 ;ον
1736 1883 2054 1950 ἒξομολογενμενο
2038 1910 2077 1942 ς
2105 1907 2157 1935 τα
2177 1906 2301 1944 κακα,
2328 1908 2405 1937 οσα
2438 1889 2499 1935 ἑν-

1402 1954 1593 2024 σπεῖρειεν
1626 1958 1735 2020 αὐτῷ
1763 1978 1870 2004 κατα
1903 1959 1970 2005 τοῦ
2000 1960 2131 2017 θεοῦ,
2166 1953 2276 2004 ἄλλοι
2304 1978 2497 2023 κρυπτει,

1401 2026 1508 2093 λύσῃ
1546 2025 1742 2077 καλῦωτει
1781 2027 1922 2076 ἑαυτοῦ
1957 2026 2122 2092 καρδίαν
2149 2065 2163 2084 .,
2212 2028 2252 2082 ἐξ
2288 2025 2501 2094 ἀφροσύνης

1401 2096 1456 2160 μὴ
1480 2095 1643 2160 νομίζων
1669 2098 1775 2162 ἔχειν
1802 2095 2018 2164 ἁμάρτημα
2043 2100 2085 2146 ἐν
2111 2097 2274 2152 τούτοις·
2301 2096 2500 2154 οὐκκεῖὂῶς

1403 2190 1474 2220 την
1499 2191 1566 2218 του
1591 2172 1678 2217 θεέν
1638 2191 1677 2216 υ
1712 2165 1999 2232 εὐσπλαχνιαν·
2024 2191 2088 2217 οτι
2119 2172 2269 2231 μᾶλλον
2295 2190 2373 2224 τοις
2404 2192 2503 2253 cut-'m

1400 2237 1568 2303 νπομένο
1572 2263 1638 2304 νισι
1657 2261 1724 2288 και
1750 2235 1963 2304 ἐξαγγελλο
1966 2260 2050 2289 υσιν
2076 2241 2182 2288 αὐτω
2207 2260 2356 2299 ταυτα,
2379 2261 2503 2324 ςεφα-

1405 2331 1443 2359 νε
1447 2333 1492 2365 υς
1526 2307 1709 2374 ἀπονέμει
1741 2309 1788 2366 ὦς
1818 2312 1903 2360 καθ’
1930 2307 2073 2367 ἔκαςην
2099 2312 2260 2360 ἀθλοῧσι
2284 2311 2330 2358 δι’
2363 2308 2499 2377 αυτόν.

1402 2460 1576 2503 XXVII.

1417 2588 1653 2684 Εμπαῖζει
1686 2643 1777 2671 αντι
1821 2625 1888 2670 τοῦ
1919 2643 2046 2686 χαιρει
2093 2617 2231 2680 ἔλαβε·
2277 2618 2388 2684 ψυχη
2429 2617 2567 2685 2¹0*ch

1404 2688 1578 2758 καθαρα,
1604 2713 1894 2758 κατατρυφωσα
1923 2695 1991 2746 τῆς
2014 2688 2194 2775 γνῶσεως
2220 2710 2293 2739 των
2320 2694 2478 2777 γραφῶν
2489 2729 2501 2749 ,

1404 2786 1534 2830 χαιρει
1558 2761 1847 2825 ἐμπιπλαμένη·
1872 2760 1982 2826 ψνχῃ
2001 2762 2040 2812 δὲ
2069 2757 2316 2827 ἀκάθαρτος,
2341 2784 2408 2810 και
2435 2758 2502 2812 τῆν

1402 2831 1627 2899 ψευδωνυμο
1630 2854 1650 2880 ν
1682 2855 1857 2898 γνωσιν,
1889 2837 2023 2884 ἀληθῆ
2055 2832 2209 2885 πάντως
2239 2829 2401 2895 νομίζει.

1457 2902 1521 2954 'H
1555 2901 1649 2953 τᾶπο
1655 2925 1673 2956 ς
1702 2901 1889 2970 καρδίας,
1923 2900 2042 2969 ἀρετ-η
2063 2925 2130 2950 και
2162 2906 2330 2966 γνῶσις,
2361 2903 2426 2970 ἀφ’
2449 2899 2500 2950 ὡν

1401 2970 1676 3031 οἱωοξενωὲεις
1713 2973 1928 3039 ἄνθρωωος
1976 2970 2121 3022 σι’ωτει
2160 2974 2214 3027 εἰς
2255 2969 2396 3022 κακῖοιν
2432 2995 2499 3022 και

1401 3043 1630 3111 α’γνωσιαν,
1656 3066 1717 3092 και
1742 3065 1888 3109 γινεται
1913 3047 1952 3092 δε
1939 3048 2046 3098 ῢλος
2069 3048 2140 3097 τῆς
2160 3041 2364 3110 ἁμαρτίας
2388 3046 2503 3094 ποιῶν

1401 3113 1540 3168 αὐτην·
1573 3111 1698 3162 καθο
1700 3136 1776 3182 γαρ
1813 3112 1965 3179 λογικός
1999 3115 2134 3171 ἐστιν,
2170 3111 2288 3169 τὲπος
2321 3117 2443 3163 αὐτου
2478 3113 2503 3160 τῖ

1402 3185 1537 3253 ἀρετη

1471 3260 1577 3311 Νονς
1627 3253 1798 3312 αωαθης
1849 3253 2028 3310 ποικιλοις
2079 3276 2295 3323 τερπεται,
2349 3251 2500 3322 σοφῖᾳ,

1401 3350 1467 3375 και
1505 3349 1639 3393 γνωσει
1661 3366 1675 3385 ,
1712 3350 1777 3376 και
1824 3323 2035 3390 ὖμνῳόιᾳ·
2057 3348 2097 3374 νο
2100 3329 2145 3382 ῧς
2190 3324 2232 3375 δὲ
2278 3323 2499 3390 ἔμσαὲης,

1404 3400 1442 3445 ἐν
1478 3398 1654 3463 ἀγνῦ)σίᾳ
1689 3420 1752 3445 καί
1792 3419 1904 3458 κακίᾳ
1940 3395 2292 3464 Ααταῤῥηγνυταί,
2337 3419 2402 3445 καί
2443 3418 2499 3451 Εἰς

1402 3471 1546 3531 πτῶμα
1579 3468 1741 3534 ἔρχεται
1775 3466 1938 3517 δυσιατο
1924 3489 1960 3516 ν
1992 3469 2058 3515 καὶ
2091 3466 2211 3535 μέγα.

2412 232 2541 288 49,

2533 1101 2626 1127 v.20.

2534 1133 2603 1163 cod.
2626 1132 2647 1163 i.
2670 1135 2728 1161 125.
2745 1131 2777 1160 11.

2540 1738 2634 1764 v.24.

2540 1770 2609 1800 cod
2628 1770 2650 1800 f.
2673 1773 2732 1799 12⁰.
2752 1776 2779 1799 0.

2548 2618 2622 2679 cod.
2636 2649 2658 2678 f.
2684 2651 2742 2677 127.
2762 2654 2790 2676 a.

2546 2918 2620 2944 V..8

2546 3249 2622 3274 v.⁹.

2546 3280 2616 3310 cod.
2636 3280 2657 3309 f.
2679 3283 2738 3309 127.
2757 3280 2787 3308 b.

1470 3606 1588 3663 Φιλος
1619 3609 1728 3672 ἡμῶν
1761 3631 1827 3657 και
1861 3630 1937 3657 των
1968 3607 2169 3677 πρόπαλαι
2194 3609 2408 3698 πατέρων,
2430 3632 2495 3658 και
2540 3623 2569 3644 '-
2594 3620 2633 3645 ¹0·

1400 3682 1474 3729 τῶν
1505 3679 1604 3743 μεθ’
1635 3679 1757 3742 ἡμᾶς,
1791 3701 1810 3726 o
1844 3676 1941 3734 θείς
1975 3682 2091 3730 ἔστιν·
2119 3703 2240 3736 αντος
2263 3679 2339 3748 γὰρ
2371 3700 2493 3730 ειπεν·

1401 3746 1470 3812 ε’με
1519 3747 1772 3815 ἐγκατέλιπον
1825 3772 1956 3815 tany-nv
2001 3753 2145 3806 ὕδατος
2200 3755 2341 3806 ζῶντος
2369 3788 2382 3807 ,
2428 3772 2492 3798 και

1398 3820 1544 3887 ὤρυξαν
1584 3820 1738 3876 ἑαυτοῖς
1776 3818 1937 3877 λακκονς
1971 3819 2269 3887 σνντετριμμὲνο
2255 3843 2314 3876 νς
2319 3821 2496 3869 .’-Εν·

2346 3910 2365 3942 7

2542 3826 2665 3855 ‘Hier
2680 3826 2707 3853 11
2738 3829 2778 3854 13,
