2996 4432
242 546 313 576 cod.
333 545 355 575 t.
370 544 414 574 71.
433 550 462 572 a.

251 1538 319 1568 cod.
338 1536 359 1566 t.
378 1541 423 1566 72.
442 1542 470 1565 a.

264 2855 332 2886 cod.
350 2854 371 2884 f.
391 2859 435 2884 72.
455 2861 483 2884 a.

260 3359 328 3389 eod.
348 3360 369 3389 f.
389 3364 434 3389 72.
453 3359 483 3405 ¹?

225 3530 233 3540 ·
246 3526 356 3556 Matth.
376 3526 413 3556 V.
438 3533 482 3559 32.

508 264 572 308 '70
1473 271 1525 304 Ex
1559 273 1688 305 Lumo
1721 273 1787 307 lx.

514 369 768 416 caverunt
798 356 1189 429 gravissimum,
1229 355 1273 408 si
1309 355 1657 427 resipuerint,
1697 356 1924 428 qualiter
1957 357 2151 427 gratiae
2188 357 2286 409 Dei
2322 356 2550 452 debeant
2576 376 2763 410 recon-

513 443 696 497 ciliari.

629 525 742 586 148
785 523 980 575 Bonizo
1017 522 1311 593 episcopus.
1351 520 1655 575 Secundum
1691 520 2045 575 mandatum
2030 541 2088 574 111
2132 522 2245 593 lege
2287 518 2458 592 Moysi
2499 532 2768 591 estanore-

511 625 751 660 assumes
787 624 982 658 nomen
1014 604 1226 658 domini
1260 605 1365 657 Dei
1401 605 1485 657 tui
1522 605 1581 656 in
1617 622 1849 665 vanam,
1893 615 1943 655 et
1978 623 2089 656 non
2116 605 2420 676 periurabis
2462 605 2521 656 in
2550 605 2769 656 nomine

515 710 645 753 meo,
678 701 727 740 et
752 707 818 740 ne
834 687 1061 760 polluas
1087 706 1281 741 nomen
1306 687 1518 739 domini
1540 686 1648 743 Dei
1671 687 1771 749 tui,
1799 706 1888 758 ego
1914 688 2206 740 Dominus,
2247 689 2589 759 Quapropter
2622 705 2770 757 prae-

512 784 727 845 ceptum
751 783 828 823 est
853 771 999 824 omni
1034 770 1319 824 christiano
1355 788 1467 823 non
1502 770 1709 832 iurare,
1749 788 1819 822 ne
1851 788 1948 841 per
1983 769 2250 822 assiduum
2288 771 2488 835 iurare,
2527 771 2651 822 velit
2675 789 2767 822 no·

485 894 489 905 s
514 858 603 920 lit,
633 866 864 908 transeat
888 853 955 907 ad
979 853 1266 925 periurare.
1296 852 1442 906 Sicut
1465 852 1605 904 enim
1630 852 1725 922 qui
1751 869 1861 904 non
1887 852 2143 922 loquitur,
2172 871 2284 904 non
2308 853 2591 916 mentitur-3
2621 853 2693 904 sic
2717 865 2770 904 et
2813 884 2815 886 -

515 940 609 1010 qui
651 957 762 990 non
802 939 941 991 iurat
969 978 982 1000 ‚
1026 955 1136 989 non
1174 936 1428 1007 periurat.
1467 935 1560 986 Est
1599 946 1775 987 tamen
1813 934 2162 987 iuramentum
2202 954 2311 987 non
2347 934 2763 998 observandum3

516 1021 665 1092 quod
699 1022 823 1074 licet
858 1039 969 1073 non
996 1018 1391 1098 ‘observandum
1418 1035 1486 1071 ne
1521 1035 1617 1087 per
1652 1035 1884 1070 errorem
1909 1017 2118 1087 flectat
2105 1036 2162 1069 111
2187 1030 2416 1089 partem,
2444 1030 2618 1073 tamen
2643 1018 2770 1089 quia

515 1119 708 1158 temere
748 1105 978 1156 iuratum
1014 1113 1125 1166 est,
1154 1103 1386 1153 immune
1422 1119 1532 1153 non
1569 1101 1668 1153 erit
1691 1120 1722 1153 a
1747 1112 1994 1172 peccat03
2034 1101 2194 1153 veluti
2229 1101 2272 1153 si
2311 1102 2591 1172 quisquam
2631 1102 2771 1153 iuret

517 1200 701 1241 eontra
737 1186 920 1250 fidem,
960 1186 1042 1237 vel
1078 1195 1138 1236 ut
1169 1182 1454 1236 divortium
1490 1183 1642 1236 faciat
1678 1183 1745 1235 ab
1785 1202 1976 1247 uxore,
2017 1184 2099 1236 vel
2138 1196 2198 1236 ut
2223 1183 2290 1237 ad
2324 1203 2503 1255 pacem
2541 1202 2652 1235 non
2689 1202 2771 1235 re-

517 1270 668 1335 deat,
709 1269 789 1321 vel
814 1279 875 1319 ut
899 1267 1177 1320 interficiat
1212 1254 1504 1329 heminem,
1532 1265 1616 1319 vel
1646 1277 1817 1319 cetera
1842 1266 1925 1318 his
1955 1266 2140 1320 similia
2173 1284 2310 1338 quae
2346 1265 2559 1318 Domini
2592 1264 2775 1336 displi-

520 1365 640 1405 cent
677 1351 953 1404 voluntati.
994 1348 1097 1401 Sed
1138 1360 1346 1419 tempus
1389 1359 1466 1400 est
1502 1346 1650 1419 quod
1686 1348 1851 1400 sancti
1885 1359 2062 1419 patres
2110 1348 2176 1400 de
2220 1348 2414 1401 talibus
2456 1346 2729 1400 decrevere
2756 1389 2770 1411 ,

520 1436 646 1488 huic
674 1433 943 1505 'opusculo
972 1434 1212 1485 'inserere
1250 1443 1349 1483 etc.

634 1519 747 1588 149.
788 1516 1041 1587 Sequitur
1067 1515 1134 1567 de
1158 1515 1286 1567 falso
1317 1514 1651 1579 testimoni0‚
1692 1513 1842 1585 quod
1873 1525 2077 1584 quanto
2110 1514 2454 1585 multiplicius
2490 1524 2593 1575 est,
2621 1524 2774 1566 tante

522 1601 804 1655 crudelius.
845 1601 911 1654 Et
947 1618 1070 1652 cum
1104 1616 1260 1650 omne
1295 1595 1626 1649 mendacium
1665 1616 1694 1650 a
1725 1596 1938 1650 diabolo
1987 1609 2093 1661 est,
2139 1608 2194 1649 et
2227 1616 2287 1650 05
2335 1596 2483 1668 quod
2522 1596 2778 1648 mentitur

523 1683 717 1737 occidit
746 1683 998 1744 animam,
1039 1700 1196 1752 quam
1231 1680 1438 1732 funesta
1473 1691 1641 1734 morte
1671 1691 1910 1732 mortuus
1946 1691 2052 1745 est,
2081 1680 2312 1751 quinon
2337 1680 2506 1732 solum
2532 1679 2775 1731 absolute

520 1767 774 1839 mentitur
790 1805 804 1828 ,
834 1764 926 1818 sed
951 1765 1104 1816 etiam
1130 1762 1387 1815 invidiose
1417 1775 1477 1815 ut
1501 1762 1675 1815 laedat
1691 1803 1704 1827 ,
1727 1761 1977 1815 adversus
2000 1763 2302 1835 proximum
2327 1752 2512 1814 falsum
2537 1763 2779 1833 loquitur

521 1849 917 1906 testimonium?
951 1846 1231 1899 Sciendum
1262 1858 1533 1917 praeterea
1567 1858 1675 1909 est,
1717 1847 1841 1917 quia
1878 1847 2001 1898 licet
2036 1845 2377 1898 homicidium
2409 1857 2462 1898 et
2485 1845 2776 1916 periurium

522 1933 698 2003 gravia
728 1933 834 1984 sint
863 1942 1078 2002 peccata
1123 1942 1175 1982 et
1215 1930 1537 2001 periculosa,
1578 1940 1630 1981 et
1675 1941 1846 1983 cetera
1891 1929 1975 1980 his
2013 1928 2227 1991 similia,
2270 1928 2568 1980 tolerentur>
2597 1938 2776 1978 tamen

521 2014 806 2086 aliquando
823 2055 837 2077 ‚
874 2014 1062 2065 falsum
1086 2031 1212 2065 vero
1247 2013 1607 2065 testimonium
1631 2030 1836 2088 semper
1859 2012 2077 2064 mortale
2101 2022 2373 2082 peccatum
2398 2021 2504 2073 est,
2542 2021 2594 2062 et
2632 2029 2779 2061 num-

524 2118 684 2169 quam
722 2109 897 2169 potest
933 2098 1122 2168 quovis
1146 2097 1357 2168 ingenio
1382 2096 1578 2148 leviari.
1609 2096 1718 2162 Qui
1747 2097 1891 2148 enim
1927 2095 2114 2146 falsum
2157 2093 2431 2146 adversum
2469 2093 2776 2165 proximum

523 2182 761 2252 loquitur
793 2181 1185 2242 testimonium,
1223 2180 1395 2251 primo
1431 2178 1736 2231 mentiendo
1780 2178 2053 2231 veritatem
2087 2187 2274 2246 negat,
2309 2194 2448 2247 quae
2485 2177 2771 2227 Deusest:

526 2264 758 2317 secundo
785 2262 986 2316 invidet
1016 2263 1183 2326 fratri,
1208 2282 1368 2334 quem
1394 2259 1903 2314 laederesdesiderat:
1933 2261 2090 2312 tertio
2110 2258 2270 2312 laedit
2294 2259 2526 2320 fratrem,
2553 2269 2607 2310 et
2630 2256 2780 2328 quod

524 2347 644 2418 plus
680 2358 757 2398 est
789 2348 1155 2409 innocentem;
1197 2357 1250 2397 et
1285 2344 1404 2397 ideo
1434 2345 1591 2397 falsus
1615 2345 1761 2397 testis
1796 2363 1907 2396 non
1938 2344 2036 2395 erit
2066 2341 2525 2413 impunitus;·qui
2560 2343 2778 2410 totgpec÷

526 2431 654 2488 catis
684 2441 895 2481 tenetur
938 2429 1238 2481 obvolutus
1280 2427 1333 2479 Si
1370 2428 1489 2498 quis
1524 2439 1702 2479 tamen
1740 2426 1806 2478 de
1839 2426 2031 2478 talibus
2053 2424 2246 2489 ¹divina
2283 2424 2572 2495 inspirante
2613 2423 2778 2492 gratia

525 2511 593 2563 ad
623 2512 996 2583 paenitentiam
1032 2510 1202 2562 redire
1239 2511 1491 2572 voluerit,
1526 2510 1569 2562 is
1598 2508 1666 2561 ad
1699 2510 1933 2562 militiam
1969 2527 2081 2560 non
2117 2506 2326 2571 redeat,
2367 2506 2661 2559 saecularia>
2684 2523 2780 2557 ne-

530 2595 670 2664 gotia
701 2613 812 2646 non
849 2605 1121 2656 exerceat,
1159 2593 1408 2662 coniugio
1446 2602 1619 2643 careat
1639 2632 1651 2656 ,
1691 2602 1742 2643 et
1776 2590 1957 2642 divino
1994 2602 2318 2642 sacramento
2347 2607 2516 2660 usque
2546 2588 2614 2640 ad
2639 2606 2779 2639 mor-

529 2688 635 2727 tem
671 2696 781 2728 non
816 2677 1192 2747 participetur,
1222 2674 1314 2728 sed
1350 2673 1639 2726 secundum
1671 2684 1878 2744 patrum
1906 2672 2110 2744 regulas
2136 2672 2451 2724 canonicum
2486 2670 2671 2723 subeat
2706 2670 2780 2721 iu-

533 2759 754 2823 dicium,
798 2772 849 2811 et
870 2760 937 2812 ab
971 2759 1209 2830 ingressu
1245 2759 1490 2811 ecclesiae
1524 2775 1620 2829 per
1642 2757 1930 2809 triennium
1961 2774 2015 2808 se
2043 2754 2318 2807 abstineat.

645 2845 760 2896 150.
803 2843 1026 2894 Furtum
1056 2860 1212 2906 ver0,
1257 2852 1309 2893 et
1343 2841 1700 2910 sacrilegium,
1734 2850 1894 2910 atque
1925 2838 2164 2909 rapinam
2192 2837 2477 2889 criminalia
2517 2854 2628 2888 esse
2660 2853 2783 2906 pec·
2845 2853 2851 2862 ·

532 2937 676 2988 cata,
705 2927 883 2979 nullus
920 2944 1076 2978 sanae
1100 2919 1290 2977 mentis
1324 2926 1561 2994 ignorat3
1603 2923 1731 2994 quia
1755 2922 1997 2975 videlicet
2026 2939 2135 2973 non
2170 2919 2238 2972 ad
2270 2937 2498 2982 amorem
2527 2918 2781 2990 proximi,

531 3009 622 3062 sed
646 3009 713 3061 ad
738 3009 919 3062 odium
943 3009 1211 3080 pertinere
1241 3006 1539 3060 videantur.
1580 3007 1668 3059 Est
1701 3017 1875 3059 tamen
1901 3006 1956 3057 in
1986 3005 2061 3056 eis
2096 3022 2282 3073 magna
2321 3002 2619 3055 diversitas:
2655 3019 2781 3053 nam

532 3092 675 3145 aliud
715 3104 792 3144 est
826 3111 923 3163 per
958 3093 1063 3143 vim
1095 3109 1305 3162 rapere,
1340 3089 1484 3142 aliud
1520 3090 1726 3142 occulte
1752 3089 2047 3159 sublegere,
2089 3086 2234 3139 aliud
2269 3086 2596 3155 sacrilegium
2631 3102 2779 3136 exer-

534 3194 668 3228 cere.
706 3175 808 3227 Sed
843 3177 944 3227 iam
984 3174 1117 3246 quid
1157 3175 1323 3232 sancti
1355 3185 1532 3245 patres
1573 3170 1639 3224 de
1679 3171 1802 3224 talia
1837 3169 2263 3242 perpetrantibus
2297 3166 2562 3231 iudicent,
2601 3165 2781 3219 audia-

533 3276 667 3310 mus.
708 3270 807 3311 ete.

646 3342 759 3393 151.
802 3341 997 3392 Bonizo
1045 3342 1339 3412 episcopus.
1382 3339 1682 3410 Coniugalis
1719 3337 1909 3410 copula
1942 3348 2002 3389 ut
2045 3355 2156 3388 non
2194 3334 2506 3387 dissolvatur
2540 3352 2635 3385 nec
2668 3332 2784 3403 pol-

532 3426 738 3487 luatur,
779 3425 942 3495 ipsius
978 3424 1191 3475 Domini
1227 3424 1536 3476 auctoritate
1566 3440 1870 3484 monemur,
1906 3421 1998 3491 qui
2036 3419 2173 3472 dixit
2206 3436 2426 3470 uxorem
2459 3436 2489 3468 a
2523 3417 2637 3468 viro
2671 3433 2782 3466 non

533 3507 800 3561 discedere
826 3507 924 3558 nisi
951 3525 1105 3558 causa
1136 3506 1497 3559 fornicationis
1513 3508 1554 3556 ’ἓ
1590 3506 1729 3576 Ergo
1765 3504 2042 3556 fornicatio
2075 3502 2186 3554 sola
2211 3513 2288 3553 est
2315 3518 2451 3572 quae
2488 3499 2642 3551 solvit
2674 3516 2780 3550 ma-

531 3592 862 3653 trimonium,
904 3601 1122 3660 propter
1146 3590 1293 3661 quod
1326 3590 1648 3661 praecipitur
1673 3587 1873 3640 homini
1899 3587 2196 3657 relinquere
2219 3594 2422 3655 patrem
2458 3594 2510 3634 et
2541 3592 2777 3641 matrem,

532 3687 593 3727 ut
628 3676 730 3727 iam
762 3692 872 3724 non
904 3672 1007 3724 sint
1043 3672 1150 3724 duo
1178 3672 1270 3725 sed
1304 3691 1426 3725 caro
1454 3691 1579 3724 una.
1618 3672 1802 3741 Itaque
1835 3670 1931 3741 qui
1957 3666 2208 3721 rescindit
2239 3666 2632 3719 matrimonium
2656 3662 2782 3714 vitio

534 3756 932 3820 fornic-ationiS,
969 3753 1173 3807 adulter
1212 3767 1461 3820 vocatur,
1497 3766 1548 3807 et
1580 3755 1744 3826 ipsius
1781 3753 1994 3805 Domini
2024 3752 2137 3822 lege
2173 3747 2698 3807 tenetur'obnoxiuS,
2731 3755 2783 3795 et

532 3841 643 3912 lege
668 3839 894 3893 mosaica
917 3837 1201 3910 ‘perimitur
1225 3857 1373 3903 reuS‚
1409 3849 1462 3891 et
1492 3837 1908 3909 lege'christiana
1938 3845 2183 3907 peccator
2219 3830 2481 3886 iudicatur
2501 3828 2779 3901 *pessimum

2975 1545 2996 1594 {33⁵-
