2996 4432
221 345 303 394 31.

220 424 302 471 32.

221 500 303 548 33.

220 578 303 625 34.

221 654 306 702 35.

222 733 305 780 36.

219 808 304 858 37.

219 886 302 934 38.

1218 259 1483 292 PRAEFATIO.
2423 266 2486 301 vu

339 346 398 395 Ut
429 345 582 394 clerici
616 344 746 394 nulla
778 345 964 408 negotia
995 342 1240 394 inhonesta
1273 361 1360 393 nec
1392 346 1549 409 turpia
1582 355 1833 396 sectentur.

339 425 384 471 Si
418 424 622 472 clericus·
640 424 690 470 in
722 421 944 469 nundinis
974 421 1051 469 vel
1083 422 1134 468 in
1167 421 1273 471 foro
1307 422 1482 487 absque
1515 426 1786 472 necessitate
1820 424 2111 474 deambulat.

339 502 407 548 De
440 500 617 548 clericis
649 499 723 546 vel
755 497 991 545 vendendi
1025 498 1099 544 vel
1135 499 1323 547 emendi
1356 500 1741 549 consuetudinem
1777 501 2076 551 habentibus.

338 578 407 624 De
440 577 608 625 clerico
640 576 915 640 praestitum
946 574 1163 625 faciente.

341 656 410 703 De
442 654 650 702 avaritia.

339 733 409 779 De
440 731 611 779 clerico
643 730 831 794 pulsato
862 745 1005 794 super
1035 730 1325 779 criminibus.
1443 795 1445 798 .

341 807 479 865 Quod
503 808 657 856 clerici
680 823 781 855 nonv
801 807 1051 856 saecularia
1069 808 1257 864 iudicia,
1277 808 1362 856 sed
1379 809 1624 873 episcopos
1648 815 1727 857 aut
1749 808 2053 873 apostolicam
2071 809 2227 859 sedem
2245 820 2479 877 expetant.

338 886 399 934 Ut
433 885 591 933 nullus
622 885 818 933 clericus
849 887 1138 934 examinetur
1169 887 1218 934 in
1253 885 1468 951 publicO,
1501 902 1654 951 neque
1681 887 1825 935 intret
1846 887 1896 935 in
1921 887 2098 936 curiam
2119 903 2239 952 quae
2266 905 2292 939 a
2315 904 2484 939 cruore

286 962 479 1010 dicitur.

219 1040 302 1088 39.

221 1119 286 1165 40

220 1194 279 1241 41

218 1273 301 1319 42.

219 1350 284 1398 43

219 1428 302 1474 44.

222 1505 306 1552 45.

219 1583 303 1629 46.

218 1659 303 1706 47.

219 1737 302 1784 48.

217 1814 301 1862 48.

219 1892 301 1940 50.

219 1970 278 2016 51
290 2004 302 2016 .

219 2046 301 2093 52.

215 2118 303 2171 Ῑ53.

220 2201 301 2247 54.

219 2278 301 2324 55.

219 2355 299 2402 56.

219 2433 301 2479 57.

219 2510 300 2557 58.

220 2587 302 2637 59,

211 2663 300 2714 ·60.

219 2743 278 2789 61
289 2775 302 2789 .

218 2820 299 2868 62.

218 2897 299 2945 63.

339 1038 478 1096 Quod
510 1039 670 1088 nullus
702 1039 1118 1088 ecclesiasticorum
1150 1041 1202 1088 in
1233 1039 1440 1088 tabernis
1472 1040 1723 1090 comedere
1755 1038 1940 1089 debeat.

341 1117 505 1165 Clerici
538 1118 587 1165 in
620 1117 839 1165 tabernas
859 1152 874 1173 ‚
909 1118 998 1164 nisi
1030 1118 1081 1165 in
1114 1119 1370 1181 peregrinis
1391 1152 1405 1173 ,
1440 1132 1539 1165 non
1571 1117 1914 1185 ingrediantur.

342 1195 481 1251 Quod
514 1194 670 1242 clerici
687 1229 701 1250 ‚
737 1203 818 1243 aut
849 1194 990 1250 laici,
1024 1196 1063 1242 si
1089 1196 1435 1258 ,permanserint
1466 1195 1516 1243 in
1549 1194 1647 1243 alea
1669 1230 1682 1253 ,
1718 1196 2049 1244 communione
2091 1195 2351 1259 priventur.

337 1273 443 1320 Non
475 1272 617 1321 licere
649 1273 841 1320 clericis
858 1272 1052 1320 ludicris
1083 1272 1359 1336 spectaculis
1390 1275 1633 1328 interesse;

339 1351 408 1399 De
438 1351 610 1399 clerico
642 1350 827 1399 scurrili
859 1359 907 1398 et
938 1351 1154 1403 ioculari.

339 1428 409 1475 De
441 1428 612 1476 clerico
643 1443 731 1491 per
762 1437 998 1476 creaturas
1029 1430 1228 1476 iurante.

343 1506 411 1552 De
443 1504 614 1553 clerico
645 1506 768 1552 inter
800 1504 964 1569 epulas
995 1514 1226 1552 cantante.

339 1583 408 1628 De
440 1582 614 1630 clerico
645 1581 823 1645 absque
854 1582 1126 1629 necessitate
1156 1582 1391 1630 ieiunium.
1416 1592 1685 1648 rumpente.

340 1660 408 1706 De
439 1659 619 1707 clericis
649 1667 817 1713 mutuo
849 1675 900 1707 se
932 1658 1251 1711 caedentibus.

339 1738 407 1784 De
440 1737 621 1784 clericis
652 1738 735 1800 qui
766 1738 816 1784 in
848 1752 1144 1800 quacumque
1177 1739 1406 1797 seditione
1438 1754 1570 1787 arma
1602 1746 1919 1802 sumpserunt.

339 1815 407 1861 De
439 1814 620 1862 clericis
651 1815 734 1878 qui
766 1816 816 1862 in
848 1813 1096 1863 obsidione
1127 1817 1269 1879 positi
1301 1816 1561 1864 humanum
1593 1816 1866 1880 sanguinem
1899 1814 2128 1863 fuderint.

338 1891 530 1956 Absque
562 1901 689 1941 certa
722 1894 991 1941 necessitate
1024 1909 1109 1957 per
1141 1894 1318 1959 plateas
1350 1895 1573 1943 clericum
1605 1894 1866 1943 discurrere
1898 1908 1996 1941 non
2029 1891 2220 1941 debere.

340 1970 386 2016 Si
420 1969 616 2017 clericus
646 1971 817 2033 vigiliis
851 1970 999 2018 deest.

337 2048 406 2094 De
438 2046 610 2095 clerico
642 2048 889 2096 adulatore
920 2057 968 2096 et
1000 2047 1265 2112 proditore.

340 2125 410 2171 De
442 2124 614 2172 clerico
646 2125 898 2173 maledico.

338 2202 406 2248 De
439 2200 611 2248 clerico
643 2201 822 2249 furtum
854 2201 1074 2250 ecclesiae
1106 2203 1320 2251 faciente.

338 2278 408 2324 De
439 2277 816 2325 discordantibus
848 2278 1030 2327 clericis
1062 2289 1110 2327 et
1142 2279 1542 2328 inobedientibus.

337 2355 399 2402 Ut
430 2355 627 2403 clericus
660 2355 1004 2404 haereticorum
1036 2365 1084 2404 et
1117 2358 1522 2407 schismaticorum
1554 2357 1790 2406 consortia
1820 2357 1966 2408 vivet.

337 2433 406 2479 De
439 2432 610 2480 clerico
642 2434 725 2496 qui
757 2434 856 2481 sine
891 2435 1120 2498 permissu
1154 2435 1362 2498 episcopi
1395 2435 1682 2484 saecularem
1714 2433 1917 2482 iudicem
1950 2431 2122 2498 pulsat.

335 2511 397 2558 Ut
429 2511 614 2573 negotia
646 2510 922 2559 clericorum
954 2512 1275 2560 ecclesiasticisv
1305 2513 1488 2560 iudiciis
1522 2513 1850 2560 terminentur.

337 2588 399 2635 Ut
429 2587 585 2634 clerici
608 2587 669 2634 de
692 2588 852 2635 iudicii
874 2590 948 2636 sui
973 2590 1242 2652 cognitione
1275 2605 1372 2637 non
1406 2597 1635 2653 cogantur
1665 2589 1716 2636 in
1748 2587 1942 2654 publico
1965 2587 2122 2636 dicere
2144 2586 2484 2635 testimonium.

338 2666 406 2712 De
438 2664 610 2712 clerico
641 2665 866 2713 invalido.

338 2743 406 2789 De
439 2742 612 2789 clerico
643 2741 794 2789 verbo
825 2744 909 2790 Dei
942 2743 1155 2794 erudito.

337 2819 476 2875 Quod
512 2833 609 2866 non
642 2827 856 2881 oporteat
878 2821 1148 2883 episcopm,
1182 2819 1400 2876 clericos,
1432 2828 1480 2869 et
1507 2821 1765 2869 monachos
1793 2820 1982 2885 praedia
2015 2818 2167 2868 aliena
2198 2817 2479 2867 conducere.

337 2898 404 2944 De
437 2897 615 2944 clericis
647 2897 729 2959 qui
762 2895 1025 2944 oblationes
1057 2906 1331 2961 parentum,
1366 2897 1443 2946 vel
1477 2905 1773 2953 testamenta,
1800 2897 1876 2946 vel
1899 2896 2029 2962 quod
2051 2897 2140 2960 ipsi
2163 2895 2366 2944 ecclesiis
2390 2895 2485 2942 do·-

227 3011 232 3014 >
282 2983 512 3023 naverunt
533 3009 548 3029 ‚
583 2976 784 3022 relinere
817 2983 1065 3022 conantur·

217 3053 299 3102 64.

217 3131 300 3179 65.

216 3205 312 3256 66.

217 3287 299 3334 67.

217 3364 299 3411 68.

217 3441 299 3488 69.

215 3519 299 3565 70.

214 3595 298 3642 71.

214 3672 298 3721 72.

214 3748 298 3795 73.

216 3824 282 3871 74

337 3054 405 3100 De
438 3052 618 3099 clericis
647 3051 730 3114 qui
764 3052 938 3114 agellos
970 3052 1047 3100 vel
1079 3051 1289 3100 vineolas
1320 3052 1371 3100 in
1405 3060 1530 3101 terra
1563 3050 1781 3100 ecclesiae
1814 3050 2025 3100 fecerint.

336 3133 403 3178 De
436 3130 615 3177 clericis
647 3145 830 3176 comam
862 3128 1195 3177 relaxantibus.

335 3207 475 3264 Quod
506 3223 603 3254 non
637 3207 774 3254 liceat
806 3206 986 3253 clericis
1019 3215 1126 3270 post
1157 3215 1361 3255 mortem
1395 3207 1603 3271 episcopi
1634 3222 1710 3254 res
1733 3206 1794 3255 ad
1818 3221 1927 3255 eum
1950 3205 2236 3270 pertinentes
2259 3204 2480 3268 diripere.

337 3286 404 3332 De
435 3300 494 3332 eo
525 3284 607 3347 qui
641 3283 864 3331 clericum
897 3283 1009 3330 alibi
1041 3284 1371 3331 consistentem
1404 3283 1721 3332 ordinandum
1754 3292 1903 3347 putat.

335 3363 403 3409 De
423 3363 480 3408 iis
503 3362 585 3424 qui
607 3362 657 3407 in
680 3360 916 3424 duplicata
942 3362 1239 3410 matrimonia
1259 3360 1525 3410 inciderunt
1540 3395 1553 3419 ‚
1583 3362 1620 3410 si
1645 3361 1825 3425 alligari
1849 3360 2084 3410 clericatui
2107 3359 2359 3409 voluerint.

335 3440 405 3486 De
436 3439 665 3501 religiosis
696 3439 826 3486 viris.

335 3518 404 3563 De
437 3515 723 3579 pauperibus
756 3517 952 3564 clericis.

335 3594 403 3640 De
434 3592 624 3639 vitanda
656 3591 882 3640 ebretate.

335 3670 402 3717 De
434 3678 627 3716 tonsura
660 3668 955 3716 clericorum.

332 3749 402 3795 De
434 3745 875 3809 conspirationibus.

334 3825 403 3872 De
435 3823 614 3873 clericis
645 3822 973 3872 insidiantibus
1006 3824 1237 3889 episcopis
1271 3824 1380 3871 suis,
