2996 4432
1182 284 1224 313 ix
1259 281 1465 313 PSALMUM
1503 284 1570 312 ΙΙΙ.

238 372 382 415 bolem
412 372 582 415 dictam.
609 369 731 414 Unde
753 369 883 413 illud:
913 369 1071 412 multae
1096 368 1337 412 tribulatio-

239 456 313 485 nes
335 444 560 485 iustorum.
591 443 642 485 Et
662 453 715 484 ne
743 440 853 483 salus
871 440 1031 495 absque
1055 441 1144 483 Deo
1165 453 1251 483 esse
1269 441 1336 482 vi—

238 513 415 566 deatur,
441 513 537 555 ideo
557 510 693 554 David
713 510 907 565 adiungit
934 529 950 546 «
967 511 1012 551 in
1036 511 1142 552 Deo.
1167 530 1182 546 »

306 584 514 635 Quoniam
532 582 719 637 psalmus
736 586 952 637 tamquam
973 593 1023 623 ex
1045 594 1223 637 persona
1246 583 1336 624 Do·

244 655 347 695 mini
373 653 703 708 pronunciatur,
726 652 953 695 dicendum
975 657 1038 695 est
1066 653 1196 708 ipsius
1225 665 1337 708 quo-

241 737 328 780 -que
351 729 479 779 caput
501 724 696 777 exaltari,
716 724 834 780 quod
856 725 935 766 Dei
957 729 1047 778 est;
1068 737 1164 767 eum
1186 737 1337 781 nempe
1381 729 1386 733 ’

239 796 334 837 eius
354 794 510 847 deitaS‚
544 794 904 837 demonstratione
945 800 1112 838 externa
1142 794 1339 839 fidelibus

240 865 295 907 iit
313 865 546 907 manifesta.
568 865 783 919 Significat
806 866 955 922 capitis
975 866 1234 909 vocabulum
1255 867 1339 910 hoe

242 934 344 977 'loco
381 935 630 990 principem.
667 935 832 978 Idcirco
870 941 1112 980 sanctorum
1150 938 1340 980 virorum

246 1006 442 1060 princeps
470 1006 687 1060 Christus,
720 1007 874 1050 merito
893 1021 967 1050 rex
991 1021 1140 1051 eorum
1161 1013 1251 1062 est;
1274 1013 1340 1052 at-

246 1088 329 1130 que
360 1079 422 1119 ita
453 1081 583 1133 caput
603 1079 850 1122 eorumdem
873 1081 1209 1135 est.-—·Namque
1226 1081 1336 1133 eius,

245 1148 319 1202 qui
355 1160 452 1190 eum
486 1149 653 1192 Christo
694 1151 904 1203 surrexit,
942 1156 984 1193 et
1024 1164 1133 1207 quae
1174 1163 1341 1193 sursum

238 1223 342 1261 sunt
358 1221 469 1274 sapit
492 1233 577 1263 non
602 1234 710 1276 quae
732 1234 861 1277 super
882 1225 1063 1276 terram,
1089 1222 1341 1265 exaltabitur

238 1294 375 1343 eaput
405 1303 430 1332 a
453 1291 638 1333 Domino
659 1293 733 1348 qui
756 1292 941 1335 Verbum
962 1297 1039 1335 est.
1057 1293 1235 1335 -Gloria
1253 1294 1342 1336 eius

246 1360 321 1413 qni
339 1360 480 1414 ipsum
503 1363 679 1417 selegit,
705 1376 834 1418 quam
858 1363 911 1405 ab
935 1376 985 1406 eo
1006 1363 1099 1405 solo
1117 1364 1308 1418 postulat
1326 1395 1339 1418 ‚

242 1430 282 1470 :is
304 1432 379 1485 qui
409 1431 589 1485 gloriam
618 1433 838 1476 hominum
867 1447 954 1476 non
989 1434 1160 1490 accipit.

308 1503 431 1545 Mons
446 1509 615 1547 sanctus
632 1506 734 1560 Dei,
754 1507 901 1548 eximia
918 1506 1031 1548 illius
1049 1506 1239 1560 cognitio
1259 1519 1341 1561 po-

245 1576 327 1614 test
342 1572 536 1628 intelligi.
557 1576 678 1618 Mons
693 1580 863 1619 sanctus
878 1576 984 1629 Dei,
1005 1575 1117 1618 unde
1129 1577 1342 1632 supplices

239 1643 415 1686 exaudit
450 1646 565 1688 Deus
604 1647 844 1701 unigenitus
873 1647 987 1691 filius
1021 1649 1114 1690 Dei.
1153 1649 1218 1690 De
1252 1660 1341 1703 quo

245 1717 390 1756 monte
424 1714 583 1757 dictum
616 1721 708 1759 est:
743 1718 823 1759 erit
844 1718 1100 1773 conspicuus
1121 1731 1244 1760 mons
1267 1719 1342 1760 Dei

242 1784 480 1830 novissimis
509 1786 671 1830 diebus.
695 1788 812 1841 Quae
840 1788 1004 1832 locutio
1036 1790 1343 1832 manifest-atio-

244 1865 342 1896 nem
371 1855 486 1899 illius
515 1857 693 1900 denotat
724 1852 935 1912 futuram,
957 1872 1055 1902 eum
1086 1859 1131 1902 in
1151 1860 1343 1902 saeculo-

246 1937 341 1967 rum
367 1929 730 1971 consummatione
757 1929 965 1973 adveniet.

274 1996 437 2040 Cubare
468 1999 679 2054 significat
705 2001 1024 2044 reclinationem
1038 2032 1050 2054 ‚
1081 2006 1182 2057 post
1215 2015 1344 2058 quam

239 2069 491 2122 supervenit
519 2083 710 2113 somnus.
744 2071 852 2124 Quia
875 2084 978 2126 ergo
1009 2073 1192 2116 animam
1224 2086 1344 2116 suam

240 2143 398 2192 sponte
422 2139 622 2195 deposuit
634 2172 646 2195 ,
666 2146 817 2197 postea
837 2142 1097 2186 decumbens
1116 2150 1345 2201 soporatus

239 2213 324 2251 est.
352 2211 432 2253 Sed
453 2224 553 2254 mox
573 2225 598 2255 a
618 2214 800 2256 mortuis
820 2226 1043 2269 resurgens
1057 2246 1068 2268 ‚
1093 2216 1184 2259 Deo
1207 2218 1343 2259 susci-

243 2281 413 2335 piente,
436 2284 744 2338 primogenitus
763 2289 1034 2328 mortuorum
1053 2287 1191 2332 faetus
1211 2293 1289 2331 est.

304 2355 434 2396 Decet
466 2356 607 2397 virum
638 2360 831 2398 sanctum
846 2387 859 2410 ‚
898 2358 990 2399 Deo
1029 2358 1315 2402 confidentem
1330 2391 1342 2412 ‚

247 2428 362 2466 extra
398 2429 560 2467 metum
594 2427 768 2468 versari.
803 2425 869 2469 Sic
902 2428 946 2470 in
982 2429 1187 2483 vigesimo
1227 2435 1344 2473 sexto

242 2495 434 2549 psalmo:
456 2497 491 2538 si
507 2497 743 2539 consistant
764 2497 968 2541 adversus
986 2511 1054 2541 me
1073 2504 1234 2554 castra,
1255 2513 1344 2545 non

245 2577 334 2608 non
359 2567 527 2609 timebit
553 2580 631 2610 cor
649 2578 808 2611 meum.
833 2569 1047 2613 Praedicit
1077 2576 1218 2613 autem
1240 2571 1346 2614 haec

247 2638 379 2680 etiam
414 2639 606 2681 Salvator
638 2639 892 2683 innumeros
920 2653 1095 2686 cernens
1137 2643 1211 2697 qui
1250 2655 1347 2685 eum

241 2708 432 2752 crucifici
471 2711 726 2765 postulaturi
757 2716 882 2754 erunt
901 2726 915 2766 3
959 2717 1109 2756 contra
1153 2726 1263 2769 quos
1298 2728 1345 2758 se

248 2779 443 2833 praebuit
464 2781 721 2823 interritum.

305 2851 503 2893 Temere
492 2852 685 2894 mimicos
702 2851 848 2907 habet,
862 2854 935 2908 qui
953 2853 1043 2896 odii
1057 2855 1200 2910 atque
1205 2856 1348 2898 inimi-

244 2921 371 2963 citiae
404 2933 570 2964 causam
599 2935 687 2964 nou
708 2923 920 2978 praebuit.
934 2925 1054 2967 Tales
1079 2930 1176 2968 sunt
1201 2939 1347 2970 omnes

244 2992 323 3046 qui
342 2993 675 3046 persecutionem
694 2995 938 3048 patiuntur,
964 3001 1194 3051 propterea
1226 2997 1346 3052 quod

245 3062 317 3116 pie
338 3062 489 3104 vivunt
508 3063 552 3105 in
574 3064 742 3107 Christo
764 3066 874 3108 Iesu.
895 3066 1057 3118 Quibus
1075 3080 1099 3110 a
1121 3069 1346 3111 Servatore

248 3132 427 3175 dicitur:
448 3133 564 3176 beati
585 3135 684 3177 estis
702 3148 799 3178 cum
816 3136 1164 3195 exprobraverint
1182 3152 1257 3181 vos
1268 3171 1280 3193 ‚
1302 3144 1348 3183 et

246 3203 431 3246 dixerint
449 3216 574 3246 omne
597 3205 757 3248 malum
780 3208 1025 3251 mentientes
1045 3214 1226 3266 propter
1248 3223 1315 3253 me
1331 3241 1343 3264 ‚

245 3280 289 3317 ct
303 3275 482 3330 reliqua.
493 3277 588 3319 Hoc
599 3289 767 3319 morum
779 3278 975 3322 instituto
989 3293 1086 3323 eum
1099 3286 1207 3324 esset
1220 3283 1346 3325 etiam

246 3345 382 3388 David
396 3377 408 3399 ‚
429 3347 588 3389 multos
610 3347 761 3390 habuit
787 3349 878 3391 sine
903 3362 1028 3393 eausa
1050 3352 1244 3394 inimicos
1258 3384 1271 3407 ,
1297 3356 1349 3395 ut

245 3416 413 3459 Saulem
437 3420 481 3459 et
509 3417 808 3462 Abesalomum
830 3419 1072 3476 horumque
1099 3422 1344 3478 stipatores.

245 3487 354 3529 Nam
385 3491 533 3530 sancto
562 3490 656 3531 viro
675 3520 685 3542 ,
717 3493 760 3532 et
787 3490 866 3545 qui
893 3491 1071 3534 multam
1097 3497 1345 3537 mansuetu-

248 3557 391 3600 dinem
424 3558 748 3615 bonitatemque
776 3572 878 3615 erga
902 3573 976 3604 eos
1005 3574 1128 3617 saepe
1151 3575 1347 3619 exprom-

247 3633 391 3683 pserat
409 3660 421 3682 ,
443 3630 532 3672 sine
551 3642 675 3673 causa
692 3630 846 3674 infensi
865 3636 1000 3674 erant.

291 3699 506 3752 Quaenam
521 3705 583 3742 cst
595 3700 836 3744 benedictio
848 3703 1014 3758 populo
1027 3705 1345 3760 superveniens,

247 3769 324 3812 nisi
338 3771 471 3824 patris
482 3770 678 3814 voluntas
691 3771 743 3815 de
759 3771 835 3815 filii
846 3773 891 3815 in
907 3773 1114 3817 mundum
1131 3773 1348 3819 adventu?

1409 364 1480 416 λοιι
1512 371 1557 415 αἶ
1588 363 1751 430 ,ολιψεις
1790 389 1865 417 των
1904 367 2075 417 δικαίων·
2118 391 2148 417 ει
2181 365 2223 417 δε
2261 370 2347 418 {aa
2385 393 2516 422 σωτη-

1408 434 1478 502 ρῖα
1507 435 1581 500 μὲν
1614 439 1678 484 οὐκ
1715 438 1754 484 ἔν
1789 441 1843 497 τῷ
1873 443 1978 501 θεῷ,
2013 437 2144 488 Auum*
2177 462 2218 489 το
2203 462 2257 495 ις
2292 438 2388 494 τέως
2422 440 2515 507 πρό-

1409 528 1559 557 σκειταί
1593 505 1637 556 τὲ
1673 528 1710 554 ἓν
1744 528 1799 569 τω
1827 513 1926 556 uio).

1478 575 1646 629 Ἐπειόη
1678 577 1710 624 δ
1743 572 1896 639 ἕλε’χὲη
1930 601 1981 632 ως
2015 579 2054 627 ἐκ
2091 601 2159 645 πρε
2145 602 2291 630 ,σωπσυ
2326 578 2431 645 κυρῖε
2415 605 2456 630 υ
2495 582 2513 630 5
2557 604 2589 645 j

1408 645 1572 712 ψαλμός
1627 643 1956 712 ἐπαγγέλλεται,
2002 647 2139 714 ῥητὲεν
2183 673 2234 703 ως
2287 674 2353 699 και
2392 653 2516 701 αὐτοῦ

1410 721 1579 781 ὑψοῦται
1609 718 1635 770 ἦ
1662 714 1814 784 κεφαλὴ
1846 721 1866 765 o'
1900 715 1997 772 θεός
2031 723 2149 780 οὐσα,
2184 722 2241 768 ἔτ’
2279 719 2326 769 ἂν
2358 743 2384 772 η
2423 720 2515 771 620¹-

1411 810 1484 843 της
1521 791 1646 838 αὐτοῦ
1682 806 1830 855 φανερα
1866 789 1912 836 δι
1957 789 2193 845 οἷωοόεὶξεως
2238 811 2316 846 τοις
2353 813 2476 843 nze-cc
2473 796 2518 848 ’ῖς

1410 854 1585 923 γίνηται·
1619 856 1802 922 σημαίνει
1835 855 1878 908 τό
1912 861 1983 914 τῆς
2012 864 2190 926 κεφαλῆς
2213 859 2335 924 ὄνομα
2361 865 2399 910 ἐν
2431 885 2472 912 τι
2478 886 2520 911 υ-

1409 951 1494 984 τοις
1527 928 1718 996 ἄρχοντα·
1754 926 1812 979 διδ
1848 933 1923 978 τῶν
1954 931 2116 1015 οὶνδρωνν
2141 929 2275 1014 ἄρχων
2312 933 2331 979 5
2364 931 2518 997 Χριςός

1411 997 1535 1067 ἁγίων
1570 1000 1694 1051 ὄντων
1716 1038 1730 1056 ,
1775 1000 1970 1060 βασιλεὺς
2012 1003 2139 1051 αὐτῶν
2185 996 2341 1056 εικότως
2389 1002 2516 1052 ἐστιν·

1411 1091 1480 1119 και
1511 1070 1638 1136 ταύτῃ
1669 1068 1818 1138 κεφαλῇ
1854 1071 1984 1121 αὐτῶν
2023 1071 2275 1138 χρηματίζει.
2279 1075 2402 1120 -Ει
2436 1072 2517 1139 γὰρ
2581 1099 2588 1106 ·

1413 1137 1693 1228 συνήγέρὲη
1679 1143 1874 1208 Χριστῷ,
1912 1165 1979 1191 και
2018 1140 2072 1192 τοὶ
2107 1141 2190 1190 ἅνω
2226 1146 2354 1209 φρονεῖ
2387 1145 2430 1191 οὐ
2467 1143 2519 1192 τοὶ

1415 1210 1482 1261 ἐπι
1514 1213 1587 1277 γῆς
1609 1250 1622 1272 ,
1654 1210 1916 1275 ὑψωθήσεται
1946 1215 2068 1262 αὐτοῦ
2097 1213 2124 1265 ἦ
2155 1210 2304 1280 κεφαλη
2336 1212 2415 1264 ἀπὸ
2447 1234 2489 1264 τε
2493 1219 2518 1263 ὖ

1413 1282 1516 1349 κυρῖε
1500 1307 1541 1331 υ
1566 1284 1607 1336 ὅς
1634 1285 1740 1332 ἐστιν
1764 1282 1784 1330 5
1809 1279 1942 1347 Ao'yo3.
1945 1280 2162 1339 -Δοξα
2146 1305 2195 1332 αν
2221 1288 2290 1333 τοῦ
2320 1280 2519 1350 χωρῖσαν-

1414 1374 1482 1408 τος
1520 1350 1658 1401 αὐτόν·
1698 1376 1744 1404 ην
1783 1350 1858 1403 ἀπὸ
1907 1355 1975 1402 τοῦ
2016 1352 2134 1416 μένου
2179 1351 2369 1406 ἐζητησεν
2407 1354 2426 1402 5
2465 1379 2521 1419 μη

1415 1420 1627 1486 λαμβάνων
1661 1422 1781 1480 δόξαν
1782 1422 2052 1521 αάνὲρῶπων.

1476 1494 1576 1560 ”οΟρ
1582 1516 1599 1548 ς
1631 1495 1740 1560 ἅγιον
1777 1497 1878 1543 ..ιεοῧ
1901 1532 1914 1551 a
1948 1517 1974 1547 η
2011 1516 2204 1563 υπερφυης
2227 1500 2367 1560 γνῶσις
2393 1497 2516 1546 αὑτοῦ

1415 1567 1578 1615 δυναται
1613 1562 1850 1634 [νοεισθαι]
1883 1585 1972 1630 opt-3
2004 1566 2114 1630 ἅγιον
2146 1569 2214 1616 τοῦ
2242 1568 2365 1622 θεοῦ,
2401 1568 2444 1621 ἐξ
2474 1565 2519 1616 εὑ

1416 1632 1606 1685 εἰσοικευει
1644 1655 1720 1685 των
1758 1633 1975 1698 εὐχομένων
2006 1635 2151 1692 &553‘
2134 1660 2152 1685 0
2190 1657 2400 1701 μονογεντις
2437 1635 2518 1692 υιὲς

1416 1707 1554 1754 αὐτοῦ·
1588 1727 1678 1772 περι
1709 1702 1754 1754 οῧ
1786 1706 1952 1772 εἴρηται·
1988 1704 2102 1757 ἔσται
2141 1705 2312 1773 ἐμφανὲς
2346 1704 2390 1757 τό
2429 1706 2518 1773 ὅρος

1413 1797 1541 1840 κυριου
1577 1798 1626 1828 επ
1674 1774 1858 1840 ἐσχάτων
1897 1780 1970 1826 τῶν
2005 1777 2171 1845 ἦμερῶν·
2210 1777 2403 1831 δηλσυσης
2441 1781 2516 1832 τῆς

1415 1843 1553 1902 λέξεως
1592 1868 1737 1901 ταυτης
1774 1869 1845 1899 την
1889 1846 2100 1912 γενομένην
2137 1848 2262 1897 αυτοῧ
2300 1845 2517 1935 φανέρωσιν

1414 1914 1519 1967 κατὰ
1549 1939 1619 1969 την
1653 1917 1906 1980 ἐπιδημιαν’
1894 1939 1958 1968 επι
1997 1917 2205 1981 συντελειᾳ
2235 1922 2310 1969 τῶν
2347 1915 2514 1967 αἱωνων

1485 1987 1544 2036 T5
1580 1987 1652 2052 μὲν
1688 1993 1922 2049 κοιμηθῆναι
1966 2010 2153 2052 σημαινει
2193 2011 2266 2042 την
2309 1985 2516 2038 ἀνάκλισιν

1415 2060 1504 2118 μεθ’
1539 2055 1586 2109 ἦν
1623 2061 1642 2106 5
1679 2059 1799 2114 ὕπνος
1838 2057 2070 2125 ἐπιγίνεται·
2113 2058 2197 2111 ἐπεὶ
2234 2054 2300 2109 εἶν
2332 2057 2516 2115 ἑκουσίως

1417 2126 1486 2179 τὴν
1518 2127 1651 2192 ψυχην
1683 2131 1805 2179 αὐτου
1836 2130 2009 2186 ἔθηκεν,
2042 2152 2148 2180 κατα
2178 2151 2295 2180 τουτο
2324 2127 2519 2192 κοιμηθεις

1416 2199 1610 2248 ὕπνωσεν·
1646 2198 1872 2266 ἐξεγερὲεις
1904 2199 1948 2250 δὲ
1979 2203 2024 2248 ἐκ
2047 2203 2208 2266 νεκρῶν,
2241 2199 2519 2262 ἁντιλαβομὲ-

1417 2290 1480 2316 νου
1511 2273 1642 2327 &ccv
1676 2270 1916 2335 πρωτότογος
1949 2274 1989 2319 ἐκ
2020 2276 2159 2359 νεκρῶν
2193 2269 2413 2338 γεγένηται.

1489 2339 1653 2431 Πρέπει
1670 2339 1709 2389 δὲ
1745 2340 1845 2408 ἁγίῳ
1881 2338 2090 2392 πεποιὲἐτι
2125 2345 2209 2405 θεῷ
2239 2363 2310 2393 την
2348 2336 2517 2408 ἀφοβίαν

1418 2411 1572 2460 ἀσκεῖν·
1612 2412 1730 2465 οὕτως
1769 2415 1808 2460 ἐν
1839 2412 1904 2468 κζ’
1937 2409 2043 2478 λεγει
2079 2415 2245 2476 ψαλμῷ·
2279 2410 2346 2460 ἐὰν
2381 2429 2519 2476 παρα-

1418 2479 1580 2537 τάξεται
1614 2483 1678 2531 ἔας’
1712 2480 1781 2544 ἐμὲ
1815 2479 2090 2550 ωαραμβολη,
2115 2484 2159 2530 οὗ
2186 2480 2461 2547 φεβηὲἦσεται
2492 2479 2518 2532 ἦ

1417 2549 1560 2616 καρδία
1591 2572 1680 2615 μου·
1714 2551 1889 2618 προλέγει
1922 2551 1965 2601 δὲ
1997 2557 2131 2602 ταῦτα
2153 2574 2221 2600 και
2244 2553 2263 2601 5
2291 2572 2421 2617 σωτηρ
2445 2548 2520 2606 τὰς

1416 2620 1610 2688 μυριαδας
1639 2621 1798 2684 βλέπων
1831 2646 1904 2674 των
1928 2620 2166 2687 οιιτουμὲνων
2190 2622 2309 2674 αὐτὸν
2342 2643 2519 2689 σταυρω-

1417 2696 1540 2743 &ivon
1562 2731 1575 2750 3
1611 2691 1703 2759 πρὸς
1734 2690 1784 2748 ἂς
1815 2691 2026 2761 ἀταράχως
2056 2691 2232 2744 διέκειτο.

1488 2842 1696 2900 Ματαιως
1726 2844 1935 2914 ἑχθροῦς”
1915 2868 2000 2911 εχει
2031 2847 2051 2895 5
2084 2843 2140 2909 μὴ
2168 2844 2352 2913 παρέχων
2381 2842 2520 2908 μίσους
2582 2873 2590 2881 ·

1416 2937 1483 2963 και
1518 2914 1676 2982 ἔχθρας
1708 2915 1918 2982 πρόφασιν·
1957 2919 2121 2966 τοιοῦτοι
2159 2915 2202 2964 δέ
2239 2917 2338 2965 εἰσιν
2370 2912 2521 2978 πάντες

1419 3008 1453 3033 οι
1488 2985 1709 3048 διωκέμεναι
1741 2985 1807 3035 &a
1837 2992 1879 3036 τὸ
1914 2990 1987 3052 ζῇν
2012 2989 2181 3047 εὐσεβῶς
2215 2988 2254 3034 ἓν
2280 2989 2421 3052 Χριςῷ
2441 2987 2521 3036 Ἰη-

1420 3078 1464 3104 c:
1468 3059 1506 3140 sa'·
1543 3054 1640 3121 πρὸς
1673 3078 1738 3110 ους
1757 3054 1931 3139 λέγεται
1962 3054 2037 3107 ὕπο
2071 3060 2141 3106 τοῦ
2173 3059 2357 3123 σωτῆρος·
2394 3077 2524 3120 μακα-

1413 3147 1468 3191 pe:
1474 3124 1490 3172 ι’
1524 3127 1615 3175 ἐστε
1648 3128 1707 3175 ὅτ’
1739 3121 1788 3176 ἂν
1820 3126 2062 3178 ὄνειδισωσιν
2089 3129 2195 3190 ὑμας
2217 3163 2230 3186 ‚
2262 3149 2330 3175 και
2363 3124 2523 3177 εἴπωσιν

1418 3199 1498 3246 πᾶν
1544 3194 1715 3263 σενηρδν
1759 3195 1990 3261 ψευδέμενοι
2033 3198 2162 3247 ἕνεκεν
2200 3198 2328 3260 ἐμοῦ,
2365 3218 2436 3246 και
2470 3194 2524 3248 τὰ

1418 3268 1524 3324 ἑξης·
1559 3288 1707 3322 ταυτης
1745 3289 1814 3323 της
1850 3266 2084 3353 ωροὲἔσεως
2115 3288 2166 3317 ων
2201 3289 2270 3317 και
2303 3269 2323 3316 5
2356 3264 2524 3328 Δαῡιδ,

1418 3335 1591 3392 πολλους
1624 3332 1733 3402 εἰχεν
1763 3335 1950 3401 ματαίως
1981 3335 2178 3426 ἑχθρους,
2203 3337 2256 3394 ὤς
2281 3358 2350 3388 τον
2374 3334 2526 3396 Σαοὺλ,

1418 3429 1485 3456 και
1506 3406 1575 3458 τόν
1594 3407 1857 3472 Ἀβεσαλῶμ,
1882 3431 1949 3458 και
1973 3431 2064 3465 τους
2087 3430 2162 3459 συν
2185 3411 2334 3464 αὐτοῖς·
2361 3411 2430 3459 τοῦ
2450 3405 2526 3475 γὰρ

1416 3476 1533 3543 ἅγιον
1563 3476 1716 3531 πολλην
1748 3476 1957 3546 πρᾳότητοι
1987 3502 2054 3528 και
2087 3477 2333 3565 ἀγαὲὄτητα
2365 3481 2421 3534 εἰς
2453 3480 2525 3526 αὗ-

1419 3570 1462 3597 τε
1466 3546 1508 3602 ὺς
1545 3547 1735 3605 πολλάκις
1781 3546 2091 3613 ἐνδειξαμένου,
2132 3549 2263 3614 μάτην
2301 3569 2407 3602 ησαν
2449 3549 2525 3612 ἐχ-

1419 3615 1519 3683 θροῖ.

1489 3685 1568 3742 Τις
1598 3711 1624 3741 η
1657 3688 1817 3757 εὖλογιοι
1849 3713 1876 3743 η
1909 3687 1975 3742 ε’πι
2008 3687 2075 3741 τὲν
2106 3690 2206 3740 λαὸν
2237 3687 2462 3774 ἐρχεμένη,
2496 3685 2522 3739 ἦ

1415 3756 1602 3820 βουλησις
1634 3763 1702 3809 τοῦ
1734 3781 1886 3826 irat-poc
1916 3783 1942 3814 η
1973 3759 2062 3829 περι
2092 3763 2165 3817 τῆς
2199 3757 2421 3822 ἒπιδημῖαςς

2427 268 2514 314 ι35
2582 251 2584 257 ’

2557 1999 2587 2055 055<

2608 1998 2625 2056 -ιο

2559 2352 2589 2373 v.
2609 2348 2638 2374 7.

2560 2380 2593 2409 Β.
2610 2379 2687 2410 ibid.

2567 3706 2596 3728 v.
2616 3702 2643 3728 9.

2566 3733 2599 3764 Β.
2615 3733 2636 3763 t.
2662 3737 2704 3764 1³.
