2944 4426
1185 271 1231 302 m
1262 239 1528 303 noman.
1619 295 1625 301 ,
2232 315 2236 326 ¹
2460 258 2490 304 9

230 361 383 414 utpote
414 370 526 414 aqua
548 357 785 402 discurrens
806 355 1044 398 sitientibus
1063 386 1076 409 ,
1098 356 1156 398 ita
1173 359 1327 411 puteus

229 428 422 472 lahorem
451 429 631 485 requirit
658 427 893 471 volentium
923 427 1151 469 exantlare.
1182 428 1236 469 Et
1264 426 1326 469 si-

230 500 319 542 cuti
336 499 432 542 fons
451 499 707 542 incessanter
726 501 870 540 manat
886 529 897 551 ,
917 498 975 540 ita
996 497 1202 540 sensibilis
1223 498 1327 540 scri-

231 573 360 624 ptura
375 581 602 625 perennem
618 568 748 611 habet
770 567 931 609 fluxum
948 598 960 620 ,
979 567 1246 623 faciliterque
1263 567 1328 609 his

235 640 312 695 qui
327 639 476 682 sitiunt
489 640 626 681 Deum
647 638 796 680 donat.
814 640 866 680 Et
886 638 1009 680 sicuti
1032 642 1190 693 puteus·
1205 636 1329 680 labo·-

235 723 327 753 rem
356 715 472 753 creat
502 709 843 764 exantlantibus,
865 710 922 751 ita
945 714 987 752 et
1016 709 1191 752 scientia
1220 721 1328 752 con-

233 781 478 837 templativa
506 780 558 823 iis
589 781 663 835 qui
692 780 844 823 volunt
873 782 1050 824 virtutes
1070 785 1185 824 recte
1215 793 1331 823 exer-

234 848 328 895 cere
344 851 507 894 animae
526 852 804 907 corporisque
819 883 830 905 ‚
845 855 887 894 et
909 851 1052 894 divina
1070 852 1306 908 intelligere
1316 881 1328 905 ,

235 927 278 966 et
307 923 522 966 caelorum
553 934 733 977 regnum
764 922 957 978 adipisci.

291 995 398 1036 Heic
417 994 603 1036 mulieris
621 993 836 1036 vocabulo
859 995 1078 1037 scientiam
1096 995 1174 1036 Dei
1197 993 1332 1037 deno-

235 1068 324 1118 tat3
349 1077 460 1120 quae
483 1064 608 1107 nobis
629 1064 715 1107 iam
737 1064 835 1107 inde
865 1065 919 1106 ab
942 1064 1220 1108 adolescentia
1240 1069 1331 1107 tra-

235 1135 325 1182 dita
340 1135 421 1178 fuit
434 1149 446 1190 ;
461 1139 506 1178 et
525 1148 654 1191 quam
675 1137 870 1191 superius
888 1137 1090 1179 Salomon
1102 1133 1334 1179 iuventutis

235 1207 525 1262 magisterium
544 1207 667 1249 dixit.
691 1208 770 1250 Fili
791 1208 902 1251 enim
917 1238 929 1261 ,
953 1209 1115 1263 inquit,
1137 1221 1190 1250 ne
1204 1212 1247 1250 te
1268 1221 1335 1251 ca-

235 1279 327 1333 piat
356 1278 578 1320 consilium
610 1279 768 1321 malum
793 1278 861 1330 (id
879 1283 942 1321 est
975 1278 1168 1321 diabolus
1196 1279 1333 1321 malo-

235 1362 332 1392 rum
351 1349 627 1392 consiliorum
651 1351 841 1404 molitor)
862 1350 1167 1406 quodoctrina
1183 1350 1334 1393 iuven-

235 1421 342 1463 tutis
357 1419 582 1473 deseritur,
597 1425 640 1463 et
655 1421 846 1463 divinum
860 1420 1012 1463 foedus
1028 1420 1237 1464 oblivioni
1249 1425 1336 1463 tra-

237 1491 368 1534 ditur.
401 1491 569 1534 Oblivio
603 1496 744 1534 autem
781 1496 822 1534 et
856 1477 1076 1534 derelictio
1094 1523 1105 1544 ,
1142 1504 1336 1548 possessu

240 1563 440 1606 scientiae
475 1562 705 1605 deteriores
738 1564 859 1616 sunt,
892 1563 1024 1606 veluti
1044 1563 1219 1606 sanitate
1243 1564 1338 1606 lon-

242 1646 295 1688 ge
318 1634 440 1689 peior
467 1633 670 1687 morbuS,
691 1638 734 1676 et
753 1634 861 1676 infra
878 1635 1012 1676 vitam
1042 1647 1175 1677 mors.
1207 1635 1338 1677 Simul

238 1709 380 1748 tamen
396 1705 490 1760 ipsa
507 1706 681 1748 scientia
701 1710 743 1748 et
758 1711 894 1749 mater
919 1706 1076 1749 dicitur
1092 1711 1134 1749 et
1146 1719 1255 1749 uxor
1276 1712 1339 1750 at-

239 1788 324 1832 que
350 1789 498 1819 soror:
536 1781 673 1819 mater
691 1809 704 1831 ,
736 1778 839 1833 quia
868 1779 942 1833 qui
965 1778 1112 1821 docuit
1134 1791 1229 1834 me,
1261 1791 1339 1834 per

238 1847 458 1890 scientiam
480 1861 547 1890 me
566 1849 712 1902 genuit
726 1880 737 1902 ,
753 1853 802 1891 ut
815 1849 970 1894 Paulus
983 1862 1061 1905 per
1073 1850 1338 1904 evangelium

240 1918 432 1960 Galatas:
458 1931 591 1973 uxor,
615 1920 715 1974 quia
731 1920 835 1966 mihi
854 1921 1053 1975 copulata
1075 1921 1189 1976 parit
1205 1922 1340 1964 virtu-

238 1994 302 2031 tes
318 1993 360 2031 et
381 1994 496 2032 recta
514 1990 741 2044 dogmata3
764 1991 975 2046 siquidem
995 2005 1141 2048 reapse
1163 1993 1339 2036 scientia

239 2059 350 2115 parit
365 2061 458 2102 viro
475 2061 768 2115 prudentiam:
789 2075 935 2117 soror,
962 2063 1063 2118 quia
1082 2075 1162 2118 ego
1181 2064 1340 2119 pariter

240 2134 369 2186 atque
387 2130 458 2173 illa
483 2144 534 2173 ex
547 2144 636 2174 uno
660 2133 791 2186 geniti
808 2133 970 2175 fuimus·
985 2135 1076 2176 Deo
1104 2139 1239 2190 patre.
1263 2136 1340 2178 Dic

241 2201 383 2255 enim,
410 2203 548 2257 inquit
564 2235 576 2256 ‚
604 2203 857 2258 sapientiae,
880 2209 929 2246 ut
952 2217 1076 2248 soror
1105 2209 1179 2248 tua
1208 2206 1277 2249 sit.

299 2272 443 2315 Gratia
461 2276 505 2315 et
533 2273 718 2316 amicitia
745 2274 945 2318 liberant.
969 2277 1113 2320 Virtus
1135 2281 1276 2319 autem
1298 2281 1341 2320 et

189 2338 192 2339 ⁷
241 2343 432 2398 scientia,
447 2345 696 2387 rationalem
711 2346 894 2389 animam
909 2346 1104 2390 liberant.
1121 2349 1227 2390 Nam
1241 2359 1340 2402 gra-

240 2415 300 2456 tia
321 2418 363 2456 et
379 2416 586 2470 amicitia,
616 2416 751 2459 virtus
776 2421 823 2459 et·
841 2410 1016 2460 scientia
1046 2423 1159 2461 sunt.
1186 2420 1277 2461 Iam
1306 2420 1342 2461 si

240 2497 388 2528 cervus
400 2499 450 2528 ex
464 2487 648 2530 amicitia
659 2518 670 2540 ,
691 2492 734 2530 et
752 2488 895 2543 pullus
914 2502 963 2531 ex
977 2491 1119 2543 gratiis
1132 2491 1337 2545 gignitur-3

241 2569 390 2599 cervus
410 2557 581 2612 quidem
601 2563 665 2600 cst
685 2560 1058 2614 contemplationis
1077 2562 1338 2617 symbolum,

241 2627 382 2679 pullus
412 2633 552 2670 autem
575 2629 731 2684 quietis
753 2643 777 2672 a
799 2630 1129 2686 cupiditatibus3
1156 2645 1342 2688 quorum

242 2697 420 2740 alterum
439 2712 490 2741 ex
510 2701 739 2743 virtutibus
751 2734 763 2755 ,
786 2702 967 2745 alterum
982 2716 1034 2745 ex
1048 2705 1222 2747 scientia
1240 2717 1343 2747 con-

242 2766 335 2808 fieri
373 2776 666 2825 comparatum
703 2774 1006 2815 est.—Cervus
1045 2779 1109 2816 est
1147 2780 1340 2828 contem-

241 2837 442 2892 plationis
471 2841 715 2895 symbolum
735 2843 848 2886 circa
869 2856 1055 2898 corpora
1078 2849 1120 2886 et
1142 2845 1344 2901 incorpo-

242 2919 313 2949 rea
343 2912 386 2950 et
416 2910 632 2953 scientiam
669 2913 774 2955 Dei:
810 2916 994 2957 amicitia
1025 2906 1167 2958 autem
1186 2948 1197 2970 ,
1232 2917 1341 2959 dile-

246 2978 399 3020 ctionis
430 2991 530 3034 erga
559 2982 696 3025 Deum
726 2988 769 3026 et
799 2984 1022 3028 homines:
1056 2980 1343 3040 pullus'deni-

244 3060 350 3103 que,
382 3049 684 3104 imperturbati
713 3055 860 3097 animi.
892 3057 945 3098 Et
973 3056 1142 3100 theoria
1171 3058 1344 3113 quidem

243 3120 440 3162 scientiae
471 3122 578 3175 Dei,
604 3135 655 3165 ex
678 3125 838 3167 animae
867 3129 1098 3171 virtutibus
1127 3133 1344 3185 procreari

243 3192 350 3234 solet
370 3206 379 3233 :
416 3192 586 3235 dilectio
604 3225 616 3246 ,
637 3207 687 3236 ex
717 3197 943 3251 sapientia:
966 3202 1270 3256 tranquillitas,
1294 3215 1344 3244 ex

242 3263 474 3306 virtutibus
495 3266 707 3320 corporis.
720 3267 927 3311 Hortatur
950 3283 1053 3313 vero
1074 3284 1154 3314 nos
1176 3278 1225 3315 ut
1246 3286 1345 3316 cum

243 3333 487 3376 huiusmodi
517 3337 663 3388 gratiis
683 3349 852 3391 semper
871 3351 1088 3382 versemur
1108 3355 1118 3382 ε
1151 3355 1246 3385 nam
1269 3345 1344 3398 qui

244 3416 343 3446 cum
373 3405 423 3446 iis
454 3411 727 3459 consuescet,
750 3420 836 3449 non
868 3409 923 3450 ad
945 3411 1081 3452 Deum
1112 3412 1250 3455 solum
1272 3426 1344 3457 ac-

243 3474 391 3528 cedet,
416 3475 490 3518 sed
513 3489 610 3518 cum
632 3477 708 3518 illo
728 3478 855 3519 etiam
877 3479 1344 3541 habitabit—Propria

242 3547 458 3590 rationalis
496 3552 670 3590 naturae
708 3553 771 3590 est
812 3549 944 3592 virtus
960 3582 972 3604 ,
1015 3564 1124 3606 quae
1164 3554 1345 3597 amicitia

241 3618 481 3674 appellatur
499 3650 511 3671 ,
544 3624 586 3662 et
615 3621 706 3661 Deo
738 3621 960 3676 conciliat,
994 3623 1252 3679 copulatque
1271 3637 1345 3668 eos

243 3691 376 3744 quise
396 3695 631 3745 sequuntur
647 3703 723 3746 per
743 3691 958 3735 scientiam
982 3694 1247 3737 Dei.—Nam
1269 3696 1344 3751 qui

194 3772 197 3773 ⁷
241 3762 410 3803 virtutis
440 3763 723 3818 scientiaeque
754 3777 898 3807 amore
937 3764 1133 3821 ducitur,
1167 3770 1345 3822 quotus-

243 3841 426 3887 cumque
456 3834 680 3897 meliorum
711 3839 789 3878 est.
836 3842 840 3846 '

1399 356 1562 417 διψῶσιν
1582 392 1596 413 ‚
1631 355 1731 404 ουτω
1762 374 1807 402 το
1840 351 1957 421 φρέαρ
1989 357 2027 403 ἐν
2057 354 2163 420 κέπῳ
2194 358 2276 412 τοῖς
2307 353 2497 406 &elavem

1399 427 1572 472 ἀντλεῖν·
1603 446 1670 473 και
1704 425 1835 487 ὥσπερ
1866 427 1890 475 ἦ
1921 448 2026 490 πηγη
2066 426 2276 482 ἄπανστός
2309 428 2393 477 ἐστι
2431 429 2501 476 τοῦ

1398 494 1485 583 ῥεῖ,
1519 497 1618 545 οὕτω
1648 517 1674 547 η
1706 492 1929 546 αισὲητικη
1958 516 2088 561 γραφη
2111 493 2266 544 ἀὲνναον
2308 518 2324 544 ε
2331 518 2396 561 ,(ει
2433 516 2500 547 τον

1400 562 1552 630 δρόμον,
1578 588 1642 615 και
1670 562 1820 613 εὔκολον
1852 568 1936 620 τοῖς
1969 568 2108 629 διψῶσι
2139 586 2206 615 τον
2241 565 2337 615 θεον
2368 589 2502 634 γεραι-

1385 655 1495 702 ‘peni'
1531 659 1599 685 καί
1635 638 1772 700 ὥσῦξρ
1809 655 1853 683 2¹0
1877 656 2007 723 Ηφρῑαρ
2043 634 2164 684 xo'oecv
2207 658 2381 702 δαρεχει
2417 659 2501 692 τῦις

1401 708 1547 757 o'terls‘u
1507 729 1611 756 νσιν
1634 741 1648 765 ,
1686 708 1783 756 οὕτω
1818 727 1886 753 και
1923 708 1949 757 ἦ
1983 705 2212 771 θεωρητικη
2235 729 2379 771 γνωσις
2415 730 2501 762 τοις

1401 773 1564 827 Seioua:
1597 780 1644 827 δι’
1676 778 1799 831 αὖτης
1831 773 1905 830 τοὶς
1938 774 2082 842 ἀρετας
2113 781 2388 842 κατορθῶσαι,
2422 784 2502 841 ψυ-

1403 853 1482 912 χῆς
1513 869 1556 897 τε
1589 845 1654 896 καὶ
1693 845 1897 909 σώματος,
1933 845 1985 895 τά
2021 869 2063 896 τε
2094 850 2195 895 ,θεῖα
2227 850 2399 907 ἐννοεῖν,

1404 921 1476 973 τῆς
1506 916 1718 979 βασιλείας
1752 921 1824 967 τῶν
1856 920 2023 983 οὐρανῶν
2043 919 2363 970 ἀντιποιηθῆναι.

1474 992 1655 1038 Γυναῖκα
1681 991 1862 1037 {vraha
1885 985 1957 1038 τὴν
1990 991 2058 1038 τοῧ
2082 991 2171 1036 θεοῧ
2193 991 2331 1053 γνῶσιν
2359 986 2508 1051 σημαί-

1405 1078 1476 1108 νει·
1509 1061 1611 1112 αὕτη
1649 1057 1692 1108 δὲ
1731 1061 1771 1106 ἐκ
1807 1080 1987 1113 νεοτητος
2022 1058 2115 1122 ἦμῖν
2154 1058 2292 1111 ὲὸοὲῑη·
2331 1061 2380 1111 -ἥν
2419 1080 2507 1107 τινα

1407 1129 1586 1220 ανρηέρω
1617 1128 1881 1180 ὂιόασκαλιαν
1914 1131 1935 1177 ὃ
1970 1126 2154 1193 Σολομὼν
2178 1128 2360 1185 νεέτητος
2386 1128 2506 1195 λεγει·

1406 1200 1498 1260 υἱὲ,
1532 1223 1607 1268 γαρ
1643 1223 1769 1268 φησι,
1808 1223 1864 1264 μη
1902 1215 1953 1248 σε
1995 1198 2208 1266 καταλάβῃ
2250 1198 2376 1261 βουλη
2412 1221 2511 1251 κακη

1406 1270 1494 1337 (τον
1529 1271 1710 1334 διάβολον
1741 1268 1888 1336 λέγων,
1920 1270 1972 1325 ὦς
2002 1293 2130 1326 κακως
2162 1268 2514 1335 βουλευσάμενον)

1407 1345 1432 1396 ἦ
1464 1347 1713 1395 ἀπολιποῦσα
1746 1340 2012 1392 διδασκαλίαν
2045 1341 2248 1402 νεέτητος,
2283 1339 2349 1390 καὶ
2375 1344 2516 1393 διαθή-

2438 847 2502 897 καὶ

1396 1435 1474 1466 κην
1507 1412 1618 1463 θειαν
1650 1412 1954 1476 ἐπιλελησμὲνη·
1988 1410 2086 1465 ληθη
2118 1409 2159 1460 δὲ
2191 1435 2259 1461 και
2288 1410 2513 1476 ἀπόλειψις,

1409 1506 1584 1549 γνωσεως
1628 1481 1799 1539 κτήσεως
1846 1481 2038 1550 δεύτεραι·
2085 1485 2221 1551 ὥσωερ
2266 1506 2332 1532 και
2377 1504 2515 1548 υγειας

1410 1553 1498 1605 νόσο
1482 1579 1521 1611 ς
1554 1553 1744 1619 ἐσχάτη,
1777 1576 1844 1602 και
1869 1557 1970 1609 ζωης
2004 1552 2173 1609 θανατος
2205 1552 2295 1603 ὂεότ
2275 1573 2400 1619 Ἶρος·
2426 1555 2515 1616 ἅμα

1411 1623 1454 1674 δὲ
1485 1648 1552 1675 και
1585 1648 1695 1676 τουτο
1700 1648 1731 1680 ις
1764 1647 1824 1682 τε,
1862 1628 1922 1674 ὅτι
1955 1624 2047 1693 ὅπερ
2069 1628 2094 1675 ἦ
2126 1622 2230 1676 αὐτη
2254 1629 2419 1690 γνῶσις,
2449 1623 2516 1673 καὶ

1409 1693 1536 1763 μήτηρ
1561 1693 1716 1782 λέγεται
1739 1719 1806 1744 και
1830 1693 1929 1761 yma->1
1959 1694 2022 1743 καὶ
2056 1693 2220 1763 ἀδελφῇ·
2252 1716 2381 1762 μητηρ
2411 1692 2483 1759 μὲν
2503 1734 2515 1756 ,

1412 1765 1595 1819 ἐπειδη
1577 1791 1595 1816 ο
1629 1765 1792 1822 διδάξας
1825 1787 1904 1829 με,
1939 1766 1983 1814 δι’
2013 1767 2133 1820 αὐτῆς
2172 1788 2220 1830 με
2258 1786 2482 1852 γεγεννηκεν
2504 1805 2517 1825 ,

1411 1837 1462 1892 ὦς
1494 1842 1659 1892 Ποιῧλος
1693 1835 1760 1886 δια
1791 1839 1858 1885 τοῧ
1894 1834 2120 1902 εὐαγγελίου
2157 1835 2375 1892 Γαλάτας·
2422 1858 2519 1900 γυνη

1411 1905 1480 1966 δὲ,
1508 1911 1569 1958 ὅτι
1603 1912 1774 1958 συνοῦσα
1804 1930 1866 1971 μοι
1898 1904 2020 1957 τίκτει
2047 1929 2120 1962 τας
2150 1907 2296 1975 ἀρετας
2328 1929 2394 1955 και
2425 1904 2519 1972 ὂόγ-

1411 2001 1524 2042 ματα
1555 1975 1665 2045 ὀρθά·
1699 1979 1735 2026 εἴ
1759 2000 1801 2043 γε
1826 1980 1850 2027 r‘·
1876 1975 1994 2045 σοφία
2027 1976 2142 2045 ἀνόρι
2165 2000 2286 2028 τικτει
2321 1974 2515 2045 φρόνησιν·

1412 2048 1632 2118 ἀδελφη,
1619 2052 1679 2099 ο’τι
1712 2048 1787 2114 ἐγω
1818 2046 1862 2098 τέ
1892 2072 1958 2097 και
1991 2050 2093 2101 αὕτη
2127 2049 2170 2096 ἔκ
2203 2071 2245 2098 το
2248 2071 2270 2096 υ
2295 2048 2375 2104 ἓνος
2408 2047 2521 2114 γεγό-

1410 2140 1534 2182 ναμεν
1566 2125 1662 2169 Secu
1691 2143 1759 2169 και
1798 2138 1968 2196 πατρος·
2002 2118 2110 2171 εἷπον
2146 2140 2254 2186 γαρ,
2293 2142 2411 2188 φησι,
2450 2118 2519 2171 τὴν

1413 2213 1587 2258 σοφιαν,
1622 2213 1692 2243 σην
1723 2187 1894 2257 ἀδελφην
1932 2193 2083 2239 εἶναι’ιι

1483 2266 1537 2311 H
1569 2263 1686 2329 χάρις
1717 2259 1782 2309 καὶ
1813 2262 1838 2311 ἦ
1872 2260 1984 2328 φιλια
2017 2264 2236 2328 ἐλευθεροῖ·
2272 2283 2298 2312 η
2329 2257 2371 2308 δὲ
2402 2259 2521 2329 ἀρετη

1413 2355 1479 2381 και
1514 2336 1679 2398 γνῶσις,
1717 2334 1924 2417 ἐλευθερο
1903 2354 1968 2382 υσι
1999 2330 2132 2396 ψυχην
2158 2338 2201 2380 λο
2185 2351 2329 2398 ογικην·
2356 2354 2382 2382 η
2404 2330 2520 2400 χάρις

1413 2424 1488 2470 γαρ
1518 2427 1583 2453 και
1617 2403 1644 2455 ιῖ
1677 2400 1813 2471 φιλια,
1849 2406 1970 2468 ἀρετη
1999 2426 2067 2451 και
2101 2426 2242 2469 γνωσις
2266 2398 2392 2452 ἐστιν·
2419 2405 2453 2451 εἰ
2478 2401 2518 2452 δὲ

1416 2474 1562 2541 ἔλαφος
1597 2476 1638 2523 ἐκ
1669 2496 1741 2528 της
1775 2470 1977 2540 φιλίας,<
1961 2496 1978 2522 ο
2005 2477 2134 2529 πῶλος
2166 2475 2208 2522 ἐκ
2239 2494 2312 2523 των
2346 2494 2520 2565 χαριτων

1414 2548 1617 2610 γεννᾶται·
1652 2569 1676 2597 -η
1711 2539 1776 2593 οὐν
1808 2544 1960 2612 ἔλαφος
1994 2542 2081 2594 ἐστι
2108 2568 2182 2600 της
2213 2542 2388 2609 ἓεωριας
2414 2567 2519 2631 συμ-

1414 2618 1550 2677 βολον·
1586 2619 1604 2665 o‘
1639 2615 1682 2664 δὲ
1716 2619 1821 2667 πωλο
1805 2639 1868 2674 ς,
1904 2619 1971 2670 τῆς
2002 2612 2228 2675 ἀπαθειας·
2261 2637 2286 2666 η
2316 2611 2388 2678 μὲν
2421 2637 2519 2682 γαρ,

1417 2690 1457 2744 ἐξ
1487 2689 1650 2753 ἀρετῶν·
1685 2689 1709 2738 ἦ
1741 2685 1808 2743 δὲ..
1845 2688 1887 2734 ἐκ
1919 2690 1990 2741 τῆς
2022 2707 2198 2751 γνωσεως
2232 2684 2420 2750 γίνεσθαι
2446 2685 2522 2736 πέ-

1415 2777 1543 2824 ‹pune-J·
1547 2760 1671 2807 —‘H
1697 2755 1767 2819 μὲν
1794 2757 1978 2824 ἔλαφος’
1964 2779 2073 2806 εστιν
2105 2755 2267 2845 Θεωριας
2301 2754 2520 2820 σύμβολον,

1415 2829 1604 2892 σωμάτων
1636 2850 1701 2875 και
1733 2826 1956 2890 ἀσωματων
1988 2824 2053 2880 καὶ
2086 2849 2264 2891 γνωσεως
2291 2831 2393 2874 θεοῦ·
2427 2829 2452 2878 ἦ
2479 2826 2521 2875 δὲ

1415 2898 1562 2965 φιλια,
1597 2920 1672 2953 της
1703 2919 1800 2962 προς
1832 2896 1930 2945 θεον
1955 2920 2021 2945 και
2054 2919 2122 2950 τον
2155 2894 2320 2947 πλησιον
2346 2893 2518 2961 ἀγάπης·

1415 2969 1434 3016 ἆ
1470 2968 1513 3018 δὲ
1550 2965 1658 3020 πωλο
1664 2991 1680 3022 ς
1719 2972 1791 3022 τῆς
1828 2964 2063 3022 οἰωαὲειας
2100 2990 2164 3016 και
2199 2990 2224 3018 η
2262 2965 2333 3030 μὲν
2370 2965 2522 3032 θεωρία

1417 3061 1490 3094 της
1522 3061 1619 3106 προς
1658 3034 1755 3086 θεον
1791 3036 1969 3104 γνώσεως
1986 3076 2003 3123 ,'
2039 3040 2080 3094 ἐξ
2112 3039 2257 3104 ἀρετων
2296 3036 2416 3086 ειωὲτε
2453 3036 2522 3123 γί-

1416 3116 1560 3158 νεσθαι
1598 3112 1789 3173 ψυχικων·
1829 3132 1855 3161 η
1893 3106 1935 3157 δὲ
1975 3105 2143 3174 ἀγαπη,
2183 3110 2224 3156 ἐκ
2262 3111 2337 3164 τῆς
2377 3129 2518 3174 σοφιας

1415 3178 1608 3246 γινεσὲαι
1644 3178 1826 3246 πέφυκεν·
1866 3201 1890 3230 η
1927 3176 1967 3228 δὲ
2006 3178 2186 3230 ἀπάθεια
2209 3216 2221 3238 .,
2261 3181 2302 3227 ἐκ
2339 3199 2416 3227 των
2456 3199 2495 3226 το
2502 3202 2524 3226 υ

1417 3272 1598 3313 σωματος
1632 3251 1790 3316 ἀρετῶν·
1823 3271 2003 3316 παραινει
2037 3247 2080 3298 δὲ
2117 3250 2226 3311 ἡμᾶς
2260 3271 2353 3304 ταις
2388 3246 2521 3298 τοιαύ-

1417 3344 1505 3376 ταις
1538 3320 1695 3405 χάρισιν
1733 3318 1796 3368 ἀει
1830 3342 1949 3386 προσο
1951 3325 2097 3382 μιὶειν·
2131 3320 2150 3368 ὅ
2185 3317 2227 3368 δὲ
2262 3341 2373 3369 τουτο
2378 3342 2412 3374 ις
2447 3321 2520 3383 ἐμ·-

1417 3397 1500 3458 φιλ
1485 3414 1660 3458 οχωρων,
1688 3393 1731 3439 οὐ
1763 3411 1876 3453 μονον
1910 3413 1964 3454 τῳ
1994 3396 2120 3454 3εῷ
2110 3387 2414 3456 τορσομιλησει,
2443 3390 2521 3438 ἀλ-

1418 3461 1472 3510 λα
1518 3484 1581 3509 και
1626 3483 1797 3515 συνοικος
1836 3482 2004 3525 γενησετ
2011 3484 2050 3508 αι
2093 3458 2394 3524 αὐτρ)·’-Ιόια
2448 3463 2520 3514 τῆς

1417 3534 1571 3594 λογικῆς
1603 3553 1754 3596 φυσεως
1794 3529 1902 3579 ἐστιν
1933 3534 1958 3583 ’ὁ
1991 3529 2143 3596 ἀρετ-η,
2180 3534 2204 3581 ἦ
2243 3553 2302 3584 τις
2339 3533 2519 3579 καλειται

1416 3600 1564 3668 φιλια,
1596 3619 1665 3649 και
1699 3599 1966 3667 σνμφιλιοῖζει
1983 3605 2039 3664 τῷ
2067 3604 2153 3665 3εῷ
2187 3601 2276 3655 τοὺς
2316 3597 2520 3661 ἑπομένους

1415 3673 1517 3735 αὐτῇ
1553 3668 1618 3718 ὂια
1654 3674 1720 3725 τῆς
1756 3668 1931 3736 γνώσεως
1970 3675 2036 3721 τοῧ
2072 3675 2184 3720 θεοῦ.
2190 3674 2328 3719 -Ἐν
2359 3691 2440 3734 γαρ
2473 3690 2521 3733 τῃ

1417 3744 1490 3795 τῆς
1523 3742 1665 3807 ἀρετῆς
1700 3740 1809 3808 φιλιᾳ
1839 3764 1908 3790 και
1943 3745 1991 3807 τῇ
2023 3745 2092 3797 τῆς
2126 3764 2328 3807 γνωσεως,
2364 3742 2382 3787 0‘
2416 3761 2519 3799 συμ-

1418 3809 1704 3879 περιφερόμενο
1687 3849 1703 3866 3
1737 3835 1785 3863 πο
1770 3809 1958 3867 >herig
1993 3814 2075 3863 ἐστι
2109 3835 2185 3863 των
2218 3814 2290 3878 ὅπερ
2277 3817 2336 3859 J.:
2341 3807 2499 3871 υμὲνων.

2394 3919 2415 3951 2

2552 999 2580 1019 v.
2605 995 2646 1020 18.

2551 1027 2620 1056 cod.
2639 1026 2659 1054 s.
2680 1030 2723 1055 27.
2744 1034 2770 1054 a.

2567 2214 2678 2243 ‘Proin
2705 2214 2771 2242 Vll.
2799 2218 2826 2242 4.

2564 2271 2593 2292 v.
2611 2268 2652 2292 19.

2565 2299 2637 2328 cod.
2656 2298 2677 2327 s.
2698 2302 2741 2327 27.
2763 2297 2792 2325 h.
