2996 4432
1017 245 1186 278 com-as
1222 242 1463 276 invasum-:s
1496 243 1591 276 mc.
1631 246 1719 277 ua.
1759 245 1810 277 11.
2494 233 2556 280 99

277 339 436 394 mittit,
472 342 515 381 et
546 338 623 394 qui
652 324 783 380 habet
812 336 1035 390 peccatum
1066 332 1291 388 proprium
1307 361 1321 386 ,
1353 334 1398 373 et
1426 331 1503 386 qui
1537 321 1728 387 sequitur
1748 331 1947 374 alienum.
1978 331 2029 374 In
2056 343 2221 375 cassum
2252 332 2418 382 animus
2448 335 2558 377 resi-

278 408 631 466 stitcupiditati,
661 408 698 451 si
733 418 821 449 non
855 400 1013 448 resistit
1043 408 1087 447 et
1115 403 1278 446 timori.
1302 422 1320 440 »
1352 402 1552 446 Nicolaus
1584 403 1752 456 minor,
1787 403 1901 446 inter
1935 407 2091 446 cetera.
2133 423 2150 440 «
2169 406 2278 459 Erga
2304 405 2558 449 simoniacos

279 480 395 523 nulia
422 477 714 524 misericordia
746 478 794 520 in
823 476 1033 532 dignitate
1071 471 1278 518 servetur.
1304 493 1321 511 »ι
1357 473 1590 528 Gregorius
1618 474 1909 517 nazianzenus.
1953 491 1972 508 «ι
1996 475 2079 528 Qui
2111 474 2275 518 donum
2305 477 2384 518 Dei
2416 479 2555 533 pretio

279 555 492 594 mercatur
506 581 519 603 ‚
548 551 594 593 in
623 560 746 592 sacro
781 547 933 591 ordine
967 546 1085 590 nulla
1117 547 1283 590 ratione
1309 557 1478 588 manere
1510 548 1672 600 potest.
1699 564 1715 580 »

400 624 473 665 20.
506 622 558 664 In
582 620 694 664 libro
721 619 871 675 legum
897 619 1164 663 novellarum
1182 618 1325 674 primo
1342 648 1355 672 ,
1377 616 1682 660 constitutione
1712 616 1851 671 ·VI1·,
1871 617 1998 660 titulo
2024 618 2167 661 ·XXV·
2202 618 2278 660 «Si
2305 620 2399 673 quis
2428 632 2559 675 pecu-

277 695 393 736 niam
424 691 618 746 dederit,
651 704 792 748 eoque
825 690 956 734 modo
989 694 1157 733 creatus
1187 690 1413 746 episcopus
1435 688 1593 740 fuerit,
1622 699 1712 729 non
1743 687 1881 730 solum
1912 687 2004 743 ipse
2033 687 2108 731 sed
2139 690 2268 731 etiam
2303 691 2378 744 qui
2406 703 2558 733 conse-

277 765 412 807 oravit
439 775 537 806 eum
551 793 566 819 ,
602 763 714 806 inter
740 763 968 818 episcopos
993 774 1084 804 non
1115 761 1224 815 erit3
1257 759 1333 804 sed
1356 760 1535 818 pecunia
1555 759 1625 801 vel
1651 771 1718 802 res
1741 758 1863 802 datae
1885 761 2218 804 consecrationis
2239 775 2385 816 causa,
2410 776 2558 806 sacro-

275 835 431 878 sanctis
455 834 642 878 eeclesiis
663 833 919 877 addicantur
934 866 947 887 ,
974 834 1063 876 sive
1097 833 1323 889 episcopus
1344 819 1434 874 sive
1464 830 1643 887 clericus
1672 835 1736 873 est
1759 830 1837 886 qui
1860 830 2005 874 dedit:
2035 832 2072 874 is
2098 836 2239 875 autem
2265 834 2340 889 qui
2368 836 2556 889 accepit,

275 920 363 949 non
397 906 536 950 solum
567 919 635 949 res
667 907 859 959 amittat,
891 905 967 952 sed
991 906 1119 948 etiam
1150 903 1333 959 gradum
1360 906 1490 958 atque
1525 902 1737 945 honorem
1768 901 2004 944 clericatus.
2041 904 2238 945 Similiter
2269 908 2411 947 autem
2448 910 2491 959 et
2521 906 2559 948 si

278 978 412 1020 laicus
439 978 520 1032 sit,
544 979 620 1033 qui
644 978 872 1034 pecuniam
900 978 971 1020 vel
992 989 1060 1019 res
1082 977 1245 1032 accepit
1259 1006 1271 1029 ‚
1302 980 1345 1018 et
1371 975 1484 1030 ipsas
1504 974 1700 1028 amittat,
1725 977 1769 1016 et
1791 973 1907 1016 aliud
1933 978 2122 1028 tantum,
2145 980 2351 1030 quantum
2372 979 2558 1033 accepit,

275 1062 440 1104 poenae
469 1049 642 1092 nomine
674 1054 844 1092 sanetae
870 1048 1073 1092 eeclesiae
1097 1052 1310 1103 praestare
1339 1046 1637 1102 compellatur.
1673 1045 1752 1088 Sed
1778 1049 1821 1088 et
1846 1045 1884 1088 si
1910 1045 2204 1100 magistratum
2235 1052 2354 1101 gerat
2370 1079 2382 1101 ,
2408 1053 2450 1091 et
2470 1061 2560 1092 ma-

276 1122 479 1175 gistratus
510 1134 602 1164 esse
634 1121 798 1164 desinet
817 1152 830 1175 ,
861 1125 906 1163 et
938 1120 1064 1163 exilio
1099 1119 1367 1163 irrevocabili
1393 1116 1762 1161 condemnabitur.
1797 1117 1839 1159 Si
1867 1121 2009 1160 autem
2039 1117 2192 1172 aliquis
2223 1118 2453 1174 ,presbyter
2488 1120 2559 1163 vel

275 1193 482 1235 diaconus
514 1193 794 1246 constitutus,
819 1193 999 1248 pecunia
1031 1191 1150 1245 data,
1179 1190 1235 1234 ad
1263 1192 1534 1245 episcopatus
1561 1190 1724 1244 apicem
1757 1190 2021 1244 pervenerit,
2043 1201 2134 1232 non
2166 1190 2304 1232 solum
2334 1192 2559 1246 episeopus

275 1277 365 1306 esse
393 1264 585 1318 desinet,
620 1262 696 1306 sed
729 1263 856 1306 etiam
888 1263 1080 1318 priorem
1108 1262 1288 1318 gradum
1308 1261 1548 1316 presbyteri
1578 1260 1839 1303 velidiaconi
1867 1260 2050 1303 amittat.
2075 1278 2094 1296 ι
2123 1262 2232 1304 Item
2260 1275 2311 1304 ex
2336 1262 2450 1305 libro
2474 1276 2553 1305 eo-

274 1335 373 1377 dem
398 1335 510 1387 ·VI·‚
540 1347 636 1389 cap.
664 1335 949 1377 CCCCXXIX·
989 1335 1132 1376 «Ante
1165 1334 1308 1376 omnia
1333 1332 1442 1375 illud
1471 1331 1692 1374 observari
1723 1331 1935 1374 sancimus
1954 1365 1966 1386 ,
2001 1336 2050 1374 ut
2085 1345 2210 1376 nemo
2240 1333 2320 1376 sub
2358 1339 2557 1388 praesta-

273 1407 391 1448 tione
419 1407 511 1448 auri
538 1405 608 1448 vel
636 1405 806 1448 alterius
837 1406 931 1459 rei,
963 1409 1189 1461 episeopus
1219 1407 1507 1447 consecretur.
1543 1405 1598 1446 Et
1634 1408 1814 1459 propter
1839 1403 1925 1446 hoc
1944 1435 1957 1457 ,
1989 1405 2066 1459 qui
2096 1404 2169 1447 dat
2199 1410 2242 1447 et
2271 1406 2345 1460 qui
2376 1407 2558 1462 accipit,

275 1482 318 1519 et
344 1478 418 1532 qui
449 1473 661 1520 mediator
687 1477 825 1519 factus
855 1482 918 1520 est
935 1509 946 1530 ,
980 1477 1221 1520 sacerdotio
1253 1479 1297 1518 et
1328 1475 1582 1518 clericorum
1610 1475 1776 1518 honore
1815 1480 2113 1519 removeatur:
2161 1476 2282 1531 quod
2310 1481 2449 1520 autem
2479 1491 2559 1533 pro

274 1561 325 1590 ea
355 1561 480 1591 eausa
510 1547 657 1591 datum
685 1553 748 1591 est
778 1549 867 1602 illi,
902 1548 1103 1592 ecclesiae
1132 1547 1374 1590 vindicetur
1408 1548 1528 1589 euius
1558 1546 1846 1589 sacerdotium
1875 1547 2028 1590 voluit.
2051 1548 2092 1589 Si
2123 1553 2266 1591 autem
2293 1549 2427 1594 laicus
2450 1550 2556 1604 erit,

274 1621 350 1674 qui
378 1632 460 1675 pro
491 1619 574 1662 hac
604 1632 731 1662 eausa
760 1619 922 1677 aliquid
951 1621 1144 1675 accepit,
1176 1619 1246 1661 vel
1275 1618 1486 1660 mediator
1515 1617 1576 1659 rei
1607 1617 1744 1661 factus
1774 1623 1839 1660 est
1858 1649 1870 1671 ,
1905 1631 1954 1661 ea
1985 1631 2095 1674 quae
2126 1620 2225 1669 data
2254 1625 2379 1675 sunt,
2406 1623 2452 1663 in
2479 1622 2560 1665 du-

273 1692 394 1746 plum
425 1690 479 1733 ab
511 1704 563 1733 eo
595 1692 820 1745 exigantur
837 1691 1047 1740 ‚ecelesiae
1077 1689 1344 1733 vindicanda.
1378 1691 1475 1731 Non
1505 1689 1644 1731 solum
1675 1695 1816 1732 autem
1847 1703 1896 1732 ea
1925 1703 2036 1745 quae
2067 1690 2166 1735 data
2201 1696 2300 1733 sunt
2338 1693 2556 1737 vindicare

274 1763 587 1818 praecipimus,
620 1763 694 1806 sed
724 1775 895 1806 omnem
925 1763 1167 1806 cautionem
1195 1773 1326 1817 super
1355 1773 1629 1817 quocumque
1658 1760 1789 1802 modo
1821 1763 2058 1816 expositam
2075 1793 2086 1814 ‚
2121 1767 2164 1804 et
2193 1764 2423 1817 pignorum
2443 1765 2554 1808 obli-

276 1834 493 1888 gationem
512 1864 524 1886 ‚
556 1837 600 1875 et
631 1846 801 1876 omnem
830 1834 954 1876 aliam
986 1833 1343 1888 qualemcumque
1373 1834 1583 1875 actionem
1613 1845 1775 1875 cessare
1804 1834 2042 1887 sancimus3
2067 1839 2117 1877 ut
2146 1833 2218 1877 ille
2249 1836 2324 1890 qui
2356 1849 2433 1891 per
2454 1850 2558 1892 pro-

278 1905 520 1947 missionem
550 1906 711 1960 accepit
729 1936 742 1959 ,
774 1918 862 1948 non
901 1906 1042 1948 solum
1081 1906 1322 1948 cautionem
1356 1904 1564 1958 reddere,
1596 1903 1672 1946 sed
1701 1909 1743 1946 et
1781 1904 1896 1947 aliud
1935 1910 2099 1947 tantum
2121 1938 2133 1960 ‚
2174 1911 2381 1961 quantum
2417 1910 2556 1953 cautio

273 1976 494 2030 continet,
527 1981 707 2030 cogatur
736 1977 935 2019 eeclesiae
966 1976 1083 2019 dare.
1107 1996 1124 2012 »
1160 1978 1384 2019 Invaseres
1412 1980 1581 2029 autem,
1614 1976 1795 2017 maxime
1818 1976 1860 2018 hi
1883 1977 1957 2030 qui
1987 1977 2174 2031 propriis
2194 1977 2352 2020 relictis
2370 2009 2383 2031 ,
2415 1980 2558 2023 viven-

274 2050 382 2091 tium
412 2049 633 2092 cathedras
661 2049 870 2092 invadunt
885 2067 904 2103 ‚·
932 2050 1138 2104 quoniam
1167 2053 1242 2091 aut
1271 2049 1341 2090 vix
1372 2052 1446 2090 aut
1475 2060 1708 2102 numquam
1743 2047 1990 2089 huiusmodi
2023 2048 2184 2090 invasio
2225 2048 2387 2104 absque
2424 2051 2556 2094 simo-

275 2107 393 2163 niaca
431 2120 689 2163 mercatione
726 2121 938 2175 contingit
957 2154 968 2175 ,
1013 2121 1345 2163 simoniacorum
1377 2119 1634 2174 paenitentia
1669 2117 1879 2170 multandi
1917 2123 2050 2180 sunt,
2079 2121 2283 2174 quoniam
2301 2154 2313 2175 ,
2351 2125 2401 2163 ut
2435 2135 2562 2177 supra

275 2192 435 2234 dictum
459 2197 524 2234 est
546 2205 571 2235 a
593 2193 808 2248 Cypriano
823 2223 836 2246 ,
862 2192 1063 2235 haeretici
1085 2197 1127 2235 et
1147 2191 1401 2234 schismatici
1423 2194 1522 2232 sunt
1541 2191 1656 2232 iuxta
1673 2190 1939 2244 apostolum,
1960 2194 2002 2232 et
2023 2191 2103 2232 nisi
2126 2190 2253 2246 digne
2276 2193 2556 2246 satisfaciant,

273 2263 351 2305 Dei
381 2275 562 2318 regnum
591 2275 681 2306 non
711 2262 1020 2319 possidebunt,
1053 2264 1253 2319 quoniam
1284 2263 1440 2305 alienas
1470 2275 1647 2317 sponsas
1677 2262 1852 2317 rapiunt
1870 2266 1913 2304 et
1935 2266 2199 2317 stuprantur.
2234 2265 2297 2306 De
2327 2265 2396 2308 his
2425 2278 2555 2318 vero,

273 2335 430 2391 quihus
459 2340 524 2378 est
552 2348 629 2378 cor
659 2336 967 2391 impaenitens,
999 2336 1160 2378 scilicet
1188 2339 1238 2377 ut
1267 2336 1327 2377 ait
1355 2335 1618 2389 Augustinus
1647 2333 1912 2388 blasphemia
1941 2335 1986 2375 in
2014 2335 2218 2388 Spiritum
2254 2341 2447 2379 sanctum
2465 2371 2477 2392 ‚
2511 2338 2555 2381 id

272 2405 542 2454 sentiendum
573 2410 637 2449 est
668 2405 788 2461 quod
824 2406 974 2448 scribit
1010 2405 1126 2448 idem
1157 2405 1479 2461 ad-quemdam
1518 2407 1710 2447 Petrum.
1750 2423 1767 2440 α
1790 2405 2046 2448 Firmissime
2084 2410 2211 2458 tene,
2244 2411 2288 2448 et
2318 2408 2558 2452 nullatenus

272 2479 467 2532 dubites,
501 2490 672 2520 omnem
701 2478 962 2520 haereticum
991 2482 1035 2520 et
1064 2478 1403 2533 schismaticum,
1438 2477 1631 2533 quamvis
1664 2477 1817 2518 multas
1847 2477 2136 2532 eleemosynas
2158 2478 2312 2532 faeiat,
2342 2480 2411 2522 vel
2431 2482 2557 2524 etiam

274 2563 355 2604 pro
385 2550 556 2592 Christo
586 2551 832 2604 sanguinem
861 2549 1036 2603 fundat,
1061 2562 1160 2592 cum
1190 2549 1364 2591 diabolo
1389 2553 1432 2591 et
1461 2548 1622 2602 angelis
1653 2548 1743 2590 eius
1774 2552 1944 2590 aeterno
1974 2549 2064 2603 igni
2094 2550 2419 2605 mancipandum
2437 2582 2451 2605 ,
2477 2553 2555 2595 nisi

273 2626 372 2665 ante
401 2620 531 2664 finem
560 2622 672 2667 vitae
701 2622 827 2664 huius
845 2653 858 2675 ,
892 2621 1124 2664 catholicae
1154 2621 1458 2676 incorporetur
1488 2625 1531 2662 et
1561 2620 1875 2674 redintegretur
1905 2620 2149 2663 ecclesiae.»

396 2695 469 2735 21.
503 2694 718 2735 Hactenus
749 2697 899 2734 contra
929 2705 1004 2738 eos
1032 2693 1108 2747 qui
1137 2692 1286 2735 dicunt
1314 2691 1567 2746 pontificum
1598 2691 1884 2734 ordinationes
1907 2692 2048 2746 regiae
2078 2694 2277 2747 potestati
2307 2692 2550 2749 subiacere,

272 2770 315 2808 et
343 2769 492 2807 contra
522 2764 883 2817 simoniacorum,
918 2768 961 2805 et
990 2764 1261 2815 invasorum,
1295 2767 1338 2804 et
1369 2762 1550 2804 aliorum
1589 2761 1955 2804 schismaticorum
1995 2762 2279 2805 sacerdotium
2310 2768 2353 2806 et
2390 2767 2552 2808 sacrifi·

272 2838 414 2890 cium,
448 2835 550 2877 satis
582 2834 767 2877 dietum.¹
794 2835 917 2876 Nune
948 2833 1002 2876 de
1031 2834 1160 2875 tertio
1197 2834 1387 2888 capitulo
1407 2864 1421 2886 ,
1451 2833 1496 2875 id
1527 2837 1592 2875 est
1621 2833 1805 2888 qualiter
1833 2846 1859 2875 a
1887 2833 2005 2876 laicis
2035 2834 2220 2877 habendi
2251 2841 2349 2878 sunt
2379 2837 2518 2880 clerici
2536 2869 2547 2890 ,

274 2908 508 2950 videamus.
543 2905 855 2961 Sexquipartita
875 2906 1017 2960 itaque
1048 2905 1132 2947 hoe
1163 2905 1396 2960 capitulum
1426 2904 1616 2946 sectione
1647 2904 1910 2956 dividamus,
1936 2910 2144 2960 quatenus
2163 2903 2430 2950 commodius
2446 2909 2552 2953 illud

274 2991 351 3034 per
373 2983 440 3020 tot
460 2981 628 3032 partes,
654 2978 746 3018 Deo
778 2980 1042 3031 praestante,
1065 2980 1307 3018 tractemus.
1331 2977 1437 3018 Nam
1467 2976 1612 3018 divina
1640 2976 1708 3017 lex
1738 2976 1947 3030 praecipit
1975 2976 2211 3019 christianis
2241 2979 2548 3034 saecularibus,

271 3049 516 3092 sacerdotes
545 3053 588 3090 et
617 3047 917 3102 reliquos⁴·Dei
946 3047 1161 3091 ministros
1194 3059 1364 3102 pascere
1395 3051 1523 3102 atque
1554 3047 1791 3098 honorare,
1823 3047 1968 3101 eisque
2005 3047 2206 3102 obedire3
2238 3050 2549 3094 interminando

274 3134 327 3163 ne
358 3121 455 3175 quis
485 3119 734 3161 eorumdem
764 3122 1006 3174 praesumat
1035 3118 1204 3160 eosdem
1235 3118 1303 3160 vel
1332 3118 1560 3172 infamare,
1595 3119 1662 3160 vel
1693 3119 1911 3173 persequi,
1946 3118 2012 3160 vel
2040 3118 2241 3162 iudicare.
2274 3121 2425 3176 Itaque
2455 3123 2548 3177 pri-

274 3205 391 3234 mum
422 3191 474 3234 de
504 3192 643 3246 prima
672 3195 794 3246 parte
825 3190 1058 3233 videamus.
2502 3181 2504 3184 ⁵

1031 3308 1314 3351 LIBER
1372 3309 1787 3350 TERTIUS.

1237 3428 1381 3459 Pluma
1411 3428 1564 3459 SECTIO
1571 3449 1581 3459 .

396 3559 437 3600 1.
462 3519 668 3625 Κζῆρςς
698 3570 848 3614 graece
869 3589 881 3612 ,
914 3558 1043 3602 iatine
1072 3570 1191 3612 sors,
1224 3558 1313 3601 sive
1336 3570 1436 3615 pars
1452 3589 1464 3612 ‚
1486 3558 1555 3601 vel
1584 3558 1796 3602 hereditas
1818 3559 1988 3602 dicitur.
2013 3559 2119 3603 Inde
2139 3560 2239 3602 dicti
2262 3563 2360 3602 sunt
2382 3559 2542 3611 elerici,

273 3630 376 3685 quia
406 3629 577 3671 Domini
606 3633 744 3672 sortes
774 3633 874 3672 sunt
889 3660 903 3684 ‚
925 3629 996 3672 vel
1017 3630 1120 3685 quia
1149 3630 1321 3672 Domini
1350 3634 1517 3685 partem
1537 3629 1724 3684 habent,
1750 3630 1915 3674 dicente
1935 3633 2027 3674 Deo
2050 3632 2092 3673 in
2113 3632 2224 3674 libro
2247 3642 2540 3672 numerorum:

218 3698 225 3699 7
271 3716 343 3755 eqo
374 3704 450 3743 tuli
480 3703 619 3742 levitas
648 3715 674 3743 a
692 3703 797 3754 filiis
827 3701 988 3743 Israhel
1013 3715 1089 3755 pro
1120 3705 1226 3743 omni
1253 3705 1515 3755 primoqenito
1545 3705 1616 3755 qui
1645 3705 1777 3755 aperit
1805 3704 1966 3744 vulvam
1995 3707 2038 3744 in
2055 3705 2163 3756 filiis
2192 3703 2349 3743 Israhel
2354 3717 2372 3753 ;
2410 3707 2546 3743 erunt-

271 3787 348 3826 que
378 3775 456 3813 mei
486 3766 663 3823 levitae,-
694 3785 782 3821 mea
811 3773 917 3814 enim
944 3777 1036 3814 sunt
1065 3776 1198 3814 omnia
1221 3774 1506 3826 primoqenita.
1540 3773 1647 3815 Item
1675 3773 1720 3814 in
1750 3771 1928 3816 eodem:
1964 3787 2035 3827 eqo
2058 3786 2159 3827 pars
2188 3777 2226 3813 et
2254 3772 2452 3812 hereditas
2481 3786 2544 3813 eo-

273 3856 378 3887 rum.
412 3843 528 3886 Sicut
559 3838 702 3886 autem
733 3842 948 3899 quondam
978 3842 1130 3886 levitae
1160 3843 1205 3886 in
1235 3843 1512 3887 tabernaculo
1533 3874 1546 3898 ,
1577 3844 1638 3887 ita
1669 3843 1799 3888 modo
1830 3844 1974 3888 clerici
2004 3844 2192 3887 serviunt
2223 3843 2313 3885 Deo
2345 3842 2388 3884 in
2413 3842 2547 3886 eecle-

2369 3917 2388 3935 ‘n

2598 1846 2666 1875 cod.
2686 1845 2707 1874 1.
2731 1850 2791 1876 ΗΟ.
