2944 4426
296 566 380 591 v.18.

150 598 221 628 cod.
240 598 263 627 s.
284 602 327 627 79.
349 597 379 626 Ι).

283 1419 314 1441 v.
333 1415 379 1441 21.

150 1449 220 1478 cod.
242 1448 263 1478 f.
284 1453 329 1477 80.
349 1455 378 1476 a

299 2139 375 2164 v.4.

163 2171 376 2201 cod.l'80..a

103 3074 125 3101 1.
146 3073 221 3108 neg.
236 3072 318 3101 xv1.
338 3075 379 3101 14.

175 3353 384 3385 ·P2.C111.7.

104 3478 249 3543 ἶοΜθῙὶΙι.
275 3478 386 3508 xvm.

109 3710 388 3740 ‘Gen.XLV111.1e.

427 250 491 295 28
1458 260 1658 292 onmems

425 352 488 396 νοῧ
536 343 612 412 γαρ
658 343 839 412 καθέδρα
889 341 1001 394 ἐστιν
1047 345 1127 401 ἕξις
1168 342 1344 411 ἀρίστη,
1386 344 1522 395 δυσκι-

424 439 535 469 νητον
585 440 609 468 η
655 413 831 468 ἀκινητον
882 418 1062 482 διατηρο
1043 439 1120 466 υσοι
1177 414 1243 466 τᾶν
1297 414 1523 480 καθεζέμε-

425 508 502 536 νον.

482 559 648 607 ’Ἂνοιαν
681 555 800 607 ωαύει
831 562 985 623 γνῶσις·
1019 559 1120 609 αὕτη
1145 557 1221 623 γάρ
1252 559 1356 608 ἔστιν
1383 556 1401 606 6
1425 560 1523 610 7.λῆ-

420 651 485 695 ρος
523 651 592 683 της
626 650 775 695 φνσεως
814 632 884 683 τῆς
922 631 1089 694 λογικῆς·
1127 649 1191 676 και
1230 631 1268 678 ἐν
1305 625 1523 682 δυνάσταις

420 697 537 766 ορῖζει
567 697 758 765 γίνεσθαι
793 723 851 759 τι,
884 722 951 747 και
981 720 1062 749 ποις
1066 703 1148 748 ῧσι·
1186 702 1242 762 τῷ
1275 696 1350 765 γὰρ
1382 701 1522 763 γνῶσιν

421 771 552 835 ἔχοντι
588 767 740 830 θείαν,
779 768 979 835 κλινονται
1023 767 1188 823 πάντες·
1227 766 1252 820 ἦ
1297 765 1522 833 ἀντιλογίας

421 834 602 893 ἐνταῦθα
636 863 725 896 τους
759 843 800 890 ἐκ
834 845 907 891 τῶν
939 837 1132 903 δαιμόνων
1163 841 1262 887 καθ
1286 837 1395 900 ἦμων
1421 839 1523 902 ἐγει-

416 910 599 979 ρομένους
631 910 814 977 λογισμε
796 935 840 967 υς
873 933 968 979 φησι
988 949 1002 970 .,
1037 932 1125 966 τους
1163 913 1216 974 τῇ
1253 910 1371 974 ἀρετῇ
1409 911 1522 959 ἀντι-

418 983 573 1038 πάλους
595 1022 607 1043 ,
639 1006 704 1032 και
739 986 807 1032 τοῦ
841 985 942 1030 θεοῦ
977 979 1143 1046 χωρίσαι
1180 980 1284 1043 τιμᾶς
1322 977 1522 1028 σωεύδον-

420 1074 506 1109 τας·
542 1076 656 1105 παυει
690 1050 732 1101 δε
766 1075 916 1106 ταυτας
953 1053 1014 1119 ἀφ’
1044 1051 1151 1113 ἡμων
1183 1049 1201 1098 ὃ
1235 1053 1309 1103 τῆς
1346 1047 1520 1114 γνώσεως

375 1153 386 1161 »
417 1128 587 1191 κλῖἤρος,
620 1147 685 1172 και
721 1146 807 1178 τους
838 1118 1036 1176 ὃνναστας
1072 1117 1259 1183 ὂαιμονοις
1285 1116 1398 1186 ἕριζει
1423 1122 1522 1168 ἀνα-

419 1216 594 1262 χωρειν,
634 1195 684 1249 ὡς
727 1190 1013 1258 κεκληρωμένος
1061 1213 1116 1239 τω
1150 1188 1270 1254 θεῳ,
1322 1192 1362 1246 ἐξ
1399 1193 1521 1239 αὐτοῦ

409 1264 463 1322 ,τὲ
493 1288 558 1314 και
590 1264 724 1313 ἄλλων
757 1265 804 1319 ὡς
833 1260 955 1312 &stow
986 1282 1127 1327 γνωσιν
1160 1260 1278 1324 ἔχων.

478 1407 541 1456 'H
568 1426 638 1459 την
662 1402 798 1469 ψυχην
824 1402 952 1470 λεγει,
980 1408 1082 1460 ζωῆς
1105 1426 1172 1452 και
1199 1401 1368 1453 θανάτου
1392 1408 1483 1454 δεκτ
1488 1428 1519 1452 ι-

421 1500 524 1538 κην,
546 1477 642 1565 xmo'cqs
653 1473 705 1524 ὡν
739 1472 782 1524 τὸ
819 1472 1068 1531 αυτεξονσιον
1106 1471 1301 1524 ὂεικνυται
1339 1479 1414 1525 τῶν
1450 1498 1519 1524 νυν

420 1570 463 1599 τε
494 1572 559 1598 και
591 1551 664 1599 τῶν
697 1545 924 1610 μελλόντων
956 1568 1045 1601 τους
1076 1544 1245 1609 καρποὺς
1269 1548 1409 1601 αὐτῆς
1418 1549 1519 1598 οἷπο-

420 1622 565 1670 λανσαι
597 1621 730 1667 καλῶν
767 1615 809 1667 τὲ
841 1638 1028 1668 ηκοικων.

477 1687 556 1745 03
586 1690 671 1755 εὕρε
704 1709 846 1755 σοφιαν
880 1686 1038 1752 ἀγαθὴν
1060 1726 1072 1748 ,
1107 1683 1189 1754 εὗρε
1222 1708 1393 1754 χαριτας
1418 1691 1518 1736 θεοῦ·

417 1763 541 1810 -Ο
571 1782 753 1823 κατεχων
783 1779 927 1806 κακιοιν
949 1793 963 1817 ,
996 1758 1125 1827 ἄφρων
1156 1781 1223 1807 και
1243 1755 1404 1819 ἀσεβης
1426 1798 1439 1818 ‚
1473 1756 1537 1815 ὧς

416 1828 619 1899 ἐφευρετης
653 1834 779 1886 afar-713
811 1826 1014 1888 διάβολος.

1340 1967 1560 2011 vCAP.

422 2096 629 2182 Πὶοῧτο
615 2151 653 2184 3
684 2149 862 2195 γνωσεως
893 2150 959 2177 και
994 2149 1135 2194 σοφιας
1167 2124 1397 2193 προς-ιθησιν
1428 2127 1521 2189 ἧμιν

421 2197 624 2287 ἀγγελους
644 2197 788 2249 nand
750 2219 826 2253 v3·
860 2197 878 2247 ὃ
913 2196 954 2247 δὲ
993 2196 1201 2282 ἀκάὲαΝρτό
1185 2220 1254 2255 ς,
1290 2220 1331 2246 ον
1368 2195 1522 2249 πένητα

420 2295 532 2339 φησι,
558 2293 625 2319 και
649 2267 731 2319 ἀπο
754 2274 821 2318 τοῦ
846 2268 1019 2324 δοθέντος
1044 2269 1153 2332 αὐτῷ
1176 2269 1215 2315 ἐκ
1241 2265 1377 2324 παιδος
1402 2265 1523 2333 ἀγγέ-

420 2349 488 2393 λου
511 2340 739 2408 χωριζεται·
767 2340 791 2392 -ἦ
817 2338 892 2406 γὰρ
911 2336 1157 2402 πνευματικιῖ
1176 2338 1301 2405 φιλια,
1323 2341 1441 2404 ἀρετ-η
1460 2339 1521 2393 ἐςι

419 2437 487 2462 και
517 2434 658 2478 γνωσις
686 2414 796 2468 θεοῦ,
818 2411 866 2458 δι’
885 2407 936 2460 ὡν
956 2407 1280 2471 συναπτὲμεθα
1269 2406 1365 2474 πρὸς
1391 2406 1521 2477 φιλιαν

422 2506 510 2539 ταις
540 2505 670 2548 αγιαις
703 2480 924 2543 ὂυναμεσιν·
963 2503 992 2528 ει
1020 2501 1064 2546 γε
1088 2503 1120 2528 οι
1147 2483 1426 2541 μετανοοῦντες
1451 2478 1523 2527 ἁν-

421 2562 576 2620 Θρωποι,
604 2557 733 2618 χαρᾶς
754 2573 873 2601 αιτιοι
896 2551 1068 2617 γίνονται
1095 2573 1178 2604 τοις
1202 2548 1398 2615 ἀγγέλοις
1425 2551 1534 2613 οὕτω

419 2647 487 2674 και
513 2626 533 2675 ὅ
560 2621 690 2688 σωτῆρ
714 2621 848 2690 φίλους
872 2626 1006 2682 καλει,
1028 2620 1113 2676 τοὺς
1133 2617 1224 2669 δουλ
1229 2643 1291 2676 ους
1312 2618 1430 2680 ποτὲ,
1454 2643 1525 2675 της

421 2695 593 2759 μειζονος
631 2696 753 2743 αυτοῦ
797 2691 967 2758 θεωριας
993 2660 1272 2779 :uaragcoowf
1321 2694 1419 2741 οὕτω
1457 2714 1523 2739 και

421 2765 611 2834 Ἀβραὰμ
631 2761 884 2818 πλουτισας’
872 2785 910 2812 εν
930 2784 1092 2829 γνωσει,
1117 2784 1188 2814 την
1213 2784 1407 2824 μυστικην
1427 2759 1525 2811 ἐκει-

421 2856 487 2889 νην
519 2833 780 2919 παρατιὲησι
803 2832 1001 2900 τράπεζαν
1034 2837 1112 2888 τοῖς
1143 2854 1251 2880 κατα
1282 2855 1355 2885 την
1380 2855 1525 2896 μεσεμ-

421 2906 553 2974 βριαν’
564 2929 715 2975 φανεισι
741 2903 827 2973 φιλο
831 2929 866 2960 ις
892 2907 1026 2953 αὐτοῦ·
1054 2900 1184 2952 Σαουλ
1208 2899 1250 2951 δὲ
1274 2926 1340 2951 και
1360 2902 1436 2954 ἀπὸ
1461 2926 1500 2953 τε
1504 2908 1527 2951 ῧ

422 2976 672 3064 υπάρχοντος
702 2974 787 3043 φιλο
790 2998 811 3024 υ
842 2974 909 3024 δια
940 2996 1008 3026 την
1040 2970 1182 3022 κακίαν
1207 2970 1435 3041 χωριζεται·
1461 2973 1527 3039 γέ-

422 3071 600 3116 γραπται
623 3046 741 3115 γάρ’·
763 3070 829 3095 και
853 3043 982 3101 ἀπέςη
1007 3066 1163 3131 πνευμα
1186 3066 1316 3109 κυριου
1341 3043 1417 3094 ἀπὸ
1446 3053 1527 3093 Σα-

426 3118 504 3167 ούλ·
539 3142 604 3168 και
637 3123 792 3180 πνεῦμα
818 3114 980 3183 πονηρόν
1005 3137 1115 3181 παρα
1142 3137 1270 3203 κυριου
1296 3115 1425 3181 ἔπνιγε
1458 3115 1526 3164 τον

426 3187 571 3238 Σαουὶ·
608 3211 671 3238 και
706 3191 862 3250 πνεῦμα
893 3209 997 3253 κυρι,
982 3209 1022 3234 ου
1055 3183 1177 3250 λέγων
1203 3182 1272 3234 τὲν
1297 3186 1480 3251 ἄγγελον·
1509 3190 1527 3234 6

428 3281 565 3318 ποιων,
579 3258 685 3347 γάρ,
706 3280 814 3325 φησι,
838 3280 924 3311 τους
943 3253 1132 3322 ἀγγελους
1158 3278 1281 3305 αυτου
1300 3255 1527 3318 πνεύματα,

427 3353 494 3378 και
527 3353 617 3384 τους
651 3325 894 3394 λειτουργους
925 3329 1046 3377 αὐτοῦ
1068 3329 1144 3389 πῧρ
1167 3323 1305 3393 φλεγον
1332 3329 1373 3354 *·
1400 3329 1460 3375 ὅτι
1487 3329 1529 3374 δὲ

430 3400 593 3466 αγγελοι
619 3422 708 3454 τους
733 3396 965 3482 ἀνθρωπους
991 3394 1326 3460 ἐμπεπιςευνται,
1354 3394 1528 3446 διδάσκει

433 3473 471 3519 ἐν
498 3493 580 3524 τοις
605 3466 805 3535 εὐαγγελιο
809 3492 843 3523 ις
868 3471 886 3517 o‘
911 3487 1047 3534 κυριος·
1074 3467 1217 3533 Spin-e,
1253 3465 1423 3532 λέγων*
1427 3507 1439 3524 3
1474 3490 1529 3530 μη

431 3543 702 3609 καταφρονῆτε
724 3538 806 3593 ἑνὸς
827 3542 901 3587 τῶν
921 3543 1060 3604 μικρῶν
1081 3559 1122 3587 το
1127 3535 1249 3596 v'tmv,
1273 3560 1332 3587 οτι
1357 3538 1390 3586 οἶ
1411 3559 1531 3603 αγγε-

433 3618 490 3661 λοι
523 3615 652 3662 αὐτων
684 3607 748 3659 δια
780 3606 930 3663 παντὸς
955 3606 1026 3668 βλ’
1012 3630 1076 3658 επο
1079 3632 1144 3657 υσι
1169 3607 1212 3657 τὸ
1237 3606 1439 3675 πρόσωπον
1466 3612 1531 3658 τοῦ

433 3705 617 3750 σατρος
612 3702 682 3733 μου
704 3703 771 3729 του
790 3682 828 3726 ἐν
849 3699 976 3744 cupa-³:
975 3683 1036 3734 ’ἶς’
1057 3701 1124 3727 και
1152 3676 1311 3729 ποιλινς
1293 3701 1311 3726 ο
1332 3677 1487 3738 Ἰακὼβ·
1512 3680 1531 3726 6

434 3751 610 3819 ἁγγὲὶθς
631 3774 732 3802 UOD..
718 3774 735 3788 '⁸
754 3746 938 3816 ῥυθμὶνθς
960 3771 1008 3812 με
1027 3746 1105 3798 o'eTto
1123 3748 1276 3800 πάντων
1298 3770 1372 3800 των
1391 3770 1532 3797 naman).

1594 352 1872 403 potestatum.
1905 349 2056 393 Mentis
2086 349 2199 391 enim
2231 348 2431 392 cathedra
2461 354 2551 405 est,
2575 352 2690 406 opti-

1594 432 1663 462 ma
1693 421 1956 464 consuetudo
1998 434 2107 476 quae
2136 421 2306 463 firmum
2345 421 2690 479 immobilemque

1593 495 1709 534 tenet
1738 493 1949 535 sedentem
1980 494 2026 536 in
2055 494 2140 536 illa.
2175 492 2177 494 ’

1651 565 1889 606 Amentiam
1912 565 2119 619 extinguit
2139 565 2340 618 scient-ia;
2363 564 2470 607 haec
2491 565 2603 607 enim
2626 570 2690 608 est

1593 635 1812 677 rationalis
1842 640 2017 679 naturae
2049 635 2142 678 dos.
2177 637 2273 691 Ipsa
2304 636 2493 691 dynastis
2514 649 2688 693 quoque

1594 703 1742 746 definit
1784 705 1888 759 quid
1929 710 2085 760 agant3
2128 711 2170 749 et
2210 707 2255 748 hi
2290 708 2465 750 faciunt.
2505 709 2610 751 Nam
2650 708 2690 750 ei

1593 774 1668 828 qui
1682 773 1863 817 divinam
1881 775 2098 818 scientiam
2114 776 2242 819 habet
2256 808 2267 830 ,
2289 779 2431 820 cuncti
2445 778 2690 834 obsequun-

1592 848 1679 886 tur.
1713 844 1791 887 Vel
1822 845 2181 889 contradictiones
2210 847 2295 890 hoc
2323 849 2421 891 loco
2453 848 2556 892 dicit
2585 861 2691 892 con-

1592 914 1742 957 citatas
1771 914 1970 958 adversus
2000 929 2079 958 nos
2109 930 2134 959 a
2163 917 2440 961 daemonibus
2463 920 2689 974 cogitatio-

1592 997 1684 1038 nes,
1721 986 1890 1029 virtutis
1918 988 2108 1030 inimicas
2121 1020 2133 1042 ‚
2154 1000 2319 1043 nosque
2338 1001 2362 1031 a
2383 989 2474 1032 Deo
2498 1003 2690 1046 separare

1591 1060 1836 1111 satagentes.
1870 1059 1957 1100 Has
1987 1071 2088 1101 vero
2109 1059 2152 1100 in
2175 1058 2299 1102 nobis
2323 1060 2530 1115 extinguit
2551 1061 2692 1104 scien-

1591 1128 1674 1169 tiae
1700 1128 1803 1181 dos,
1837 1128 2120 1185 dynastasque
2140 1130 2365 1173 daemones
2381 1131 2527 1186 fugere
2546 1132 2690 1187 iubet3

1591 1203 1807 1254 tamquam
1836 1201 1926 1242 Deo
1949 1200 2108 1243 addicti
2139 1201 2294 1255 simus,
2331 1201 2385 1244 ab
2417 1214 2553 1257 eoque
2583 1202 2690 1246 alia-

1590 1282 1687 1312 rum
1719 1282 1893 1325 quoque
1932 1284 2074 1314 rerum
2106 1270 2325 1315 scientiam
2356 1274 2475 1328 quasi
2507 1269 2690 1317 divinam

1591 1342 1839 1385 habeamus.

1650 1413 1727 1457 Vel
1757 1415 1941 1457 animam
1972 1415 2104 1469 dicit,
2143 1416 2254 1458 vitae
2288 1416 2521 1471 mortisque
2561 1429 2690 1473 capa·

1591 1496 1683 1526 cem
1699 1517 1711 1540 ,
1729 1485 1843 1541 unde
1864 1485 2043 1528 liberum
2059 1487 2148 1528 eius
2164 1486 2386 1529 arbitrium
2399 1478 2657 1530 monstratur
2675 1518 2688 1541 ‚

1591 1555 1644 1607 ad
1673 1554 1908 1611 carpendos
1934 1561 2027 1599 tum
2045 1558 2274 1612 praesentis
2291 1562 2384 1600 tum
2399 1558 2532 1601 futuri
2561 1561 2694 1601 status

1591 1626 1770 1682 fructus,
1790 1627 2004 1671 bonorum
2017 1628 2174 1672 scilicet
2189 1629 2258 1671 vel
2272 1629 2479 1673 malorum
2493 1641 2686 1684 operum.

1650 1698 1733 1751 Qui
1763 1700 2010 1755 sapientiam
2026 1699 2185 1742 bonam
2211 1701 2398 1755 invenit,
2429 1702 2582 1755 gratias
2605 1701 2685 1743 Dei

1591 1769 1916 1823 invenit.—Qui
1948 1772 2180 1826 nequitiam
2212 1773 2395 1826 retinet,
2427 1785 2603 1816 vesanus
2630 1777 2695 1816 est

1593 1847 1634 1884 et
1658 1842 1815 1897 impius
1831 1873 1843 1895 ‚
1874 1846 1923 1885 ut
1949 1843 2146 1886 inventor
2168 1843 2280 1886 illius
2309 1842 2519 1887 diabolus.

1623 1968 1736 2010 XIX.

1594 2084 1812 2171 Divitiae
1843 2130 2040 2172 scientiae
2069 2142 2118 2172 ac
2154 2130 2388 2185 sapientiae
2417 2129 2581 2173 addunt
2616 2142 2696 2173 no·

1592 2196 1658 2240 bis
1677 2200 1849 2253 angelos
1877 2201 2132 2256 complures,
2158 2202 2215 2243 At
2231 2202 2446 2255 impurus,
2466 2213 2594 2256 quem
2610 2213 2694 2244 au-

1594 2274 1689 2312 ctor
1718 2283 1952 2326 pauperem
1979 2273 2199 2326 nominat,
2235 2272 2362 2315 et'tm
2397 2272 2499 2316 dato
2529 2273 2611 2315 sibi
2643 2285 2694 2315 ex

1593 2342 1777 2394 pueritia
1809 2343 1959 2397 angelo
1985 2345 2195 2399 privatur.
2228 2344 2336 2386 Nam
2365 2344 2564 2399 spiri-talis
2592 2344 2697 2386 ami-

1594 2414 1719 2467 citia,
1748 2415 1881 2457 virtus
1909 2419 1973 2457 est
2000 2428 2049 2457 ac
2079 2415 2254 2458 scientia
2270 2447 2282 2469 ,
2314 2428 2338 2457 a
2370 2415 2526 2471 quibus
2559 2415 2693 2458 amice

1595 2485 1846 2540 copulamur
1867 2499 1963 2528 cum
1981 2487 2265 2543 potestatibus
2287 2488 2467 2529 sanctis:
2497 2486 2694 2542 quando-

1595 2556 1764 2610 quidem
1784 2558 2045 2612 paenitentes
2066 2558 2257 2600 homines
2273 2557 2417 2613 gaudii
2444 2570 2569 2601 causa
2585 2557 2695 2600 fiunt

1595 2628 1768 2682 angelis.
1791 2629 1858 2671 Sic
1881 2630 2009 2671 etiam
2030 2629 2238 2672 Dominus
2259 2630 2415 2671 amicos
2440 2633 2595 2683 vocat,
2619 2629 2695 2684 qui

1596 2703 1718 2741 antea
1743 2701 2019 2755 servierant,
2047 2701 2209 2743 maiore
2233 2701 2298 2743 sui
2323 2700 2566 2755 cognitione
2596 2699 2695 2755 dig-

1594 2783 1715 2813 nans.
1743 2772 1809 2813 Sic
1841 2772 1946 2814 item
1976 2771 2240 2815 Abrahamus
2274 2771 2446 2814 scientia
2475 2769 2695 2813 abundans

1596 2845 1817 2900 mysticam
1843 2843 1959 2886 illam
1993 2844 2171 2899 apponit
2201 2856 2415 2897 mensam,
2450 2843 2695 2898 apparenti-

1595 2915 1676 2958 bus
1718 2916 1796 2957 sub
1837 2915 2058 2957 meridiem
2090 2915 2235 2956 amicis
2271 2915 2373 2974 suis.
2417 2914 2515 2956 Saul
2543 2917 2694 2956 contra

1596 2988 1648 3029 ab
1674 2987 1918 3029 inhaerente
1950 2986 2033 3028 sibi
2067 2986 2204 3028 amico
2235 2985 2291 3027 ob
2322 2985 2552 3040 nequitiam
2582 2985 2694 3027 divi-

1598 3059 1727 3101 ditur.
1746 3059 1958 3113 Scriptum
1986 3062 2048 3099 est
2072 3058 2213 3099 enim:
2240 3061 2283 3099 et
2311 3056 2502 3099 discessit
2523 3057 2696 3112 spiritus

1597 3129 1771 3171 Domini
1802 3141 1826 3170 a
1851 3128 2001 3182 Saule3
2037 3132 2079 3170 et
2109 3127 2283 3183 spiritus
2305 3126 2441 3169 malus
2465 3139 2489 3168 a
2508 3126 2694 3169 Domino

1598 3201 1762 3242 Saulem
1775 3199 2031 3242 soffocabat.
2052 3201 2104 3241 Et
2134 3199 2335 3254 Spiritum
2354 3198 2526 3240 Domini
2554 3196 2696 3240 dicens

1601 3272 1822 3325 angelum,
1845 3271 1920 3326 qui
1936 3271 2065 3324 facit,
2085 3271 2170 3325 ait,
2190 3270 2360 3324 angelos
2376 3281 2475 3312 suos
2496 3268 2693 3324 spiritus,

1601 3347 1643 3386 et
1672 3343 1886 3385 ministros
1915 3355 2014 3384 suos
2046 3343 2187 3396 ignem
2216 3346 2426 3384 urentem.
2459 3332 2550 3383 Ia'm
2577 3339 2696 3394 quod

1600 3414 1759 3467 angelis
1795 3414 1987 3456 homines
2023 3414 2105 3455 sint
2138 3412 2449 3465 commendati,
2491 3410 2616 3453 docet
2651 3410 2695 3451 in

1600 3484 1823 3545 evangeliis
1843 3484 2052 3527 Dominus
2073 3484 2236 3526 dicens:
2261 3486 2403 3526 cavete
2424 3494 2476 3523 ne
2505 3484 2696 3522 contem-

1590 3557 1709 3613 natis
1737 3567 1868 3598 unum
1886 3568 1936 3596 ex
1957 3555 2023 3597 his
2042 3554 2232 3610 pusillis,
2261 3551 2361 3608 quia
2381 3550 2517 3605 angeli
2548 3563 2697 3593 eorum

1602 3636 1767 3682 semper
1794 3626 1939 3668 vident
1966 3627 2118 3669 faciem
2146 3626 2278 3681 patris
2309 3623 2392 3666 mei
2411 3623 2485 3677 qui
2509 3622 2551 3663 in
2572 3622 2697 3666 caelis

1603 3702 1680 3742 est.
1706 3699 1814 3750 Item
1840 3697 1998 3740 Iacob:
2026 3696 2198 3752 angelus
2227 3700 2353 3749 tuuS,
2387 3693 2461 3748 qui
2490 3693 2599 3735 eruit
2628 3705 2697 3735 me
2764 3740 2768 3747 ι

1605 3770 1658 3812 de
1690 3782 1739 3811 cu
1746 3768 1852 3811 netis
1882 3768 2016 3811 malis.

511 3864 539 3903 1)
561 3863 659 3896 Vioes
687 3861 868 3894 doctrinam
894 3859 934 3893 dc
958 3858 1148 3893 custodibus
1170 3859 1342 3892 hominum
1371 3859 1493 3901 angelis
1517 3859 1589 3891 heic
1613 3857 1646 3891 ct
1670 3856 1765 3889 iufra.
