2996 4432
501 232 565 282 M
852 240 854 243 ⁴
1483 247 1542 282 nx
1575 250 1706 284 Lumo
1739 251 1807 284 iv.

505 352 641 387 rum.
683 332 751 383 Et
779 329 846 384 de
878 328 1134 384 Zacharia
1167 331 1285 384 viro
1322 335 1500 404 magni
1536 336 1707 388 meriti
1734 346 1788 388 et
1811 336 2131 404 sanctitatis,
2161 340 2255 411 qui
2278 360 2462 412 pacem
2486 344 2612 397 fecit
2633 345 2768 400 Lon-

502 414 782 510 gobardiS‚
821 426 875 467 et
904 415 1179 486 praecepit
1214 425 1277 467 ut
1311 416 1407 469 filii
1443 431 1776 513 compatrum
1812 430 1866 471 et
1900 432 2246 475 commatrum
2278 443 2388 477 non
2414 445 2469 478 se
2493 427 2768 508 iungerent

502 501 562 552 in
599 499 953 551 matrimonio.
993 500 1059 551 Et
1094 498 1161 552 de
1195 499 1467 572 Stephano
1504 502 1618 554 eius
1654 520 1984 567 successore,
2024 506 2118 576 qui
2151 525 2376 578 peigens
2401 510 2458 560 in
2493 510 2535 560 F
2537 529 2767 565 ranciam

499 582 764 635 Kar-olum
799 581 1079 653 deposuit,
1120 595 1174 636 et
1208 583 1459 654 Pipinum
1493 584 1708 637 fratrem
1745 585 1857 638 eius
1892 603 2068 656 regem
2102 591 2374 643 constituit
2406 593 2470 660 1).

619 667 736 719 105.
776 666 843 717 Et
878 665 1006 737 quia
1032 665 1227 719 finem
1213 685 1316 719 iam
1341 678 1543 739 spectat
1564 668 1845 739 paginula,
1882 669 2038 738 sile-re
2070 690 2181 724 non
2204 672 2373 727 debeo
2398 675 2465 728 de
2489 677 2762 732 Hadriano

501 750 784 802 Zachariae
809 768 1111 803 successore
1137 752 1209 820 2),
1247 753 1398 804 cuius
1423 763 1614 827 rogatu
1646 752 1881 804 Karolus
1911 771 2005 805 rex
2035 755 2249 808 intravit
2272 758 2507 812 Italiam
2493 780 2549 812 in
2566 774 2762 832 poten-

499 843 617 886 tatu
652 851 843 903 magno
872 844 924 885 et
958 853 1119 886 manu
1142 834 1393 897 robusta,
1421 846 1475 887 et
1508 833 1841 887 Desiderium
1876 854 2051 908 regem
2087 839 2562 909 Longobardorum
2592 847 2761 899 victor
2800 886 2802 888 ·

503 935 535 969 e
572 936 760 989 campo
797 917 1027 988 fugavit,
1067 930 1119 971 et
1150 919 1207 970 in
1243 918 1405 989 Papia
1442 918 1717 971 obsessum
1743 918 1934 971 tenuit.
1973 920 2179 973 Dehinc
2208 924 2429 976 Romam
2457 928 2700 993 venienS,
2730 949 2761 981 3

503 1012 685 1053 monte
719 1001 812 1072 qui
846 1001 1040 1054 dicitur
1070 1000 1267 1054 Gaudii
1298 1019 1470 1072 usque
1494 1000 1563 1053 ad
1588 1001 1726 1053 Petri
1751 1001 2021 1055 ecelesiam
2052 1002 2213 1073 pedes
2235 1010 2555 1077 properavit.
2586 1011 2760 1077 Quem

503 1085 833 1137 beatissimus
868 1104 1008 1157 papa
1050 1084 1109 1136 in
1148 1082 1402 1154 gradibus
1445 1084 1613 1136 sancti
1648 1084 1792 1137 Petri·-
1830 1085 2180 1156 praestolatus
2223 1099 2300 1140 est
2322 1128 2337 1153 ,
2378 1101 2430 1142 et
2464 1094 2759 1147 venientem

502 1186 675 1240 usque
711 1167 779 1220 ad
809 1167 1189 1220 confessionem
1225 1167 1390 1219 sancti
1426 1167 1567 1219 Petri
1603 1185 1727 1219 cum
1761 1168 1972 1238 hymnis
2008 1179 2061 1220 et
2097 1168 2427 1241 lampadibus
2463 1177 2759 1246 etpsalmis

505 1252 816 1305 clericorum
847 1263 899 1303 et
932 1250 1179 1302 laudibus
1213 1248 1449 1302 iudicum
1483 1268 1857 1316 romanorum,
1889 1262 1952 1303 ut
1986 1270 2102 1305 mos
2137 1265 2244 1319 est,
2283 1253 2530 1309 decenter
2563 1261 2759 1329 perdu-

504 1336 599 1387 xit.
631 1335 701 1386 At
728 1334 813 1385 ille
836 1333 1229 1405 potentissimus
1265 1351 1363 1385 rex
1399 1332 1630 1385 offerens
1666 1333 1825 1386 beato
1862 1336 2020 1387 Petro
2056 1337 2221 1389 multa
2257 1337 2474 1392 donaria
2494 1381 2508 1404 ,
2548 1345 2759 1413 promit-

504 1431 726 1490 tensque
763 1419 875 1470 eius
910 1418 1105 1470 vicario
1142 1416 1300 1469 fidem
1337 1428 1390 1469 et
1427 1416 1661 1484 debitam
1697 1419 2078 1483 reverentiam,
2112 1421 2418 1490 patriciatus
2448 1442 2478 1476 a
2509 1426 2757 1480 Romanis

503 1503 811 1556 sublimatus
846 1503 1052 1554 honore
1070 1542 1083 1565 ,
1111 1501 1326 1572 Papiam
1352 1518 1598 1554 reversus
1620 1501 1882 1553 civitatem
1905 1501 2124 1573 quidem
2147 1505 2288 1575 cepit
2308 1546 2320 1570 ‚
2350 1517 2402 1558 et
2427 1507 2755 1562 Desiderium

502 1605 676 1657 regem
712 1604 830 1637 cum
862 1586 1088 1656 coniuge
1123 1603 1300 1637 secum
1337 1585 1474 1636 ultra
1510 1595 1717 1636 montes
1753 1583 1940 1648 duxit,
1980 1596 2033 1638 et
2069 1604 2135 1638 ex
2167 1586 2258 1639 illo
2294 1587 2398 1640 dici
2435 1591 2625 1643 meruit
2661 1610 2756 1645 rex

438 1732 440 1734 ι
501 1669 826 1721 Francorum
852 1680 904 1720 et
929 1666 1431 1738 Longobardorum‚
1466 1678 1518 1719 et
1546 1668 1798 1739 patricius
1825 1670 2200 1721 Romanorum.
2239 1671 2306 1723 Et
2339 1671 2405 1724 de
2435 1675 2592 1726 tertio
2625 1676 2756 1729 Leo-

502 1772 569 1805 ne
587 1793 600 1816 ,
631 1753 725 1824 qui
750 1752 1152 1814 sermocinarius
1180 1751 1473 1823 appellatus
1503 1762 1580 1802 est
1603 1750 1678 1819 3).
1707 1752 1774 1803 Et
1798 1750 1864 1804 de
1887 1750 2158 1823 Stephano
2193 1754 2305 1806 eius
2341 1774 2655 1810 successore.
2691 1761 2757 1812 Et

501 1835 568 1887 de
593 1836 827 1888 Paschali
842 1876 855 1898 ,
879 1836 974 1906 qui
1005 1836 1200 1887 Romae
1225 1834 1492 1886 ecclesiam
1516 1833 1810 1886 aedificavit
1832 1835 1889 1886 in
1914 1836 2170 1889 honorem
2194 1837 2377 1891 beatae
2406 1840 2598 1893 Mariae
2617 1861 2756 1913 quae

499 1920 755 1971 Domnica
787 1919 1112 1980 nominatur,
1143 1936 1304 1988 quam
1328 1919 1485 1970 etiam
1509 1918 1815 1982 marmoreis.-
1840 1918 2026 1970 crustis
2049 1920 2273 1973 vestivit.
2306 1922 2373 1973 Et
2398 1921 2464 1974 de
2493 1924 2751 1995 EugeniO,

501 2003 595 2074 qui
630 2002 1052 2097 paenitentialem
1085 2002 1280 2054 librum
1314 2001 1611 2072 composuit
1648 2002 1723 2070 4),
1761 2011 1814 2053 et
1852 2001 1910 2052 in
1949 2001 2224 2054 Franciam
2256 2006 2556 2058 transmisit.
2589 2007 2655 2058 Et
2690 2007 2761 2061 de

499 2087 812 2150 Valentino,
847 2087 941 2158 qui
965 2085 1255 2138 Lodoicum
1286 2085 1453 2136 filium
1479 2083 1664 2136 Karoli
1684 2085 2060 2178 imperatorem
2086 2088 2427 2140 consecravit.
2457 2089 2524 2141 Et
2548 2088 2614 2141 de
2643 2091 2759 2143 eius

499 2189 796 2222 successore
837 2169 1119 2239 Gregorio.
1159 2169 1226 2220 Et
1261 2167 1327 2220 de
1362 2166 1576 2238 SergiO,
1612 2168 1767 2220 cuius
1799 2168 2131 2240 temporibus
2171 2168 2441 2222 Sarraceni
2486 2183 2756 2225 vastarunt

500 2253 717 2305 Italiam.
1073 2296 1075 2299 Α

611 2336 726 2387 106.
755 2337 820 2387 Et
844 2334 911 2387 de
945 2346 1136 2406 quarto
1162 2334 1368 2399 Leone,
1398 2334 1494 2404 qui
1518 2333 1778 2386 Karolum
1803 2333 1969 2386 filium
1991 2333 2212 2387 Lodoici
2239 2337 2511 2388 coronavit
2535 2337 2754 2408 impera-

497 2431 694 2482 torem,
734 2420 936 2490 quique
973 2419 1127 2470 etiam
1163 2416 1455 2470 aedificavit
1490 2418 1754 2470 civitatem
1784 2435 1921 2487 quae
1951 2417 2110 2471 hodie
2135 2418 2377 2470 Porticus
2405 2420 2747 2484 nominatur,

497 2502 991 2573 quamLeoninam
1035 2521 1133 2554 suo
1176 2501 1391 2554 nomine
1433 2501 1731 2572 appellavit.
1776 2502 1877 2554 Hic
1925 2501 2047 2554 fecit
2083 2501 2344 2554 ciborium
2380 2520 2541 2573 super
2586 2504 2748 2557 altare

496 2587 659 2637 sancti
700 2586 840 2638 Petri
875 2596 1210 2656 argenteum,
1250 2596 1301 2637 et
1337 2595 1458 2636 ante
1493 2585 1668 2655 ipsum
1713 2585 1875 2637 altare
1919 2584 2152 2636 tabulam
2189 2603 2401 2637 auream
2439 2586 2568 2638 mira
2605 2605 2747 2657 gem—

493 2687 698 2721 marum
726 2669 972 2721 varietate
1006 2667 1333 2732 distinctam,
1367 2678 1420 2719 et
1449 2668 1595 2719 iuxta
1625 2668 1784 2720 altare
1808 2685 2018 2734 crucem
2048 2685 2260 2719 auream
2277 2707 2291 2731 ,
2326 2679 2378 2720 et
2400 2669 2601 2739 tegulas
2626 2688 2747 2722 con-

493 2751 731 2803 fessionis
756 2762 1026 2821 argenteas
1043 2790 1057 2814 ,
1092 2761 1144 2801 et
1172 2761 1352 2821 portas
1382 2749 1630 2802 ecclesiae
1660 2749 2084 2820 argenteaS.'Hic
2109 2748 2250 2801 idem
2270 2748 2560 2802 aedificavit
2592 2752 2748 2808 eccle-

492 2835 621 2887 siam
655 2836 881 2899 Romae,
912 2852 1048 2906 quae
1083 2833 1244 2886 hodie
1281 2833 1476 2885 dicitur
1502 2845 1683 2886 sancta
1706 2832 1872 2886 Maria
1901 2851 2071 2898 nova,
2112 2842 2164 2884 et
2194 2832 2460 2885 ecelesiam
2492 2844 2752 2904 quattuor

493 2917 898 2970 Coronatorum.
951 2919 1055 2970 Hic
1087 2917 1226 2970 idem
1261 2916 1520 2969 invidiose
1563 2934 1720 2987 super
1756 2914 2076 2987 quibusdam
2123 2915 2431 2968 criminibus
2467 2917 2705 2987 pulsatus
2727 2958 2744 2983 ,

492 3001 757 3073 synodum
795 3002 1132 3073 congregavit
1155 3043 1167 3067 ,
1214 3012 1265 3053 et
1307 3019 1360 3053 se
1397 3000 1691 3053 iuramento
1729 3000 2011 3052 innoxium-
2049 2998 2448 3052 demonstravit.
2485 2999 2589 3053 Sed
2619 3001 2745 3072 quia

492 3084 689 3138 invidia
726 3086 867 3137 vinci
902 3097 1105 3157 potest,
1141 3085 1410 3156 quiescere
1434 3095 1610 3136 tamen
1641 3102 1754 3156 non
1780 3093 1988 3154 potest,
2027 3082 2211 3154 paucis
2240 3093 2363 3153 post
2386 3082 2612 3135 evolutis
2636 3082 2750 3135 die-

575 3205 608 3246 1)
633 3203 751 3240 Grave
773 3202 860 3240 huic
875 3213 1022 3250 quoque
1046 3202 1128 3240 loco
1147 3200 1327 3239 mendum
1350 3200 1537 3249 obrepsit3
1567 3200 1705 3238 etenim
1730 3199 1967 3238 scribendum
1989 3205 2089 3238 erat:
2109 3199 2370 3238 Child‘ericum
2398 3200 2594 3248 deposuit,
2613 3203 2653 3238 et
2675 3203 2741 3238 Pi-
2806 3228 2810 3247 ,

484 3262 623 3307 pinum
646 3264 834 3298 maiorem
864 3263 998 3299 domus
1025 3263 1105 3298 eius
1133 3272 1264 3309 reqem
1290 3262 1502 3298 constituit.
1522 3261 1570 3296 Et
1598 3258 1749 3308 quidem
1773 3258 1813 3296 id
1841 3264 1985 3307 gestum
2001 3270 2022 3297 a
2044 3259 2223 3297 Zacharia
2240 3259 2364 3307 potius
2385 3259 2563 3307 Stephani
2585 3260 2634 3296 ΙΙ.
2651 3269 2760 3307 prae·

491 3329 634 3357 cessore
647 3347 658 3363 .,
674 3320 784 3367 vulgo
812 3320 965 3357 historia·
986 3326 1124 3357 narrat.
1142 3321 1315 3358 Ceterum
1335 3330 1400 3368 pro
1421 3319 1669 3367 stephanon.
1685 3318 1775 3356 facit
1789 3329 1876 3357 cum
1893 3319 2078 3356 Bonizone
2093 3318 2207 3356 etiam
2223 3322 2352 3356 auctor
2366 3317 2545 3355 Draconis
2566 3328 2742 3356 norman-

490 3379 567 3416 nici
583 3378 651 3416 lib.
670 3380 719 3425 11,
745 3378 844 3426 quod
873 3379 1005 3426 ingens
1031 3390 1124 3427 opus
1152 3379 1317 3417 versibus
1341 3383 1449 3425 4336,
1485 3382 1589 3424 (non
1614 3378 1824 3426 supputatis
1852 3377 2001 3415 lacu-nis
2021 3377 2191 3426 aliquot)
2218 3376 2435 3425 anglicanae
2462 3376 2745 3425 gallicanaeque

491 3437 665 3474 historiae
689 3438 887 3484 insiguiter
913 3438 1025 3483 utile,
1047 3438 1186 3487 diuque
1211 3438 1350 3476 frustra
1376 3438 1607 3487 quaesitum,
1633 3448 1702 3475 nos
1724 3436 1763 3475 in
1784 3437 1956 3475 vaticano
1967 3436 2094 3475 codice
2118 3436 2308 3474 inventum
2324 3435 2426 3484 prelo
2451 3435 2525 3473 iam
2544 3435 2746 3484 supposui·

489 3506 595 3541 mus,
623 3502 660 3534 et
683 3496 895 3544 propediem
921 3496 994 3533 luci
1022 3497 1193 3545 publicae
1221 3507 1460 3546 exponemus.
1506 3504 1512 3508 ’

569 3559 605 3600 2)
630 3557 750 3594 Immo
779 3565 864 3592 vero
888 3555 1101 3594 Hadrianus
1127 3558 1158 3594 1.
1187 3557 1365 3595 successit
1390 3556 1578 3605 Stephano
1607 3557 1780 3602 1V‚non
1807 3556 2034 3601 Zachariae,
2058 3555 2119 3593 cui
2145 3555 2268 3604 potius
2302 3535 2548 3599 successerat,
2571 3559 2616 3591 ut
2642 3552 2740 3591 dixi-

490 3625 573 3652 mus
599 3615 811 3662 Stephanus
832 3615 987 3652 11.1am
1010 3616 1146 3653 Bonizo
1170 3616 1240 3653 hac
1261 3617 1302 3654 in
1316 3627 1358 3654 re
1373 3626 1489 3665 aeque
1507 3615 1707 3670 mendosus
1731 3621 1789 3653 est
1810 3615 1910 3664 apud
1934 3614 2114 3653 Albinum
2141 3613 2367 3661 scholarem,
2391 3613 2498 3651 cuius
2524 3617 2736 3661 excerptum

488 3685 557 3713 nos
580 3674 752 3713 dedimus
780 3675 820 3711 in
846 3673 974 3723 Spicil.
999 3679 1090 3712 tom.
1121 3676 1185 3712 cit.
1211 3687 1251 3724 p
1279 3680 1362 3714 277.

571 3737 608 3779 3)
632 3734 931 3782 Appellationem
953 3733 1050 3770 hanc
1077 3733 1203 3780 vide03
1233 3735 1383 3773 nullum
1410 3740 1535 3774 tamen
1559 3735 1695 3774 Leonis
1719 3734 1818 3774 tertii
1841 3743 2064 3773 sermonem
2075 3742 2135 3772 me
2159 3732 2284 3771 videre
2307 3731 2473 3770 memini

569 3796 607 3838 4)
632 3791 912 3830 Paenitentialis
937 3790 1000 3828 hic
1026 3790 1120 3831 liber
1147 3792 1347 3832 desiderari
1371 3791 1540 3841 videtum
1540 3804 1687 3844 neque
1710 3794 1813 3833 enim
1837 3793 1961 3833 locum
1985 3792 2066 3832 eius
2081 3797 2206 3833 tenere
2229 3789 2448 3831 crediderim
2472 3796 2631 3828 canones
2646 3795 2740 3828 eone-

489 3851 564 3889 cilii
591 3862 686 3890 rom.
713 3861 813 3891 anno
835 3854 920 3890 826.
948 3849 1019 3891 sub
1046 3851 1213 3899 Eugenio
1240 3851 1427 3891 celebrati.
