2996 4432
1271 259 1517 292 nonizoms.
2476 248 2538 293 47

368 371 383 405 1
404 371 481 404 10.
527 351 649 403 Huc
686 364 855 419 usque
879 345 1141 417 incipiens
1171 363 1204 398 a
1226 343 1387 398 beato
1413 345 1572 396 Petro
1597 345 1960 414 apostolorum
1993 345 2240 418 principe
2265 363 2440 418 usque
2462 344 2533 399 ad

252 445 434 486 nostra
469 444 708 503 tempora
727 471 741 496 ,
780 447 1124 482 romanorum
1157 426 1479 480 Pontificum
1515 436 1629 479 acta
1665 427 2046 499 compendiose
2076 426 2406 499 digessimus,
2441 429 2538 481 Sua-

253 529 431 588 perest
467 534 612 567 nunc
646 525 706 566 ut
741 512 810 565 de
844 512 1137 584 privilegiis
1173 510 1242 564 ad
1276 529 1560 564 romanum
1595 509 1906 563 Pontificem
1930 511 2353 582 pertinentibUS‚
2383 525 2438 566 et
2462 513 2537 565 de*

253 599 618 671 praerogativa
654 597 821 669 ipsius
855 595 994 648 sedis
1029 613 1140 648 non
1177 594 1397 666 profuse
1410 619 1433 656 ·,
1460 592 1553 646 sed
1590 593 1858 646 succincte
1877 634 1892 659 ,
1934 595 2032 647 Dei
2069 595 2283 648 iuvante
2320 598 2484 667 gratia
2505 636 2525 662 r

257 681 586 734 disseramus,
624 678 730 733 Sed
765 690 889 732 ante
920 696 1082 750 quam
1117 676 1186 730 ad
1210 696 1272 733 ea
1295 675 1599 732 disserenda
1635 676 1933 742 veniamus,
1975 678 2110 748 quid
2145 678 2333 738 beatus
2364 681 2528 733 Inno-

247 766 456 817 centius
501 762 799 835 Exsuperio
842 757 1087 814 tolosano
1132 762 1179 831 1)
1213 761 1483 833 scripserit
1526 758 1595 812 de
1637 758 2120 812 consuetudinibus
2166 762 2521 816 ecclesiasticis

246 845 629 909 observandiS‚
669 844 738 898 ad
773 843 1005 897 medium
1042 842 1459 898 introducamus.
1507 864 1535 891 α
1558 843 1651 894 De·
1685 841 1769 894 his
1802 841 2003 913 quibus
2039 854 2242 896 certum
2287 845 2361 896 nil
2381 846 2525 918 scri·
2560 894 2563 898 .

257 951 285 979 »
323 942 485 1002 ptura
521 929 846 982 demonstrat
866 969 879 993 ‚
920 938 972 980 et
1008 927 1083 979 nil
1119 938 1323 980 certum
1361 925 1533 980 nostri
1568 925 1794 978 maiores
1832 924 1991 978 nobis
2029 926 2237 997 scriptis
2274 928 2383 979 suis
2412 928 2526 980 reli-

258 1035 286 1062 »
326 1030 521 1084 quere,
558 1004 939 1065 recurrendum
969 1021 1047 1065 est
1075 1009 1145 1063 ad
1173 1021 1386 1065 sanctae
1419 1027 1672 1063 romanae
1707 1007 1956 1066 ecclesiae
1986 1008 2040 1077 2)
2077 1010 2489 1062 consuetudines
2504 1051 2520 1075 ,

258 1119 285 1146 >2
325 1115 463 1168 quae
498 1096 567 1148 ab
594 1095 842 1148 omnibus
871 1094 1102 1148 ecclesiis
1134 1104 1261 1146 sunt
1295 1090 1704 1156 custodiendae,
1744 1103 1797 1144 et
1831 1091 1976 1149 velut
2010 1093 2329 1144 sacrosancti
2366 1112 2524 1146 cano-

258 1201 285 1228 »
325 1198 421 1232 nes
456 1178 803 1232 venerandae.
829 1201 854 1228 2>

259 1323 376 1357 111.
406 1305 557 1357 Exin
577 1304 790 1357 ‘Bonizo
816 1304 1021 1356 multas
1057 1304 1241 1355 recitat
1275 1301 1620 1355 auctoritates
1647 1320 1752 1374 pro
1788 1313 2103 1374 argumento
2126 1321 2252 1368 suc,
2279 1323 2416 1374 quae
2453 1316 2525 1356 ta-

361 1406 482 1440 men
509 1388 797 1460 pleraeque
826 1406 1010 1440 omnes
1043 1386 1286 1458 cognitae
1317 1397 1472 1447 sunt,
1518 1396 1569 1437 et
1600 1385 1982 1456 supposititiae
2016 1385 2182 1436 etiam
2221 1387 2524 1438 nonnullae

359 1489 426 1522 ea·
462 1470 804 1534 isidorianis,
848 1470 1044 1542 quibus
1073 1470 1333 1541 ceteroqui
1376 1488 1488 1521 non
1532 1469 1853 1541 indigemus.
1899 1469 2010 1521 His
2051 1468 2233 1540 itaque
2271 1470 2513 1533 omissis,

310 1583 315 1591 ·
361 1555 549 1607 titulos
586 1566 802 1607 tantum
841 1556 1015 1627 ipsius
1049 1550 1349 1607 Bonizonis
1374 1571 1663 1626 ponemus.

253 1697 291 1731 1.
439 1679 604 1747 Quod
639 1679 737 1736 ubi
769 1679 978 1751 aliquid
1014 1680 1203 1734 incerti
1238 1678 1434 1744 oritur,
1474 1675 1856 1732 recurrendum
1892 1687 1972 1730 est
1999 1675 2066 1729 ad
2104 1689 2314 1731 sanctae
2352 1697 2522 1731 roma·

572 1782 672 1815 nae
708 1763 958 1816 ecclesiae
992 1763 1377 1816 auctoritatem.

253 1864 308 1896 ιι.
429 1845 592 1913 Quod
628 1846 867 1899 difficiles
903 1847 1241 1917 quaestiones
1277 1845 1346 1899 ad
1381 1845 1525 1899 Petri
1559 1843 1738 1897 sedem
1767 1843 2082 1896 referantur.

252 1947 328 1980 ιιι.
427 1928 591 1995 Quod
627 1929 966 1983 sacerdotalis
993 1928 1129 1983 ordo
1170 1949 1202 1982 a
1231 1930 1390 1982 Petro
1426 1929 1647 1999 sum-psit
1670 1925 1970 1983 exordium.

253 2029 324 2063 iv.
426 2011 590 2078 Quod
627 2032 844 2066 romana
878 2013 1098 2067 ecclesia
1134 2031 1166 2065 a
1200 2012 1434 2064 Domino
1471 2011 1540 2063 sit
1575 2010 1816 2067 fundata.

252 2112 305 2144 v.
430 2094 805 2160 Quodnullus
837 2097 1121 2167 episcopus
1154 2093 1303 2167 apud
1339 2093 1570 2148 iudicem
1605 2093 1922 2151 saecularem
1957 2091 2296 2146 diiudicetur.

252 2196 323 2229 VI.
423 2176 587 2243 Quod
621 2178 864 2249 pulsatus
894 2198 1166 2232 romanam
1200 2177 1376 2232 sedem
1412 2177 1659 2249 appellet.

252 2280 344 2314 vn.
429 2260 594 2327 Quod
629 2280 846 2316 romana
882 2262 1101 2315 ecclesia
1136 2273 1297 2333 caput
1330 2261 1398 2312 sit
1421 2261 1658 2314 omnium
1692 2260 2043 2315 ecclesiarum.

252 2363 362 2396 vm.
427 2344 592 2411 Quod
627 2345 999 2416 episcoporum
1012 2365 1174 2400 causa
1195 2365 1307 2399 non
1323 2346 1491 2418 possit
1515 2345 1627 2397 sine
1646 2362 1871 2397 romano
1889 2344 2143 2415 pontifice
2163 2343 2512 2397 determinari.

254 2445 326 2478 ix.
422 2427 586 2494 Quod
621 2431 995 2499 episcoporum
1032 2428 1229 2481 iudicia
1263 2428 1333 2483 ad
1368 2431 1637 2485 romanam
1673 2426 1850 2480 sedem
1879 2427 2211 2486 deferantur.

254 2529 309 2561 x.
428 2510 590 2577 Quod
626 2511 695 2563 ad
726 2529 998 2564 romanam
1022 2512 1293 2567 ecclesiam
1328 2512 1397 2567 ab
1428 2512 1676 2564 omnibus
1705 2511 1970 2582 oppressis
1995 2512 2062 2563 sit
2087 2509 2513 2582 confugiendum.

254 2613 328 2646 ix.
425 2594 588 2659 Quod
624 2613 842 2647 romana
878 2595 1094 2648 ecclesia
1129 2615 1161 2648 a
1196 2596 1404 2649 tramite
1435 2594 1670 2648 veritatis
1706 2613 1819 2647 non
1852 2595 2121 2653 erraverit.

257 2696 349 2729 xn.
428 2676 591 2743 Quod
627 2677 695 2730 ad
731 2697 1003 2751 romanam
1038 2679 1306 2732 ecclesiam
1343 2697 1553 2750 semper
1588 2678 1654 2731 sit
1689 2677 2016 2748 fugiendum.

255 2779 366 2812 x111.
431 2760 595 2826 Quod
630 2780 848 2814 romana
885 2763 1102 2815 ecclesia
1138 2763 1302 2833 possit
1336 2763 1600 2832 'corrigere
1637 2759 1786 2832 quod
1818 2779 2018 2817 novum
2055 2772 2151 2813 est.

255 2863 364 2896 xiv.
431 2844 596 2910 Quod
633 2846 831 2897 maiora
862 2845 1073 2915 negotia
1107 2845 1175 2897 ad
1210 2863 1481 2898 romanam
1517 2843 1786 2901 ecclesiam
1822 2843 2146 2900 deferantur.

258 2946 344 2978 xv.
439 2926 603 2991 Quod
639 2926 878 2980 difficiles
911 2927 1247 2998 quaestiones
1270 2927 1347 2981 ad
1382 2926 1558 2980 sedem
1579 2926 1931 2997 apostolicam
1962 2926 2277 2986 referantur.

258 3028 366 3061 xv1.
436 3008 600 3076 Quod
636 3029 854 3062 romana
881 3010 1101 3063 ecclesia
1137 3028 1344 3081 semper
1369 3010 1482 3064 sine
1514 3009 1720 3063 macula
1754 3009 1931 3067 fuerit.

256 3110 381 3143 xvn.
431 3091 596 3157 Quod
631 3093 914 3163 episcopus
947 3111 1059 3144 non
1096 3093 1164 3144 sit
1195 3091 1633 3149 condemnandus
1671 3092 1977 3149 inconsulto
2016 3093 2174 3164 Papa.

258 3193 402 3226 xvni.
435 3175 600 3240 Quod
636 3193 870 3227 summus
900 3175 1111 3246 praesul
1148 3194 1179 3228 a
1208 3176 1419 3228 nemine
1448 3174 1733 3234 iudicetur.

256 3276 366 3309 xix.
435 3257 599 3323 Quod
634 3277 816 3311 omnes
852 3257 1045 3329 synodi
1071 3277 1300 3313 :romana
1322 3259 1442 3314 >sint
1465 3258 1788 3315 auctoritate
1824 3257 2219 3315 convocandae.

258 3359 345 3390 xx.
429 3338 595 3405 Quod
629 3358 846 3392 romana
863 3340 1080 3392 ecclesia
1104 3341 1311 3411 aperire
1321 3341 1495 3412 ,possit
1518 3359 1742 3411 regnum
1761 3342 2026 3395 caelorum
2049 3341 2131 3394 vel
2144 3339 2404 3401 claudere.

262 3441 371 3473 xm.
430 3421 595 3488 Quod
630 3421 868 3493 synodus
891 3442 1003 3475 non
1021 3423 1199 3494 «possit
1222 3423 1336 3478 sine
1357 3424 1669 3481 auctoritate
1697 3442 1947 3481 romanae
1971 3423 2109 3478 sedis
2133 3425 2403 3484 celebrari.

259 3523 388 3557 xxu.
427 3503 590 3570 Quod
624 3505 765 3558 beati
801 3506 943 3559 Petri
973 3506 1199 3577 apostoli
1230 3505 1380 3561 sedes
1406 3507 1661 3577 magistra
1695 3507 1763 3558 sit
1797 3507 1933 3565 sacri
1964 3507 2188 3566 ordinis.

256 3606 406 3640 xxm.
430 3586 592 3653 Quod
627 3588 762 3640 nulli
796 3587 875 3641 fas
913 3588 980 3640 sit
1013 3588 1302 3659 apostolica
1326 3587 1537 3645 decreta
1562 3600 1835 3642 temerare.
1977 3579 1980 3582 ⁴

260 3689 402 3723 xxw.
428 3669 593 3736 Quod
627 3670 846 3723 roman'a
869 3670 1082 3725 ecclesia
1103 3671 1276 3742 ,possit
1302 3671 1506 3728 solvere
1531 3671 1682 3744 quod
1707 3672 1895 3744 iniqua
1918 3672 2155 3743 synodus
2187 3671 2507 3743 dampnavit.

347 3804 379 3845 1)
404 3794 514 3838 Extat
535 3800 646 3838 unica
670 3800 880 3839 Innocentii
894 3801 926 3838 1.
952 3799 1002 3838 ad
1024 3801 1274 3850 Exsuperium
1296 3801 1508 3840 tolosanum
1523 3801 1677 3850 epistola
1691 3828 1702 3848 ‚
1720 3801 1851 3841 ordine
1874 3809 1996 3851 sexta,
2021 3803 2062 3841 in
2087 3813 2162 3851 qua
2186 3808 2312 3842 tamen
2328 3802 2431 3841 locus
2454 3802 2515 3839 in-

256 3859 532 3908 ira-recitatus,
558 3859 607 3900 ad
630 3860 791 3901 litteram
814 3865 938 3909 certe,
963 3870 1041 3901 non
1064 3860 1215 3911 legitur.
1242 3880 1292 3891 -
1306 3865 1351 3911 ,2)
1375 3860 1466 3902 cod.
1495 3859 1673 3903 mendose
1695 3861 1752 3901 ad
1772 3864 1934 3902 sanctae
1957 3863 2124 3902 Mariae.
