<?xml version="1.0" encoding="UTF-8"?>
<!DOCTYPE html PUBLIC "-//W3C//DTD XHTML 1.0 Transitional//EN"
    "http://www.w3.org/TR/xhtml1/DTD/xhtml1-transitional.dtd">
<html xmlns="http://www.w3.org/1999/xhtml" xml:lang="en" lang="en">
 <head>
  <title>
</title>
<meta http-equiv="Content-Type" content="text/html;charset=utf-8" />
  <meta name='ocr-system' content='tesseract 3.04.00' />
  <meta name='ocr-capabilities' content='ocr_page ocr_carea ocr_par ocr_line ocrx_word'/>
</head>
<body>
  <div class='ocr_page' id='page_1' title='image "./novaepatrumbibli07maiauoft/novaepatrumbibli07maiauoft_0826.png"; bbox 0 0 2996 4432; ppageno 0'>
   <div class='ocr_carea' id='block_1_1' title="bbox 490 235 1781 293">
    <p class='ocr_par' dir='ltr' id='par_1_1' title="bbox 490 235 1781 293">
     <span class='ocr_line' id='line_1_1' title="bbox 490 235 1781 293; baseline -0.003 0"><span class='ocrx_word' id='word_1_1' title='bbox 490 235 556 293; x_wconf 67' lang='grc' dir='ltr'>Ἧι</span> <span class='ocrx_word' id='word_1_2' title='bbox 1470 240 1535 288; x_wconf 77' lang='lat' dir='ltr'>&#39;Ex</span> <span class='ocrx_word' id='word_1_3' title='bbox 1567 257 1697 289; x_wconf 72' lang='lat' dir='ltr'>Lumo</span> <span class='ocrx_word' id='word_1_4' title='bbox 1732 258 1781 289; x_wconf 83' lang='lat' dir='ltr'>x.</span> 
     </span>
    </p>
   </div>
   <div class='ocr_carea' id='block_1_2' title="bbox 493 340 2856 1160">
    <p class='ocr_par' dir='ltr' id='par_1_2' title="bbox 493 340 2856 1160">
     <span class='ocr_line' id='line_1_2' title="bbox 496 340 2766 421; baseline 0.004 -25"><span class='ocrx_word' id='word_1_5' title='bbox 496 345 589 415; x_wconf 89' lang='lat' dir='ltr'>qui</span> <span class='ocrx_word' id='word_1_6' title='bbox 615 342 804 395; x_wconf 90' lang='lat' dir='ltr'>odiunt</span> <span class='ocrx_word' id='word_1_7' title='bbox 831 341 1037 403; x_wconf 82' lang='lat' dir='ltr'>fratreS,</span> <span class='ocrx_word' id='word_1_8' title='bbox 1061 351 1113 392; x_wconf 92' lang='grc'>01</span> <span class='ocrx_word' id='word_1_9' title='bbox 1138 340 1233 412; x_wconf 90' lang='lat' dir='ltr'>qui</span> <span class='ocrx_word' id='word_1_10' title='bbox 1258 340 1316 391; x_wconf 90' lang='lat' dir='ltr'>in</span> <span class='ocrx_word' id='word_1_11' title='bbox 1341 358 1394 391; x_wconf 90' lang='lat' dir='ltr'>se</span> <span class='ocrx_word' id='word_1_12' title='bbox 1413 341 1757 411; x_wconf 79' lang='lat' dir='ltr'>peccantibus</span> <span class='ocrx_word' id='word_1_13' title='bbox 1782 360 1850 392; x_wconf 89' lang='lat' dir='ltr'>ne</span> <span class='ocrx_word' id='word_1_14' title='bbox 1876 340 2157 407; x_wconf 83' lang='lat' dir='ltr'>dimittant,</span> <span class='ocrx_word' id='word_1_15' title='bbox 2183 344 2446 418; x_wconf 89' lang='lat' dir='ltr'>obstinata</span> <span class='ocrx_word' id='word_1_16' title='bbox 2466 360 2638 402; x_wconf 87' lang='lat' dir='ltr'>mente</span> <span class='ocrx_word' id='word_1_17' title='bbox 2651 370 2766 421; x_wconf 86' lang='lat' dir='ltr'>per-</span> 
     </span>
     <span class='ocr_line' id='line_1_3' title="bbox 496 423 2763 491; baseline 0.004 -13"><span class='ocrx_word' id='word_1_18' title='bbox 496 427 710 478; x_wconf 89' lang='lat' dir='ltr'>durant.</span> <span class='ocrx_word' id='word_1_19' title='bbox 751 424 903 489; x_wconf 86' lang='lat' dir='ltr'>Quos</span> <span class='ocrx_word' id='word_1_20' title='bbox 941 442 1122 476; x_wconf 88' lang='lat' dir='ltr'>omnes</span> <span class='ocrx_word' id='word_1_21' title='bbox 1144 465 1157 487; x_wconf 87' lang='lat'>‚</span> <span class='ocrx_word' id='word_1_22' title='bbox 1197 423 1319 475; x_wconf 92' lang='lat' dir='ltr'>licet</span> <span class='ocrx_word' id='word_1_23' title='bbox 1364 423 1547 488; x_wconf 86' lang='lat' dir='ltr'>fleant,</span> <span class='ocrx_word' id='word_1_24' title='bbox 1583 425 1705 478; x_wconf 88' lang='lat' dir='ltr'>licet</span> <span class='ocrx_word' id='word_1_25' title='bbox 1743 425 2030 491; x_wconf 79' lang='lat' dir='ltr'>ieiunent,</span> <span class='ocrx_word' id='word_1_26' title='bbox 2052 426 2174 479; x_wconf 90' lang='lat' dir='ltr'>licet</span> <span class='ocrx_word' id='word_1_27' title='bbox 2221 429 2419 480; x_wconf 80' lang='lat' dir='ltr'>crebris</span> <span class='ocrx_word' id='word_1_28' title='bbox 2456 430 2665 484; x_wconf 87' lang='lat' dir='ltr'>ieiuniis</span> <span class='ocrx_word' id='word_1_29' title='bbox 2711 446 2763 486; x_wconf 87' lang='lat' dir='ltr'>et</span> 
     </span>
     <span class='ocr_line' id='line_1_4' title="bbox 496 506 2765 585; baseline 0.004 -25"><span class='ocrx_word' id='word_1_30' title='bbox 496 509 737 580; x_wconf 85' lang='lat' dir='ltr'>suspiriis</span> <span class='ocrx_word' id='word_1_31' title='bbox 772 526 967 578; x_wconf 90' lang='lat' dir='ltr'>corpus</span> <span class='ocrx_word' id='word_1_32' title='bbox 1005 506 1279 570; x_wconf 84' lang='lat' dir='ltr'>adficiant,</span> <span class='ocrx_word' id='word_1_33' title='bbox 1311 507 1633 577; x_wconf 89' lang='lat' dir='ltr'>impossibile</span> <span class='ocrx_word' id='word_1_34' title='bbox 1669 519 1847 559; x_wconf 87' lang='lat' dir='ltr'>tamen</span> <span class='ocrx_word' id='word_1_35' title='bbox 1886 519 1962 559; x_wconf 89' lang='grc'>051</span> <span class='ocrx_word' id='word_1_36' title='bbox 1995 527 2084 561; x_wconf 89' lang='grc'>005</span> <span class='ocrx_word' id='word_1_37' title='bbox 2121 512 2474 564; x_wconf 83' lang='lat' dir='ltr'>remissionem</span> <span class='ocrx_word' id='word_1_38' title='bbox 2517 528 2765 585; x_wconf 82' lang='lat' dir='ltr'>peccato-</span> 
     </span>
     <span class='ocr_line' id='line_1_5' title="bbox 494 590 2762 669; baseline 0.004 -26"><span class='ocrx_word' id='word_1_39' title='bbox 494 611 615 643; x_wconf 88' lang='lat' dir='ltr'>rum</span> <span class='ocrx_word' id='word_1_40' title='bbox 652 591 891 662; x_wconf 90' lang='lat' dir='ltr'>accipere</span> <span class='ocrx_word' id='word_1_41' title='bbox 916 631 929 655; x_wconf 83' lang='lat'>,</span> <span class='ocrx_word' id='word_1_42' title='bbox 970 591 1070 642; x_wconf 88' lang='lat' dir='ltr'>nisi</span> <span class='ocrx_word' id='word_1_43' title='bbox 1106 591 1450 661; x_wconf 84' lang='lat' dir='ltr'>peccantibus</span> <span class='ocrx_word' id='word_1_44' title='bbox 1494 591 1566 642; x_wconf 65' lang='lat' dir='ltr'>in¹</span> <span class='ocrx_word' id='word_1_45' title='bbox 1589 609 1644 642; x_wconf 90' lang='lat' dir='ltr'>se</span> <span class='ocrx_word' id='word_1_46' title='bbox 1680 609 1821 661; x_wconf 89' lang='lat' dir='ltr'>puro</span> <span class='ocrx_word' id='word_1_47' title='bbox 1871 590 2030 643; x_wconf 88' lang='lat' dir='ltr'>corde</span> <span class='ocrx_word' id='word_1_48' title='bbox 2080 592 2409 662; x_wconf 78' lang='lat' dir='ltr'>dimiserint3</span> <span class='ocrx_word' id='word_1_49' title='bbox 2460 597 2560 648; x_wconf 89' lang='lat' dir='ltr'>nisi</span> <span class='ocrx_word' id='word_1_50' title='bbox 2611 600 2762 669; x_wconf 86' lang='lat' dir='ltr'>quod</span> 
     </span>
     <span class='ocr_line' id='line_1_6' title="bbox 495 673 2761 752; baseline 0.004 -27"><span class='ocrx_word' id='word_1_51' title='bbox 495 693 650 726; x_wconf 86' lang='lat' dir='ltr'>avara</span> <span class='ocrx_word' id='word_1_52' title='bbox 686 685 862 726; x_wconf 88' lang='lat' dir='ltr'>mente</span> <span class='ocrx_word' id='word_1_53' title='bbox 892 673 1221 743; x_wconf 89' lang='lat' dir='ltr'>periurando</span> <span class='ocrx_word' id='word_1_54' title='bbox 1257 673 1623 744; x_wconf 88' lang='lat' dir='ltr'>adquisivere,</span> <span class='ocrx_word' id='word_1_55' title='bbox 1672 674 1980 738; x_wconf 80' lang='lat' dir='ltr'>restituant3</span> <span class='ocrx_word' id='word_1_56' title='bbox 2023 677 2105 727; x_wconf 90' lang='lat' dir='ltr'>vel</span> <span class='ocrx_word' id='word_1_57' title='bbox 2139 696 2261 729; x_wconf 89' lang='lat' dir='ltr'>cum</span> <span class='ocrx_word' id='word_1_58' title='bbox 2287 679 2369 730; x_wconf 93' lang='lat' dir='ltr'>his</span> <span class='ocrx_word' id='word_1_59' title='bbox 2406 681 2582 732; x_wconf 91' lang='lat' dir='ltr'>omnia</span> <span class='ocrx_word' id='word_1_60' title='bbox 2621 701 2761 752; x_wconf 91' lang='lat' dir='ltr'>quae</span> 
     </span>
     <span class='ocr_line' id='line_1_7' title="bbox 495 756 2767 829; baseline 0.004 -20"><span class='ocrx_word' id='word_1_61' title='bbox 495 756 767 828; x_wconf 89' lang='lat' dir='ltr'>possident</span> <span class='ocrx_word' id='word_1_62' title='bbox 800 757 858 807; x_wconf 91' lang='grc'>111</span> <span class='ocrx_word' id='word_1_63' title='bbox 895 757 1103 809; x_wconf 86' lang='grc'>53001110</span> <span class='ocrx_word' id='word_1_64' title='bbox 1146 756 1441 820; x_wconf 87' lang='lat' dir='ltr'>dimittant;</span> <span class='ocrx_word' id='word_1_65' title='bbox 1492 756 1572 807; x_wconf 94' lang='lat' dir='ltr'>vel</span> <span class='ocrx_word' id='word_1_66' title='bbox 1610 774 1694 807; x_wconf 90' lang='lat' dir='ltr'>eas</span> <span class='ocrx_word' id='word_1_67' title='bbox 1731 775 1865 826; x_wconf 89' lang='lat' dir='ltr'>quas</span> <span class='ocrx_word' id='word_1_68' title='bbox 1905 772 2296 829; x_wconf 90' lang='lat' dir='ltr'>corruperunt,</span> <span class='ocrx_word' id='word_1_69' title='bbox 2343 763 2446 813; x_wconf 91' lang='lat' dir='ltr'>nisi</span> <span class='ocrx_word' id='word_1_70' title='bbox 2484 764 2767 817; x_wconf 85' lang='lat' dir='ltr'>mundanis</span> 
     </span>
     <span class='ocr_line' id='line_1_8' title="bbox 496 840 2856 915; baseline 0.003 -24"><span class='ocrx_word' id='word_1_71' title='bbox 496 841 577 892; x_wconf 91' lang='lat' dir='ltr'>vel</span> <span class='ocrx_word' id='word_1_72' title='bbox 610 840 799 892; x_wconf 88' lang='lat' dir='ltr'>divinis</span> <span class='ocrx_word' id='word_1_73' title='bbox 835 840 1039 910; x_wconf 88' lang='lat' dir='ltr'>legibus</span> <span class='ocrx_word' id='word_1_74' title='bbox 1077 840 1494 910; x_wconf 86' lang='lat' dir='ltr'>prohibeantur,</span> <span class='ocrx_word' id='word_1_75' title='bbox 1525 858 1725 891; x_wconf 85' lang='lat' dir='ltr'>uxores</span> <span class='ocrx_word' id='word_1_76' title='bbox 1763 841 2054 911; x_wconf 86' lang='lat' dir='ltr'>accipiant:</span> <span class='ocrx_word' id='word_1_77' title='bbox 2094 843 2174 894; x_wconf 87' lang='lat' dir='ltr'>vel</span> <span class='ocrx_word' id='word_1_78' title='bbox 2209 862 2270 896; x_wconf 88' lang='lat' dir='ltr'>ea</span> <span class='ocrx_word' id='word_1_79' title='bbox 2304 863 2441 915; x_wconf 87' lang='lat' dir='ltr'>quae</span> <span class='ocrx_word' id='word_1_80' title='bbox 2480 847 2642 910; x_wconf 89' lang='lat' dir='ltr'>clam,</span> <span class='ocrx_word' id='word_1_81' title='bbox 2683 850 2766 900; x_wconf 89' lang='lat' dir='ltr'>vel</span> <span class='ocrx_word' id='word_1_82' title='bbox 2830 895 2856 900; x_wconf 74' lang='grc'>,,</span> 
     </span>
     <span class='ocr_line' id='line_1_9' title="bbox 497 922 2764 993; baseline 0.004 -19"><span class='ocrx_word' id='word_1_83' title='bbox 497 925 578 986; x_wconf 87' lang='lat' dir='ltr'>vi,</span> <span class='ocrx_word' id='word_1_84' title='bbox 621 940 713 975; x_wconf 88' lang='lat' dir='ltr'>seu</span> <span class='ocrx_word' id='word_1_85' title='bbox 752 922 940 975; x_wconf 88' lang='lat' dir='ltr'>fraude</span> <span class='ocrx_word' id='word_1_86' title='bbox 972 923 1085 975; x_wconf 88' lang='lat' dir='ltr'>aliis</span> <span class='ocrx_word' id='word_1_87' title='bbox 1113 923 1480 987; x_wconf 88' lang='lat' dir='ltr'>abstulerunt,</span> <span class='ocrx_word' id='word_1_88' title='bbox 1515 923 1778 993; x_wconf 89' lang='lat' dir='ltr'>spoliatis,</span> <span class='ocrx_word' id='word_1_89' title='bbox 1819 924 1900 975; x_wconf 91' lang='lat' dir='ltr'>vel</span> <span class='ocrx_word' id='word_1_90' title='bbox 1940 942 2125 976; x_wconf 90' lang='lat' dir='ltr'>eorum</span> <span class='ocrx_word' id='word_1_91' title='bbox 2164 926 2481 991; x_wconf 87' lang='lat' dir='ltr'>heredibus,</span> <span class='ocrx_word' id='word_1_92' title='bbox 2523 930 2566 980; x_wconf 91' lang='lat' dir='ltr'>si</span> <span class='ocrx_word' id='word_1_93' title='bbox 2599 929 2764 984; x_wconf 83' lang='lat' dir='ltr'>fuerit</span> 
     </span>
     <span class='ocr_line' id='line_1_10' title="bbox 493 1006 2766 1079; baseline 0.004 -23"><span class='ocrx_word' id='word_1_94' title='bbox 493 1006 667 1071; x_wconf 89' lang='lat' dir='ltr'>unde,</span> <span class='ocrx_word' id='word_1_95' title='bbox 708 1007 1130 1077; x_wconf 85' lang='lat' dir='ltr'>reintegrentur:</span> <span class='ocrx_word' id='word_1_96' title='bbox 1173 1007 1216 1058; x_wconf 88' lang='lat' dir='ltr'>si</span> <span class='ocrx_word' id='word_1_97' title='bbox 1248 1007 1423 1079; x_wconf 84' lang='lat' dir='ltr'>minus</span> <span class='ocrx_word' id='word_1_98' title='bbox 1461 1017 1663 1069; x_wconf 90' lang='lat' dir='ltr'>autem,</span> <span class='ocrx_word' id='word_1_99' title='bbox 1710 1006 1967 1059; x_wconf 90' lang='lat' dir='ltr'>diuturno</span> <span class='ocrx_word' id='word_1_100' title='bbox 2005 1009 2246 1079; x_wconf 88' lang='lat' dir='ltr'>corporis</span> <span class='ocrx_word' id='word_1_101' title='bbox 2283 1021 2335 1061; x_wconf 90' lang='lat' dir='ltr'>et</span> <span class='ocrx_word' id='word_1_102' title='bbox 2373 1011 2533 1062; x_wconf 90' lang='lat' dir='ltr'>animi</span> <span class='ocrx_word' id='word_1_103' title='bbox 2579 1012 2766 1065; x_wconf 86' lang='lat' dir='ltr'>labore</span> 
     </span>
     <span class='ocr_line' id='line_1_11' title="bbox 495 1090 2533 1160; baseline 0.002 -20"><span class='ocrx_word' id='word_1_104' title='bbox 495 1090 798 1160; x_wconf 81' lang='lat' dir='ltr'>fatigentur.</span> <span class='ocrx_word' id='word_1_105' title='bbox 2528 1106 2533 1113; x_wconf 90' lang='lat'>&#39;</span> 
     </span>
    </p>
   </div>
   <div class='ocr_carea' id='block_1_3' title="bbox 1368 1222 1869 1267">
    <p class='ocr_par' dir='ltr' id='par_1_3' title="bbox 1368 1222 1869 1267">
     <span class='ocr_line' id='line_1_12' title="bbox 1368 1222 1869 1267; baseline 0.002 -3"><span class='ocrx_word' id='word_1_106' title='bbox 1368 1222 1631 1266; x_wconf 85' lang='lat' dir='ltr'><strong>EPILOGUS</strong></span> <span class='ocrx_word' id='word_1_107' title='bbox 1656 1223 1869 1267; x_wconf 79' lang='lat' dir='ltr'>OPERIS.</span> 
     </span>
    </p>
   </div>
   <div class='ocr_carea' id='block_1_4' title="bbox 221 1338 2996 3915">
    <p class='ocr_par' dir='ltr' id='par_1_4' title="bbox 492 1338 2996 3748">
     <span class='ocr_line' id='line_1_13' title="bbox 609 1338 2765 1412; baseline 0.003 -21"><span class='ocrx_word' id='word_1_108' title='bbox 609 1342 723 1393; x_wconf 84' lang='lat'>160.</span> <span class='ocrx_word' id='word_1_109' title='bbox 766 1341 896 1392; x_wconf 91' lang='lat' dir='ltr'>Cum</span> <span class='ocrx_word' id='word_1_110' title='bbox 935 1359 964 1391; x_wconf 90' lang='lat' dir='ltr'>a</span> <span class='ocrx_word' id='word_1_111' title='bbox 1003 1359 1083 1392; x_wconf 88' lang='lat' dir='ltr'>me</span> <span class='ocrx_word' id='word_1_112' title='bbox 1123 1340 1410 1410; x_wconf 87' lang='lat' dir='ltr'>exegisses,</span> <span class='ocrx_word' id='word_1_113' title='bbox 1449 1339 1693 1407; x_wconf 85' lang='lat' dir='ltr'>sacerdos</span> <span class='ocrx_word' id='word_1_114' title='bbox 1729 1338 2031 1392; x_wconf 87' lang='lat' dir='ltr'>venerande</span> <span class='ocrx_word' id='word_1_115' title='bbox 2064 1341 2324 1412; x_wconf 86' lang='lat' dir='ltr'>Gregori,</span> <span class='ocrx_word' id='word_1_116' title='bbox 2359 1354 2420 1394; x_wconf 93' lang='lat' dir='ltr'>ut</span> <span class='ocrx_word' id='word_1_117' title='bbox 2444 1343 2663 1400; x_wconf 87' lang='lat' dir='ltr'>brevem</span> <span class='ocrx_word' id='word_1_118' title='bbox 2701 1365 2765 1398; x_wconf 86' lang='lat' dir='ltr'>ac</span> 
     </span>
     <span class='ocr_line' id='line_1_14' title="bbox 492 1423 2766 1494; baseline 0.003 -20"><span class='ocrx_word' id='word_1_119' title='bbox 492 1423 918 1494; x_wconf 88' lang='lat' dir='ltr'>compendiosam</span> <span class='ocrx_word' id='word_1_120' title='bbox 952 1423 1384 1475; x_wconf 89' lang='lat' dir='ltr'>dictatiunculam</span> <span class='ocrx_word' id='word_1_121' title='bbox 1426 1442 1493 1476; x_wconf 86' lang='lat' dir='ltr'>ex</span> <span class='ocrx_word' id='word_1_122' title='bbox 1523 1435 1823 1476; x_wconf 89' lang='lat' dir='ltr'>sanctorum</span> <span class='ocrx_word' id='word_1_123' title='bbox 1867 1433 2076 1494; x_wconf 89' lang='lat' dir='ltr'>patrum</span> <span class='ocrx_word' id='word_1_124' title='bbox 2107 1425 2422 1476; x_wconf 87' lang='lat' dir='ltr'>authenticis</span> <span class='ocrx_word' id='word_1_125' title='bbox 2461 1428 2766 1479; x_wconf 86' lang='lat' dir='ltr'>canonibus</span> 
     </span>
     <span class='ocr_line' id='line_1_15' title="bbox 494 1505 2770 1578; baseline 0.003 -21"><span class='ocrx_word' id='word_1_126' title='bbox 494 1506 590 1558; x_wconf 90' lang='lat' dir='ltr'>tibi</span> <span class='ocrx_word' id='word_1_127' title='bbox 624 1526 1022 1578; x_wconf 84' lang='lat' dir='ltr'>componerem,</span> <span class='ocrx_word' id='word_1_128' title='bbox 1059 1507 1185 1559; x_wconf 89' lang='lat' dir='ltr'>dum</span> <span class='ocrx_word' id='word_1_129' title='bbox 1225 1506 1467 1577; x_wconf 85' lang='lat' dir='ltr'>flagranti</span> <span class='ocrx_word' id='word_1_130' title='bbox 1503 1519 1597 1559; x_wconf 89' lang='lat' dir='ltr'>tuo</span> <span class='ocrx_word' id='word_1_131' title='bbox 1635 1506 1897 1559; x_wconf 90' lang='lat' dir='ltr'>desiderio</span> <span class='ocrx_word' id='word_1_132' title='bbox 1936 1505 2196 1559; x_wconf 89' lang='lat' dir='ltr'>deservire</span> <span class='ocrx_word' id='word_1_133' title='bbox 2231 1509 2417 1578; x_wconf 88' lang='lat' dir='ltr'>cupio,</span> <span class='ocrx_word' id='word_1_134' title='bbox 2458 1522 2619 1563; x_wconf 88' lang='lat' dir='ltr'>metas</span> <span class='ocrx_word' id='word_1_135' title='bbox 2654 1512 2770 1564; x_wconf 84' lang='lat' dir='ltr'>bre·</span> 
     </span>
     <span class='ocr_line' id='line_1_16' title="bbox 496 1590 2769 1665; baseline 0.002 -25"><span class='ocrx_word' id='word_1_136' title='bbox 496 1590 672 1641; x_wconf 88' lang='lat' dir='ltr'>vitatis</span> <span class='ocrx_word' id='word_1_137' title='bbox 710 1591 927 1642; x_wconf 86' lang='lat' dir='ltr'>excessi.</span> <span class='ocrx_word' id='word_1_138' title='bbox 970 1591 1105 1656; x_wconf 85' lang='lat' dir='ltr'>Quis</span> <span class='ocrx_word' id='word_1_139' title='bbox 1143 1591 1283 1642; x_wconf 90' lang='lat' dir='ltr'>enim</span> <span class='ocrx_word' id='word_1_140' title='bbox 1321 1610 1573 1660; x_wconf 89' lang='lat' dir='ltr'>umquam</span> <span class='ocrx_word' id='word_1_141' title='bbox 1615 1591 1800 1661; x_wconf 89' lang='lat' dir='ltr'>paucis</span> <span class='ocrx_word' id='word_1_142' title='bbox 1837 1600 2012 1660; x_wconf 88' lang='lat' dir='ltr'>potest</span> <span class='ocrx_word' id='word_1_143' title='bbox 2047 1590 2126 1642; x_wconf 87' lang='lat' dir='ltr'>vel</span> <span class='ocrx_word' id='word_1_144' title='bbox 2174 1591 2564 1661; x_wconf 87' lang='lat' dir='ltr'>compendiosis</span> <span class='ocrx_word' id='word_1_145' title='bbox 2607 1595 2769 1665; x_wconf 84' lang='lat' dir='ltr'>expli·</span> 
     </span>
     <span class='ocr_line' id='line_1_17' title="bbox 495 1673 2767 1746; baseline 0.002 -22"><span class='ocrx_word' id='word_1_146' title='bbox 495 1691 612 1725; x_wconf 85' lang='lat' dir='ltr'>care</span> <span class='ocrx_word' id='word_1_147' title='bbox 643 1674 974 1725; x_wconf 88' lang='lat' dir='ltr'>sermonibus</span> <span class='ocrx_word' id='word_1_148' title='bbox 1018 1674 1250 1744; x_wconf 88' lang='lat' dir='ltr'>regulam</span> <span class='ocrx_word' id='word_1_149' title='bbox 1289 1674 1578 1745; x_wconf 73' lang='lat' dir='ltr'>baptismi?</span> <span class='ocrx_word' id='word_1_150' title='bbox 1615 1686 1665 1726; x_wconf 91' lang='lat' dir='ltr'>et</span> <span class='ocrx_word' id='word_1_151' title='bbox 1703 1674 1835 1745; x_wconf 91' lang='lat' dir='ltr'>quid</span> <span class='ocrx_word' id='word_1_152' title='bbox 1874 1675 1939 1726; x_wconf 89' lang='lat' dir='ltr'>sit</span> <span class='ocrx_word' id='word_1_153' title='bbox 1974 1673 2308 1744; x_wconf 69' lang='lat' dir='ltr'>baptismus?</span> <span class='ocrx_word' id='word_1_154' title='bbox 2340 1686 2390 1726; x_wconf 89' lang='lat' dir='ltr'>et</span> <span class='ocrx_word' id='word_1_155' title='bbox 2422 1687 2557 1746; x_wconf 91' lang='lat' dir='ltr'>quot</span> <span class='ocrx_word' id='word_1_156' title='bbox 2593 1677 2767 1729; x_wconf 89' lang='lat' dir='ltr'>modis</span> 
     </span>
     <span class='ocr_line' id='line_1_18' title="bbox 494 1756 2765 1833; baseline 0.005 -26"><span class='ocrx_word' id='word_1_157' title='bbox 494 1756 627 1808; x_wconf 73' lang='lat' dir='ltr'>fiat?</span> <span class='ocrx_word' id='word_1_158' title='bbox 669 1768 721 1808; x_wconf 93' lang='lat' dir='ltr'>et</span> <span class='ocrx_word' id='word_1_159' title='bbox 752 1777 780 1808; x_wconf 91' lang='lat' dir='ltr'>a</span> <span class='ocrx_word' id='word_1_160' title='bbox 807 1777 916 1827; x_wconf 88' lang='lat' dir='ltr'>quo</span> <span class='ocrx_word' id='word_1_161' title='bbox 955 1758 1176 1827; x_wconf 84' lang='lat' dir='ltr'>sumpsit</span> <span class='ocrx_word' id='word_1_162' title='bbox 1201 1757 1515 1810; x_wconf 70' lang='lat' dir='ltr'>exordium?</span> <span class='ocrx_word' id='word_1_163' title='bbox 1548 1770 1600 1810; x_wconf 90' lang='lat' dir='ltr'>et</span> <span class='ocrx_word' id='word_1_164' title='bbox 1632 1758 1851 1829; x_wconf 88' lang='lat' dir='ltr'>quando</span> <span class='ocrx_word' id='word_1_165' title='bbox 1870 1801 1881 1822; x_wconf 91' lang='lat'>,</span> <span class='ocrx_word' id='word_1_166' title='bbox 1912 1772 1963 1813; x_wconf 91' lang='lat' dir='ltr'>et</span> <span class='ocrx_word' id='word_1_167' title='bbox 1998 1762 2093 1813; x_wconf 89' lang='lat' dir='ltr'>ubi</span> <span class='ocrx_word' id='word_1_168' title='bbox 2122 1774 2173 1814; x_wconf 89' lang='lat' dir='ltr'>et</span> <span class='ocrx_word' id='word_1_169' title='bbox 2209 1763 2480 1833; x_wconf 89' lang='lat' dir='ltr'>quomodo</span> <span class='ocrx_word' id='word_1_170' title='bbox 2512 1766 2765 1818; x_wconf 89' lang='lat' dir='ltr'>celebrari</span> 
     </span>
     <span class='ocr_line' id='line_1_19' title="bbox 496 1838 2767 1921; baseline 0.005 -31"><span class='ocrx_word' id='word_1_171' title='bbox 496 1838 710 1902; x_wconf 81' lang='lat' dir='ltr'>debeat,</span> <span class='ocrx_word' id='word_1_172' title='bbox 751 1853 803 1891; x_wconf 91' lang='lat' dir='ltr'>et</span> <span class='ocrx_word' id='word_1_173' title='bbox 835 1840 900 1891; x_wconf 90' lang='lat' dir='ltr'>de</span> <span class='ocrx_word' id='word_1_174' title='bbox 941 1840 1176 1892; x_wconf 82' lang='lat' dir='ltr'>eiusdem</span> <span class='ocrx_word' id='word_1_175' title='bbox 1215 1840 1467 1894; x_wconf 91' lang='lat' dir='ltr'>divinitus</span> <span class='ocrx_word' id='word_1_176' title='bbox 1504 1860 1753 1894; x_wconf 89' lang='lat' dir='ltr'>concesso</span> <span class='ocrx_word' id='word_1_177' title='bbox 1791 1844 2107 1914; x_wconf 71' lang='lat' dir='ltr'>privilegio?</span> <span class='ocrx_word' id='word_1_178' title='bbox 2144 1846 2349 1898; x_wconf 88' lang='lat' dir='ltr'>Deinde</span> <span class='ocrx_word' id='word_1_179' title='bbox 2390 1848 2522 1918; x_wconf 90' lang='lat' dir='ltr'>quid</span> <span class='ocrx_word' id='word_1_180' title='bbox 2549 1850 2615 1901; x_wconf 88' lang='lat' dir='ltr'>sit</span> <span class='ocrx_word' id='word_1_181' title='bbox 2655 1852 2767 1921; x_wconf 88' lang='lat' dir='ltr'>epi·</span> 
     </span>
     <span class='ocr_line' id='line_1_20' title="bbox 498 1925 2766 2000; baseline 0.004 -26"><span class='ocrx_word' id='word_1_182' title='bbox 498 1936 772 1995; x_wconf 88' lang='lat' dir='ltr'>scopatus,</span> <span class='ocrx_word' id='word_1_183' title='bbox 818 1936 869 1976; x_wconf 92' lang='grc'>01</span> <span class='ocrx_word' id='word_1_184' title='bbox 911 1925 1137 1995; x_wconf 86' lang='lat' dir='ltr'>qualiter</span> <span class='ocrx_word' id='word_1_185' title='bbox 1174 1937 1226 1976; x_wconf 91' lang='lat' dir='ltr'>et</span> <span class='ocrx_word' id='word_1_186' title='bbox 1264 1925 1435 1995; x_wconf 89' lang='lat' dir='ltr'>qualis</span> <span class='ocrx_word' id='word_1_187' title='bbox 1469 1925 1750 1996; x_wconf 90' lang='lat' dir='ltr'>episcopus</span> <span class='ocrx_word' id='word_1_188' title='bbox 1791 1927 1910 1997; x_wconf 84' lang='lat' dir='ltr'>eligi</span> <span class='ocrx_word' id='word_1_189' title='bbox 1945 1927 2163 1992; x_wconf 91' lang='lat' dir='ltr'>debeat,</span> <span class='ocrx_word' id='word_1_190' title='bbox 2212 1942 2262 1981; x_wconf 91' lang='lat' dir='ltr'>et</span> <span class='ocrx_word' id='word_1_191' title='bbox 2297 1931 2542 2000; x_wconf 87' lang='lat' dir='ltr'>quandO,</span> <span class='ocrx_word' id='word_1_192' title='bbox 2582 1944 2635 1984; x_wconf 89' lang='lat' dir='ltr'>et</span> <span class='ocrx_word' id='word_1_193' title='bbox 2671 1933 2766 1985; x_wconf 92' lang='lat' dir='ltr'>ubi</span> 
     </span>
     <span class='ocr_line' id='line_1_21' title="bbox 498 2007 2783 2085; baseline 0.004 -27"><span class='ocrx_word' id='word_1_194' title='bbox 498 2019 547 2059; x_wconf 88' lang='lat' dir='ltr'>et</span> <span class='ocrx_word' id='word_1_195' title='bbox 581 2028 610 2059; x_wconf 91' lang='lat' dir='ltr'>a</span> <span class='ocrx_word' id='word_1_196' title='bbox 648 2008 847 2079; x_wconf 88' lang='lat' dir='ltr'>quibus</span> <span class='ocrx_word' id='word_1_197' title='bbox 870 2049 882 2072; x_wconf 89' lang='lat'>‚</span> <span class='ocrx_word' id='word_1_198' title='bbox 927 2021 979 2059; x_wconf 88' lang='lat' dir='ltr'>et</span> <span class='ocrx_word' id='word_1_199' title='bbox 1011 2007 1284 2078; x_wconf 89' lang='lat' dir='ltr'>quomodo</span> <span class='ocrx_word' id='word_1_200' title='bbox 1325 2009 1635 2079; x_wconf 77' lang='lat' dir='ltr'>regulariter</span> <span class='ocrx_word' id='word_1_201' title='bbox 1673 2022 2037 2075; x_wconf 85' lang='lat' dir='ltr'>consacretur,</span> <span class='ocrx_word' id='word_1_202' title='bbox 2070 2024 2122 2064; x_wconf 90' lang='lat' dir='ltr'>et</span> <span class='ocrx_word' id='word_1_203' title='bbox 2152 2013 2379 2084; x_wconf 87' lang='lat' dir='ltr'>qualiter</span> <span class='ocrx_word' id='word_1_204' title='bbox 2414 2026 2536 2084; x_wconf 90' lang='lat' dir='ltr'>post</span> <span class='ocrx_word' id='word_1_205' title='bbox 2569 2016 2783 2085; x_wconf 73' lang='lat' dir='ltr'>episco-&#39;</span> 
     </span>
     <span class='ocr_line' id='line_1_22' title="bbox 499 2092 2765 2164; baseline 0.004 -21"><span class='ocrx_word' id='word_1_206' title='bbox 499 2092 688 2163; x_wconf 85' lang='lat' dir='ltr'>paliter</span> <span class='ocrx_word' id='word_1_207' title='bbox 718 2093 893 2144; x_wconf 89' lang='lat' dir='ltr'>vivere</span> <span class='ocrx_word' id='word_1_208' title='bbox 932 2092 1106 2144; x_wconf 90' lang='lat' dir='ltr'>debet.</span> <span class='ocrx_word' id='word_1_209' title='bbox 1150 2094 1215 2144; x_wconf 90' lang='lat' dir='ltr'>Et</span> <span class='ocrx_word' id='word_1_210' title='bbox 1251 2092 1315 2144; x_wconf 89' lang='lat' dir='ltr'>de</span> <span class='ocrx_word' id='word_1_211' title='bbox 1360 2093 1669 2144; x_wconf 81' lang='lat' dir='ltr'>excellentia</span> <span class='ocrx_word' id='word_1_212' title='bbox 1704 2095 2126 2164; x_wconf 89' lang='lat' dir='ltr'>metropolitani,</span> <span class='ocrx_word' id='word_1_213' title='bbox 2177 2107 2230 2147; x_wconf 90' lang='lat' dir='ltr'>et</span> <span class='ocrx_word' id='word_1_214' title='bbox 2266 2097 2378 2148; x_wconf 90' lang='lat' dir='ltr'>eius</span> <span class='ocrx_word' id='word_1_215' title='bbox 2415 2098 2674 2151; x_wconf 88' lang='lat' dir='ltr'>electione</span> <span class='ocrx_word' id='word_1_216' title='bbox 2712 2111 2765 2151; x_wconf 92' lang='lat' dir='ltr'>et</span> 
     </span>
     <span class='ocr_line' id='line_1_23' title="bbox 498 2170 2766 2253; baseline 0.003 -27"><span class='ocrx_word' id='word_1_217' title='bbox 498 2177 893 2227; x_wconf 87' lang='lat' dir='ltr'>consecratione</span> <span class='ocrx_word' id='word_1_218' title='bbox 915 2218 926 2239; x_wconf 90' lang='lat'>‚</span> <span class='ocrx_word' id='word_1_219' title='bbox 968 2195 1021 2227; x_wconf 92' lang='lat' dir='ltr'>es</span> <span class='ocrx_word' id='word_1_220' title='bbox 1054 2170 1119 2228; x_wconf 88' lang='lat' dir='ltr'>de</span> <span class='ocrx_word' id='word_1_221' title='bbox 1157 2196 1257 2228; x_wconf 88' lang='lat' dir='ltr'>usu</span> <span class='ocrx_word' id='word_1_222' title='bbox 1294 2177 1439 2247; x_wconf 85' lang='lat' dir='ltr'>pallii</span> <span class='ocrx_word' id='word_1_223' title='bbox 1478 2189 1529 2228; x_wconf 91' lang='lat' dir='ltr'>et</span> <span class='ocrx_word' id='word_1_224' title='bbox 1566 2178 1679 2229; x_wconf 90' lang='lat' dir='ltr'>eius</span> <span class='ocrx_word' id='word_1_225' title='bbox 1717 2179 1893 2247; x_wconf 85' lang='lat' dir='ltr'>genio.</span> <span class='ocrx_word' id='word_1_226' title='bbox 1935 2179 2001 2230; x_wconf 89' lang='lat' dir='ltr'>Et</span> <span class='ocrx_word' id='word_1_227' title='bbox 2030 2177 2177 2250; x_wconf 89' lang='lat' dir='ltr'>quod</span> <span class='ocrx_word' id='word_1_228' title='bbox 2203 2178 2505 2231; x_wconf 88' lang='lat' dir='ltr'>honorandi</span> <span class='ocrx_word' id='word_1_229' title='bbox 2531 2181 2636 2232; x_wconf 92' lang='lat' dir='ltr'>sint</span> <span class='ocrx_word' id='word_1_230' title='bbox 2661 2183 2766 2253; x_wconf 89' lang='lat' dir='ltr'>epi-</span> 
     </span>
     <span class='ocr_line' id='line_1_24' title="bbox 503 2259 2762 2336; baseline 0.003 -26"><span class='ocrx_word' id='word_1_231' title='bbox 503 2260 649 2330; x_wconf 83' lang='lat' dir='ltr'>scopi</span> <span class='ocrx_word' id='word_1_232' title='bbox 675 2260 742 2311; x_wconf 89' lang='lat' dir='ltr'>ab</span> <span class='ocrx_word' id='word_1_233' title='bbox 769 2260 1076 2311; x_wconf 89' lang='lat' dir='ltr'>hominibus</span> <span class='ocrx_word' id='word_1_234' title='bbox 1113 2271 1166 2311; x_wconf 92' lang='lat' dir='ltr'>et</span> <span class='ocrx_word' id='word_1_235' title='bbox 1202 2279 1313 2311; x_wconf 92' lang='lat' dir='ltr'>non</span> <span class='ocrx_word' id='word_1_236' title='bbox 1351 2259 1633 2312; x_wconf 90' lang='lat' dir='ltr'>lacerandi.</span> <span class='ocrx_word' id='word_1_237' title='bbox 1677 2262 1743 2312; x_wconf 84' lang='lat' dir='ltr'>Et</span> <span class='ocrx_word' id='word_1_238' title='bbox 1768 2280 1904 2331; x_wconf 88' lang='lat' dir='ltr'>quae</span> <span class='ocrx_word' id='word_1_239' title='bbox 1931 2281 2187 2332; x_wconf 82' lang='lat' dir='ltr'>personae</span> <span class='ocrx_word' id='word_1_240' title='bbox 2219 2263 2273 2314; x_wconf 89' lang='lat' dir='ltr'>in</span> <span class='ocrx_word' id='word_1_241' title='bbox 2300 2264 2632 2316; x_wconf 89' lang='lat' dir='ltr'>accusatione</span> <span class='ocrx_word' id='word_1_242' title='bbox 2657 2266 2762 2336; x_wconf 89' lang='lat' dir='ltr'>epi-</span> 
     </span>
     <span class='ocr_line' id='line_1_25' title="bbox 496 2343 2767 2416; baseline 0.002 -22"><span class='ocrx_word' id='word_1_243' title='bbox 496 2362 777 2413; x_wconf 89' lang='lat' dir='ltr'>scoporum</span> <span class='ocrx_word' id='word_1_244' title='bbox 810 2343 1165 2413; x_wconf 86' lang='lat' dir='ltr'>recipiantur,</span> <span class='ocrx_word' id='word_1_245' title='bbox 1208 2362 1411 2414; x_wconf 91' lang='lat' dir='ltr'>quaeve</span> <span class='ocrx_word' id='word_1_246' title='bbox 1447 2343 1824 2415; x_wconf 75' lang='lat' dir='ltr'>repudIentur,</span> <span class='ocrx_word' id='word_1_247' title='bbox 1869 2357 1922 2396; x_wconf 91' lang='lat' dir='ltr'>et</span> <span class='ocrx_word' id='word_1_248' title='bbox 1959 2346 2053 2416; x_wconf 89' lang='lat' dir='ltr'>qui</span> <span class='ocrx_word' id='word_1_249' title='bbox 2091 2346 2196 2397; x_wconf 90' lang='lat' dir='ltr'>sint</span> <span class='ocrx_word' id='word_1_250' title='bbox 2232 2346 2470 2397; x_wconf 89' lang='lat' dir='ltr'>infames.</span> <span class='ocrx_word' id='word_1_251' title='bbox 2510 2348 2576 2398; x_wconf 90' lang='lat' dir='ltr'>Et</span> <span class='ocrx_word' id='word_1_252' title='bbox 2601 2346 2667 2399; x_wconf 88' lang='lat' dir='ltr'>de</span> <span class='ocrx_word' id='word_1_253' title='bbox 2690 2349 2767 2399; x_wconf 92' lang='grc'>111-</span> 
     </span>
     <span class='ocr_line' id='line_1_26' title="bbox 498 2422 2767 2497; baseline 0.003 -20"><span class='ocrx_word' id='word_1_254' title='bbox 498 2425 659 2477; x_wconf 89' lang='lat' dir='ltr'>dusiis</span> <span class='ocrx_word' id='word_1_255' title='bbox 697 2427 1068 2497; x_wconf 90' lang='lat' dir='ltr'>episcoporum</span> <span class='ocrx_word' id='word_1_256' title='bbox 1089 2468 1101 2491; x_wconf 86' lang='lat'>,</span> <span class='ocrx_word' id='word_1_257' title='bbox 1131 2439 1183 2478; x_wconf 93' lang='lat' dir='ltr'>et</span> <span class='ocrx_word' id='word_1_258' title='bbox 1209 2427 1275 2478; x_wconf 91' lang='lat' dir='ltr'>de</span> <span class='ocrx_word' id='word_1_259' title='bbox 1314 2446 1498 2479; x_wconf 88' lang='lat' dir='ltr'>eorum</span> <span class='ocrx_word' id='word_1_260' title='bbox 1530 2422 1754 2490; x_wconf 90' lang='lat' dir='ltr'>iudicio,</span> <span class='ocrx_word' id='word_1_261' title='bbox 1796 2439 1847 2479; x_wconf 91' lang='lat' dir='ltr'>et</span> <span class='ocrx_word' id='word_1_262' title='bbox 1880 2427 1946 2480; x_wconf 92' lang='lat' dir='ltr'>de</span> <span class='ocrx_word' id='word_1_263' title='bbox 1976 2428 2211 2480; x_wconf 91' lang='lat' dir='ltr'>conciliis</span> <span class='ocrx_word' id='word_1_264' title='bbox 2237 2429 2594 2492; x_wconf 87' lang='lat' dir='ltr'>celebrandis,</span> <span class='ocrx_word' id='word_1_265' title='bbox 2625 2442 2675 2482; x_wconf 87' lang='lat' dir='ltr'>et</span> <span class='ocrx_word' id='word_1_266' title='bbox 2699 2430 2767 2483; x_wconf 89' lang='lat' dir='ltr'>de</span> 
     </span>
     <span class='ocr_line' id='line_1_27' title="bbox 496 2510 2767 2584; baseline 0.003 -24"><span class='ocrx_word' id='word_1_267' title='bbox 496 2511 786 2562; x_wconf 87' lang='lat' dir='ltr'>mutatione</span> <span class='ocrx_word' id='word_1_268' title='bbox 819 2510 1125 2562; x_wconf 90' lang='lat' dir='ltr'>eorumdem</span> <span class='ocrx_word' id='word_1_269' title='bbox 1159 2511 1401 2562; x_wconf 89' lang='lat' dir='ltr'>utilitatis</span> <span class='ocrx_word' id='word_1_270' title='bbox 1436 2530 1591 2562; x_wconf 85' lang='grc'>031153</span> <span class='ocrx_word' id='word_1_271' title='bbox 1625 2511 1705 2563; x_wconf 89' lang='lat' dir='ltr'>vel</span> <span class='ocrx_word' id='word_1_272' title='bbox 1743 2512 2086 2563; x_wconf 90' lang='lat' dir='ltr'>necessitatis.</span> <span class='ocrx_word' id='word_1_273' title='bbox 2129 2513 2193 2563; x_wconf 88' lang='lat' dir='ltr'>Et</span> <span class='ocrx_word' id='word_1_274' title='bbox 2214 2531 2296 2564; x_wconf 74' lang='lat' dir='ltr'>vne</span> <span class='ocrx_word' id='word_1_275' title='bbox 2318 2513 2422 2564; x_wconf 88' lang='lat' dir='ltr'>sint</span> <span class='ocrx_word' id='word_1_276' title='bbox 2452 2514 2767 2584; x_wconf 87' lang='lat' dir='ltr'>praecipites</span> 
     </span>
     <span class='ocr_line' id='line_1_28' title="bbox 498 2593 2766 2667; baseline 0.002 -24"><span class='ocrx_word' id='word_1_277' title='bbox 498 2594 555 2644; x_wconf 87' lang='lat' dir='ltr'>in</span> <span class='ocrx_word' id='word_1_278' title='bbox 593 2593 780 2645; x_wconf 87' lang='lat' dir='ltr'>dandis</span> <span class='ocrx_word' id='word_1_279' title='bbox 819 2594 1111 2645; x_wconf 84' lang='grc' dir='ltr'>50111οη1115.</span> <span class='ocrx_word' id='word_1_280' title='bbox 1155 2595 1220 2645; x_wconf 89' lang='grc' dir='ltr'>Ε1</span> <span class='ocrx_word' id='word_1_281' title='bbox 1251 2595 1477 2665; x_wconf 88' lang='lat' dir='ltr'>qualiter</span> <span class='ocrx_word' id='word_1_282' title='bbox 1519 2595 1699 2659; x_wconf 88' lang='lat' dir='ltr'>missas</span> <span class='ocrx_word' id='word_1_283' title='bbox 1737 2594 1794 2644; x_wconf 88' lang='lat' dir='ltr'>in</span> <span class='ocrx_word' id='word_1_284' title='bbox 1831 2594 2026 2646; x_wconf 88' lang='lat' dir='ltr'>festivis</span> <span class='ocrx_word' id='word_1_285' title='bbox 2052 2594 2268 2657; x_wconf 89' lang='lat' dir='ltr'>diebus,</span> <span class='ocrx_word' id='word_1_286' title='bbox 2300 2595 2527 2666; x_wconf 86' lang='lat' dir='ltr'>qualiter</span> <span class='ocrx_word' id='word_1_287' title='bbox 2563 2597 2621 2648; x_wconf 89' lang='lat' dir='ltr'>in</span> <span class='ocrx_word' id='word_1_288' title='bbox 2656 2598 2766 2667; x_wconf 92' lang='lat' dir='ltr'>pri-</span> 
     </span>
     <span class='ocr_line' id='line_1_29' title="bbox 497 2677 2767 2744; baseline 0.002 -17"><span class='ocrx_word' id='word_1_289' title='bbox 497 2678 629 2728; x_wconf 88' lang='lat' dir='ltr'>vatis</span> <span class='ocrx_word' id='word_1_290' title='bbox 668 2677 936 2744; x_wconf 87' lang='lat' dir='ltr'>celebrare</span> <span class='ocrx_word' id='word_1_291' title='bbox 976 2677 1222 2729; x_wconf 84' lang='lat' dir='ltr'>debeant.</span> <span class='ocrx_word' id='word_1_292' title='bbox 1265 2679 1330 2730; x_wconf 86' lang='lat' dir='ltr'>Et</span> <span class='ocrx_word' id='word_1_293' title='bbox 1374 2677 1440 2729; x_wconf 91' lang='lat' dir='ltr'>de</span> <span class='ocrx_word' id='word_1_294' title='bbox 1490 2677 1821 2729; x_wconf 85' lang='lat' dir='ltr'>confectione</span> <span class='ocrx_word' id='word_1_295' title='bbox 1868 2678 2193 2741; x_wconf 86' lang='lat' dir='ltr'>chrismatis,</span> <span class='ocrx_word' id='word_1_296' title='bbox 2244 2683 2295 2730; x_wconf 87' lang='grc'>01</span> <span class='ocrx_word' id='word_1_297' title='bbox 2337 2680 2767 2732; x_wconf 86' lang='lat' dir='ltr'>reconciliatione</span> 
     </span>
     <span class='ocr_line' id='line_1_30' title="bbox 495 2760 2766 2833; baseline 0.002 -22"><span class='ocrx_word' id='word_1_298' title='bbox 495 2761 903 2830; x_wconf 83' lang='lat' dir='ltr'>paenitentium‚</span> <span class='ocrx_word' id='word_1_299' title='bbox 950 2773 1001 2812; x_wconf 90' lang='lat' dir='ltr'>et</span> <span class='ocrx_word' id='word_1_300' title='bbox 1039 2760 1103 2812; x_wconf 92' lang='lat' dir='ltr'>de</span> <span class='ocrx_word' id='word_1_301' title='bbox 1144 2760 1470 2813; x_wconf 89' lang='lat' dir='ltr'>celebrandis</span> <span class='ocrx_word' id='word_1_302' title='bbox 1508 2760 1964 2825; x_wconf 89' lang='lat' dir='ltr'>ordinationibus,</span> <span class='ocrx_word' id='word_1_303' title='bbox 2004 2761 2222 2832; x_wconf 89' lang='lat' dir='ltr'>quando</span> <span class='ocrx_word' id='word_1_304' title='bbox 2258 2773 2310 2813; x_wconf 92' lang='lat' dir='ltr'>et</span> <span class='ocrx_word' id='word_1_305' title='bbox 2348 2762 2442 2813; x_wconf 88' lang='lat' dir='ltr'>ubi</span> <span class='ocrx_word' id='word_1_306' title='bbox 2467 2774 2532 2813; x_wconf 76' lang='lat' dir='ltr'>‘et</span> <span class='ocrx_word' id='word_1_307' title='bbox 2566 2763 2766 2833; x_wconf 88' lang='lat' dir='ltr'>quibus</span> 
     </span>
     <span class='ocr_line' id='line_1_31' title="bbox 497 2843 2766 2915; baseline 0.002 -21"><span class='ocrx_word' id='word_1_308' title='bbox 497 2843 710 2895; x_wconf 89' lang='lat' dir='ltr'>ordines</span> <span class='ocrx_word' id='word_1_309' title='bbox 739 2845 843 2895; x_wconf 91' lang='lat' dir='ltr'>sint</span> <span class='ocrx_word' id='word_1_310' title='bbox 881 2844 1178 2909; x_wconf 81' lang='lat' dir='ltr'>tribuendi,</span> <span class='ocrx_word' id='word_1_311' title='bbox 1221 2845 1482 2915; x_wconf 89' lang='lat' dir='ltr'>quibusve</span> <span class='ocrx_word' id='word_1_312' title='bbox 1518 2845 1748 2897; x_wconf 90' lang='lat' dir='ltr'>minime.</span> <span class='ocrx_word' id='word_1_313' title='bbox 1782 2847 1968 2896; x_wconf 88' lang='lat' dir='ltr'>Postea</span> <span class='ocrx_word' id='word_1_314' title='bbox 2000 2863 2126 2896; x_wconf 90' lang='lat' dir='ltr'>vero</span> <span class='ocrx_word' id='word_1_315' title='bbox 2165 2844 2230 2896; x_wconf 86' lang='lat' dir='ltr'>de</span> <span class='ocrx_word' id='word_1_316' title='bbox 2259 2845 2565 2897; x_wconf 84' lang='lat' dir='ltr'>excellentia</span> <span class='ocrx_word' id='word_1_317' title='bbox 2602 2864 2766 2898; x_wconf 86' lang='lat' dir='ltr'>roma-</span> 
     </span>
     <span class='ocr_line' id='line_1_32' title="bbox 495 2927 2765 2999; baseline 0.001 -22"><span class='ocrx_word' id='word_1_318' title='bbox 495 2946 594 2979; x_wconf 85' lang='lat' dir='ltr'>nae</span> <span class='ocrx_word' id='word_1_319' title='bbox 633 2928 909 2991; x_wconf 86' lang='lat' dir='ltr'>ecclesiae,</span> <span class='ocrx_word' id='word_1_320' title='bbox 948 2940 998 2979; x_wconf 86' lang='lat' dir='ltr'>et</span> <span class='ocrx_word' id='word_1_321' title='bbox 1026 2928 1091 2980; x_wconf 88' lang='lat' dir='ltr'>de</span> <span class='ocrx_word' id='word_1_322' title='bbox 1127 2928 1411 2999; x_wconf 86' lang='lat' dir='ltr'>privilegiis</span> <span class='ocrx_word' id='word_1_323' title='bbox 1441 2927 1510 2980; x_wconf 92' lang='lat' dir='ltr'>ad</span> <span class='ocrx_word' id='word_1_324' title='bbox 1539 2929 1805 2998; x_wconf 85' lang='lat' dir='ltr'>praefatae</span> <span class='ocrx_word' id='word_1_325' title='bbox 1834 2928 2080 2980; x_wconf 84' lang='lat' dir='ltr'>ecclesiae</span> <span class='ocrx_word' id='word_1_326' title='bbox 2112 2929 2422 2999; x_wconf 87' lang='lat' dir='ltr'>episcopum</span> <span class='ocrx_word' id='word_1_327' title='bbox 2449 2929 2765 2999; x_wconf 88' lang='lat' dir='ltr'>pertinenti-</span> 
     </span>
     <span class='ocr_line' id='line_1_33' title="bbox 494 3010 2765 3082; baseline 0 -21"><span class='ocrx_word' id='word_1_328' title='bbox 494 3011 620 3073; x_wconf 85' lang='lat' dir='ltr'>bus,</span> <span class='ocrx_word' id='word_1_329' title='bbox 663 3022 713 3062; x_wconf 91' lang='lat' dir='ltr'>et</span> <span class='ocrx_word' id='word_1_330' title='bbox 754 3010 818 3062; x_wconf 91' lang='lat' dir='ltr'>de</span> <span class='ocrx_word' id='word_1_331' title='bbox 858 3012 1333 3063; x_wconf 89' lang='lat' dir='ltr'>consuetudinibus</span> <span class='ocrx_word' id='word_1_332' title='bbox 1370 3011 1621 3063; x_wconf 88' lang='lat' dir='ltr'>eiusdem.</span> <span class='ocrx_word' id='word_1_333' title='bbox 1675 3013 1742 3063; x_wconf 85' lang='lat' dir='ltr'>Et</span> <span class='ocrx_word' id='word_1_334' title='bbox 1779 3011 1928 3082; x_wconf 91' lang='lat' dir='ltr'>quod</span> <span class='ocrx_word' id='word_1_335' title='bbox 1973 3012 2179 3063; x_wconf 90' lang='lat' dir='ltr'>romani</span> <span class='ocrx_word' id='word_1_336' title='bbox 2226 3011 2504 3082; x_wconf 86' lang='lat' dir='ltr'>pontifices</span> <span class='ocrx_word' id='word_1_337' title='bbox 2540 3030 2571 3062; x_wconf 91' lang='lat' dir='ltr'>a</span> <span class='ocrx_word' id='word_1_338' title='bbox 2605 3011 2765 3063; x_wconf 89' lang='lat' dir='ltr'>beato</span> 
     </span>
     <span class='ocr_line' id='line_1_34' title="bbox 497 3091 2996 3170; baseline 0.001 -27"><span class='ocrx_word' id='word_1_339' title='bbox 497 3095 652 3145; x_wconf 83' lang='lat' dir='ltr'>Petro</span> <span class='ocrx_word' id='word_1_340' title='bbox 692 3114 861 3165; x_wconf 89' lang='lat' dir='ltr'>usque</span> <span class='ocrx_word' id='word_1_341' title='bbox 899 3095 966 3147; x_wconf 89' lang='lat' dir='ltr'>ad</span> <span class='ocrx_word' id='word_1_342' title='bbox 1004 3107 1183 3147; x_wconf 88' lang='lat' dir='ltr'>nostra</span> <span class='ocrx_word' id='word_1_343' title='bbox 1226 3108 1466 3166; x_wconf 89' lang='lat' dir='ltr'>tempora</span> <span class='ocrx_word' id='word_1_344' title='bbox 1509 3095 1809 3166; x_wconf 84' lang='lat' dir='ltr'>singillatim</span> <span class='ocrx_word' id='word_1_345' title='bbox 1847 3091 2220 3165; x_wconf 74' lang='lat' dir='ltr'>unuSquisque</span> <span class='ocrx_word' id='word_1_346' title='bbox 2252 3113 2349 3165; x_wconf 89' lang='lat' dir='ltr'>per</span> <span class='ocrx_word' id='word_1_347' title='bbox 2385 3113 2438 3146; x_wconf 89' lang='lat' dir='ltr'>se</span> <span class='ocrx_word' id='word_1_348' title='bbox 2475 3112 2675 3146; x_wconf 90' lang='lat' dir='ltr'>novum</span> <span class='ocrx_word' id='word_1_349' title='bbox 2706 3095 2764 3145; x_wconf 91' lang='lat' dir='ltr'>in</span> <span class='ocrx_word' id='word_1_350' title='bbox 2988 3153 2996 3170; x_wconf 22' lang='grc' dir='ltr'>,Ι</span> 
     </span>
     <span class='ocr_line' id='line_1_35' title="bbox 497 3177 2996 3249; baseline 0 -22"><span class='ocrx_word' id='word_1_351' title='bbox 497 3178 710 3229; x_wconf 86' lang='grc'>00010513</span> <span class='ocrx_word' id='word_1_352' title='bbox 741 3178 1029 3230; x_wconf 88' lang='lat' dir='ltr'>tenendum</span> <span class='ocrx_word' id='word_1_353' title='bbox 1061 3180 1288 3249; x_wconf 86' lang='lat' dir='ltr'>posteris</span> <span class='ocrx_word' id='word_1_354' title='bbox 1315 3178 1647 3231; x_wconf 87' lang='lat' dir='ltr'>mandavere.</span> <span class='ocrx_word' id='word_1_355' title='bbox 1686 3180 1751 3230; x_wconf 91' lang='lat' dir='ltr'>Et</span> <span class='ocrx_word' id='word_1_356' title='bbox 1785 3178 1850 3230; x_wconf 90' lang='lat' dir='ltr'>de</span> <span class='ocrx_word' id='word_1_357' title='bbox 1876 3178 2271 3230; x_wconf 89' lang='lat' dir='ltr'>consecratione</span> <span class='ocrx_word' id='word_1_358' title='bbox 2297 3178 2540 3229; x_wconf 86' lang='lat' dir='ltr'>altarium</span> <span class='ocrx_word' id='word_1_359' title='bbox 2570 3177 2652 3228; x_wconf 91' lang='lat' dir='ltr'>vel</span> <span class='ocrx_word' id='word_1_360' title='bbox 2678 3195 2762 3228; x_wconf 81' lang='lat' dir='ltr'>ec·</span> <span class='ocrx_word' id='word_1_361' title='bbox 2928 3186 2935 3246; x_wconf 38' lang='lat' dir='ltr'><em>j</em></span> <span class='ocrx_word' id='word_1_362' title='bbox 2989 3191 2996 3227; x_wconf 68' lang='grc' dir='ltr'><strong>ἱ</strong></span> 
     </span>
     <span class='ocr_line' id='line_1_36' title="bbox 500 3259 2991 3333; baseline 0 -23"><span class='ocrx_word' id='word_1_363' title='bbox 500 3261 803 3324; x_wconf 84' lang='lat' dir='ltr'>clesiarum,</span> <span class='ocrx_word' id='word_1_364' title='bbox 846 3274 896 3312; x_wconf 89' lang='lat' dir='ltr'>et</span> <span class='ocrx_word' id='word_1_365' title='bbox 938 3282 966 3313; x_wconf 88' lang='lat' dir='ltr'>a</span> <span class='ocrx_word' id='word_1_366' title='bbox 1004 3263 1199 3332; x_wconf 88' lang='lat' dir='ltr'>quibus</span> <span class='ocrx_word' id='word_1_367' title='bbox 1237 3274 1505 3333; x_wconf 91' lang='lat' dir='ltr'>sumptum</span> <span class='ocrx_word' id='word_1_368' title='bbox 1545 3263 1609 3314; x_wconf 88' lang='lat' dir='ltr'>sit</span> <span class='ocrx_word' id='word_1_369' title='bbox 1646 3261 1944 3314; x_wconf 83' lang='lat' dir='ltr'>exordium.</span> <span class='ocrx_word' id='word_1_370' title='bbox 1988 3262 2053 3312; x_wconf 89' lang='lat' dir='ltr'>Et</span> <span class='ocrx_word' id='word_1_371' title='bbox 2089 3260 2155 3313; x_wconf 89' lang='lat' dir='ltr'>de</span> <span class='ocrx_word' id='word_1_372' title='bbox 2196 3260 2416 3328; x_wconf 84' lang='lat' dir='ltr'>secundi</span> <span class='ocrx_word' id='word_1_373' title='bbox 2454 3259 2657 3312; x_wconf 89' lang='lat' dir='ltr'>ordinis</span> <span class='ocrx_word' id='word_1_374' title='bbox 2693 3278 2767 3311; x_wconf 88' lang='lat' dir='ltr'>sa·</span> <span class='ocrx_word' id='word_1_375' title='bbox 2986 3269 2991 3274; x_wconf 58' lang='lat'>&#39;⁴</span> 
     </span>
     <span class='ocr_line' id='line_1_37' title="bbox 498 3342 2761 3409; baseline 0 -16"><span class='ocrx_word' id='word_1_376' title='bbox 498 3343 799 3394; x_wconf 85' lang='lat' dir='ltr'>cerdotibus</span> <span class='ocrx_word' id='word_1_377' title='bbox 820 3386 831 3408; x_wconf 84' lang='lat'>,</span> <span class='ocrx_word' id='word_1_378' title='bbox 865 3356 916 3395; x_wconf 89' lang='grc'>01</span> <span class='ocrx_word' id='word_1_379' title='bbox 951 3345 1149 3409; x_wconf 85' lang='lat' dir='ltr'>levitis,</span> <span class='ocrx_word' id='word_1_380' title='bbox 1185 3365 1252 3397; x_wconf 91' lang='lat' dir='ltr'>ne</span> <span class='ocrx_word' id='word_1_381' title='bbox 1284 3344 1501 3397; x_wconf 90' lang='lat' dir='ltr'>modum</span> <span class='ocrx_word' id='word_1_382' title='bbox 1537 3364 1899 3397; x_wconf 89' lang='lat' dir='ltr'>mensuramve</span> <span class='ocrx_word' id='word_1_383' title='bbox 1931 3363 2078 3396; x_wconf 89' lang='lat' dir='ltr'>suam</span> <span class='ocrx_word' id='word_1_384' title='bbox 2116 3342 2390 3396; x_wconf 86' lang='lat' dir='ltr'>excedant.</span> <span class='ocrx_word' id='word_1_385' title='bbox 2428 3345 2493 3394; x_wconf 90' lang='lat' dir='ltr'>Et</span> <span class='ocrx_word' id='word_1_386' title='bbox 2518 3342 2584 3394; x_wconf 92' lang='lat' dir='ltr'>de</span> <span class='ocrx_word' id='word_1_387' title='bbox 2610 3343 2761 3395; x_wconf 91' lang='lat' dir='ltr'>casti-</span> 
     </span>
     <span class='ocr_line' id='line_1_38' title="bbox 495 3426 2766 3499; baseline 0 -22"><span class='ocrx_word' id='word_1_388' title='bbox 495 3438 600 3478; x_wconf 84' lang='lat' dir='ltr'>tate</span> <span class='ocrx_word' id='word_1_389' title='bbox 629 3426 958 3479; x_wconf 88' lang='lat' dir='ltr'>observanda</span> <span class='ocrx_word' id='word_1_390' title='bbox 996 3428 1062 3478; x_wconf 86' lang='lat' dir='ltr'>ab</span> <span class='ocrx_word' id='word_1_391' title='bbox 1092 3428 1164 3480; x_wconf 91' lang='lat' dir='ltr'>eis</span> <span class='ocrx_word' id='word_1_392' title='bbox 1185 3470 1197 3493; x_wconf 84' lang='lat'>‚</span> <span class='ocrx_word' id='word_1_393' title='bbox 1239 3440 1291 3480; x_wconf 90' lang='lat' dir='ltr'>et</span> <span class='ocrx_word' id='word_1_394' title='bbox 1322 3429 1547 3499; x_wconf 90' lang='lat' dir='ltr'>qualiter</span> <span class='ocrx_word' id='word_1_395' title='bbox 1572 3429 1963 3481; x_wconf 88' lang='lat' dir='ltr'>incontinentes</span> <span class='ocrx_word' id='word_1_396' title='bbox 1982 3426 2300 3479; x_wconf 86' lang='lat' dir='ltr'>iudicentur.</span> <span class='ocrx_word' id='word_1_397' title='bbox 2333 3427 2399 3477; x_wconf 91' lang='lat' dir='ltr'>Et</span> <span class='ocrx_word' id='word_1_398' title='bbox 2424 3427 2466 3477; x_wconf 90' lang='lat' dir='ltr'>si</span> <span class='ocrx_word' id='word_1_399' title='bbox 2491 3426 2622 3496; x_wconf 86' lang='lat' dir='ltr'>lapsi</span> <span class='ocrx_word' id='word_1_400' title='bbox 2648 3444 2766 3496; x_wconf 88' lang='lat' dir='ltr'>pos·</span> 
     </span>
     <span class='ocr_line' id='line_1_39' title="bbox 496 3508 2761 3581; baseline 0 -20"><span class='ocrx_word' id='word_1_401' title='bbox 496 3511 599 3561; x_wconf 87' lang='lat' dir='ltr'>sint</span> <span class='ocrx_word' id='word_1_402' title='bbox 636 3511 963 3579; x_wconf 82' lang='lat' dir='ltr'>recuperari,</span> <span class='ocrx_word' id='word_1_403' title='bbox 1005 3529 1188 3563; x_wconf 89' lang='lat' dir='ltr'>necne.</span> <span class='ocrx_word' id='word_1_404' title='bbox 1237 3513 1298 3563; x_wconf 85' lang='lat' dir='ltr'>Et</span> <span class='ocrx_word' id='word_1_405' title='bbox 1339 3511 1405 3563; x_wconf 88' lang='lat' dir='ltr'>de</span> <span class='ocrx_word' id='word_1_406' title='bbox 1447 3511 1674 3581; x_wconf 84' lang='lat' dir='ltr'>regulari</span> <span class='ocrx_word' id='word_1_407' title='bbox 1717 3511 2148 3573; x_wconf 89' lang='lat' dir='ltr'>conversatione,</span> <span class='ocrx_word' id='word_1_408' title='bbox 2192 3521 2243 3562; x_wconf 90' lang='lat' dir='ltr'>et</span> <span class='ocrx_word' id='word_1_409' title='bbox 2285 3508 2454 3574; x_wconf 87' lang='lat' dir='ltr'>unde,</span> <span class='ocrx_word' id='word_1_410' title='bbox 2497 3528 2528 3560; x_wconf 88' lang='lat' dir='ltr'>a</span> <span class='ocrx_word' id='word_1_411' title='bbox 2563 3509 2761 3579; x_wconf 90' lang='lat' dir='ltr'>quibus</span> 
     </span>
     <span class='ocr_line' id='line_1_40' title="bbox 494 3592 2763 3664; baseline -0 -20"><span class='ocrx_word' id='word_1_412' title='bbox 494 3594 718 3664; x_wconf 86' lang='lat' dir='ltr'>sumpsit</span> <span class='ocrx_word' id='word_1_413' title='bbox 764 3593 1061 3644; x_wconf 85' lang='lat' dir='ltr'>exordium.</span> <span class='ocrx_word' id='word_1_414' title='bbox 1104 3595 1308 3647; x_wconf 89' lang='lat' dir='ltr'>Deinde</span> <span class='ocrx_word' id='word_1_415' title='bbox 1348 3594 1491 3647; x_wconf 90' lang='lat' dir='ltr'>unde</span> <span class='ocrx_word' id='word_1_416' title='bbox 1538 3595 1828 3646; x_wconf 89' lang='lat' dir='ltr'>monastica</span> <span class='ocrx_word' id='word_1_417' title='bbox 1871 3595 2056 3664; x_wconf 87' lang='lat' dir='ltr'>religio</span> <span class='ocrx_word' id='word_1_418' title='bbox 2102 3593 2418 3655; x_wconf 87' lang='lat' dir='ltr'>manaverit,</span> <span class='ocrx_word' id='word_1_419' title='bbox 2466 3604 2518 3644; x_wconf 91' lang='lat' dir='ltr'>et</span> <span class='ocrx_word' id='word_1_420' title='bbox 2565 3592 2763 3663; x_wconf 90' lang='lat' dir='ltr'>quibus</span> 
     </span>
     <span class='ocr_line' id='line_1_41' title="bbox 498 3674 2754 3748; baseline -0.001 -20"><span class='ocrx_word' id='word_1_421' title='bbox 498 3677 802 3728; x_wconf 88' lang='lat' dir='ltr'>auctoribus</span> <span class='ocrx_word' id='word_1_422' title='bbox 844 3676 1094 3739; x_wconf 88' lang='lat' dir='ltr'>creverit,</span> <span class='ocrx_word' id='word_1_423' title='bbox 1137 3688 1188 3727; x_wconf 92' lang='grc'>01</span> <span class='ocrx_word' id='word_1_424' title='bbox 1225 3677 1450 3748; x_wconf 88' lang='lat' dir='ltr'>qualiter</span> <span class='ocrx_word' id='word_1_425' title='bbox 1488 3689 1553 3731; x_wconf 88' lang='lat' dir='ltr'>et.</span> <span class='ocrx_word' id='word_1_426' title='bbox 1577 3679 1747 3748; x_wconf 88' lang='lat' dir='ltr'>qualis</span> <span class='ocrx_word' id='word_1_427' title='bbox 1784 3678 1948 3730; x_wconf 92' lang='lat' dir='ltr'>abbas</span> <span class='ocrx_word' id='word_1_428' title='bbox 1986 3676 2176 3729; x_wconf 90' lang='lat' dir='ltr'>debeat</span> <span class='ocrx_word' id='word_1_429' title='bbox 2218 3676 2337 3746; x_wconf 88' lang='lat' dir='ltr'>eligi</span> <span class='ocrx_word' id='word_1_430' title='bbox 2381 3675 2460 3727; x_wconf 89' lang='lat' dir='ltr'>vel</span> <span class='ocrx_word' id='word_1_431' title='bbox 2499 3674 2754 3727; x_wconf 87' lang='lat' dir='ltr'>ordinari.</span> 
     </span>
    </p>

    <p class='ocr_par' dir='ltr' id='par_1_5' title="bbox 221 3759 2762 3915">
     <span class='ocr_line' id='line_1_42' title="bbox 221 3759 2762 3830; baseline -0.001 -21"><span class='ocrx_word' id='word_1_432' title='bbox 221 3769 289 3799; x_wconf 59' lang='lat' dir='ltr'>‹vod—</span> <span class='ocrx_word' id='word_1_433' title='bbox 311 3770 331 3798; x_wconf 71' lang='lat' dir='ltr'>f·</span> <span class='ocrx_word' id='word_1_434' title='bbox 353 3770 446 3798; x_wconf 60' lang='grc' dir='ltr'>ΒΜ·</span> <span class='ocrx_word' id='word_1_435' title='bbox 498 3761 564 3811; x_wconf 79' lang='lat' dir='ltr'>Et</span> <span class='ocrx_word' id='word_1_436' title='bbox 594 3760 660 3812; x_wconf 85' lang='lat' dir='ltr'>de</span> <span class='ocrx_word' id='word_1_437' title='bbox 699 3761 947 3830; x_wconf 88' lang='lat' dir='ltr'>singulari</span> <span class='ocrx_word' id='word_1_438' title='bbox 985 3759 1258 3829; x_wconf 86' lang='lat' dir='ltr'>privilegio</span> <span class='ocrx_word' id='word_1_439' title='bbox 1289 3761 1688 3814; x_wconf 90' lang='lat' dir='ltr'>monachorum.</span> <span class='ocrx_word' id='word_1_440' title='bbox 1732 3761 1867 3827; x_wconf 85' lang='lat' dir='ltr'>Quis</span> <span class='ocrx_word' id='word_1_441' title='bbox 1903 3761 2033 3812; x_wconf 86' lang='lat' dir='ltr'>haec</span> <span class='ocrx_word' id='word_1_442' title='bbox 2072 3773 2179 3812; x_wconf 89' lang='lat' dir='ltr'>tam</span> <span class='ocrx_word' id='word_1_443' title='bbox 2213 3759 2377 3811; x_wconf 89' lang='lat' dir='ltr'>multa</span> <span class='ocrx_word' id='word_1_444' title='bbox 2414 3770 2465 3810; x_wconf 89' lang='lat' dir='ltr'>et</span> <span class='ocrx_word' id='word_1_445' title='bbox 2499 3769 2605 3820; x_wconf 86' lang='lat' dir='ltr'>tam</span> <span class='ocrx_word' id='word_1_446' title='bbox 2642 3774 2762 3826; x_wconf 53' lang='lat' dir='ltr'>pro*</span> 
     </span>
     <span class='ocr_line' id='line_1_43' title="bbox 499 3837 2760 3915; baseline -0.002 -22"><span class='ocrx_word' id='word_1_447' title='bbox 499 3843 663 3895; x_wconf 86' lang='lat' dir='ltr'>funda</span> <span class='ocrx_word' id='word_1_448' title='bbox 705 3845 971 3897; x_wconf 90' lang='lat' dir='ltr'>succincto</span> <span class='ocrx_word' id='word_1_449' title='bbox 1012 3843 1207 3913; x_wconf 87' lang='lat' dir='ltr'>poterit</span> <span class='ocrx_word' id='word_1_450' title='bbox 1246 3844 1505 3915; x_wconf 87' lang='lat' dir='ltr'>explicare</span> <span class='ocrx_word' id='word_1_451' title='bbox 1542 3844 1819 3897; x_wconf 74' lang='lat' dir='ltr'>sermone?</span> <span class='ocrx_word' id='word_1_452' title='bbox 1855 3845 1945 3900; x_wconf 86' lang='lat' dir='ltr'>De</span> <span class='ocrx_word' id='word_1_453' title='bbox 1970 3844 2131 3914; x_wconf 85' lang='lat' dir='ltr'>regali</span> <span class='ocrx_word' id='word_1_454' title='bbox 2167 3862 2292 3895; x_wconf 88' lang='lat' dir='ltr'>vero</span> <span class='ocrx_word' id='word_1_455' title='bbox 2330 3841 2582 3910; x_wconf 85' lang='lat' dir='ltr'>dignitate</span> <span class='ocrx_word' id='word_1_456' title='bbox 2607 3878 2620 3901; x_wconf 95' lang='lat'>‚</span> <span class='ocrx_word' id='word_1_457' title='bbox 2663 3837 2760 3890; x_wconf 88' lang='lat' dir='ltr'>Dei</span> 
     </span>
    </p>
   </div>
   <div class='ocr_carea' id='block_1_5' title="bbox 2950 3245 2996 4184">
    <p class='ocr_par' dir='ltr' id='par_1_6' title="bbox 2950 3245 2996 4184">
     <span class='ocr_line' id='line_1_44' title="bbox 2950 3245 2996 4184; baseline 0 0"><span class='ocrx_word' id='word_1_458' title='bbox 2950 3245 2996 4184; x_wconf 95' lang='lat' dir='ltr'> </span> 
     </span>
    </p>
   </div>
  </div>
 </body>
</html>
