2996 4432
1163 259 1207 289 m
1241 257 1449 288 PSALMUM
1483 257 1529 287 Σ.

215 349 483 406 supet-pluet,
515 352 558 391 et
585 359 672 391 non
701 346 842 403 pluet,
864 344 1069 400 laqueos=
1105 355 1200 387 nam
1221 344 1307 386 iam

214 421 451 477 illaqueatis
465 451 478 474 ,
520 419 660 462 adbuc
695 416 1032 473 superpluuntur
1065 415 1220 471 laquei.
1255 415 1306 458 Id

213 491 286 534 illa
314 503 489 547 quoque
518 489 706 533 dictione
743 487 1087 530 demonstratur:
1136 486 1307 528 n-decli-

222 583 238 598 ι
274 567 420 605 nantes
447 565 588 605 autem
615 559 662 602 in
697 558 970 614 obliquitates
997 557 1180 605 adducet
1214 559 1308 600 Do-

221 652 238 670 »
273 634 413 676 minus
435 644 531 676 cum
553 629 826 686 operantibus
848 629 1130 685 iniquitatem.
1156 650 1171 666 ν
1195 630 1311 673 Utri-.⁶

174 699 182 703 ’
211 716 297 760 que
324 704 461 748 sensui
489 701 834 746 accommodabis
860 701 968 744 illud
997 701 1118 757 quod
1138 702 1183 757 in
1202 713 1309 756 pro-

211 775 369 819 verbiis
396 774 603 829 scriptum
625 777 690 816 est
719 772 774 816 de
794 773 1004 829 perversis
1020 787 1045 815 z·
1060 793 1077 809 a
1102 775 1191 816 vias
1209 786 1308 829 per-

217 866 234 883 ·
266 857 409 889 vemas
431 843 695 888 aversabitur
716 846 846 888 Deus.
871 863 888 880 υ
913 846 1020 888 Nam
1047 846 1163 888 iuxta
1185 845 1307 900 prio-

208 929 297 960 rem
311 927 502 969 sensum3
522 928 685 971 poenae
699 915 798 958 loco
814 920 941 959 erunt
960 927 1181 971 perversae
1199 907 1304 971 viae,

207 985 450 1029 bominibus
479 985 640 1029 malitia
663 972 886 1042 ‘perversis
924 986 1120 1029 oblatae:
1162 991 1308 1042 poste-

205 1057 319 1100 riore
348 1061 488 1100 autem
517 1069 644 1101 sensu
671 1057 921 1102 traditiones
941 1059 1236 1114 intelliguntur
1256 1058 1307 1101 il·v

205 1128 345 1171 lorum
363 1159 381 1181 ,
417 1128 576 1184 quibus
607 1129 839 1173 traduntur
867 1133 1020 1186 sponte
1050 1134 1300 1185 peccantest

206 1212 316 1255 quae
355 1205 454 1245 sunt
482 1201 700 1256 passiones
727 1202 1008 1256 ignominiae,
1040 1206 1082 1244 ct
1112 1202 1195 1244 alia
1223 1201 1305 1244 ibi-

205 1270 304 1313 dem
333 1276 564 1315 numerata.

267 1359 286 1378 ι
310 1343 426 1396 Ignis
466 1347 509 1385 et
544 1342 724 1399 sulphur
761 1347 806 1386 et
843 1344 1015 1399 spiritus
1053 1344 1267 1400 procellae
1287 1377 1299 1398 ,

211 1432 227 1449 υ
262 1420 360 1469 pars
389 1414 531 1457 calicis
572 1427 738 1457 eorum.
762 1434 778 1451 υ
820 1415 1022 1458 Molestae
1059 1416 1303 1471 punitiones

202 1483 464 1528 denotantur
483 1497 610 1541 saepe
635 1479 756 1541 'apud
778 1487 1035 1542 scripturam
1056 1487 1196 1530 calicis
1218 1499 1301 1529 vo-

202 1555 382 1609 cabulo;
399 1556 530 1599 veluti
549 1557 595 1599 in
607 1558 748 1600 Esaia:
773 1575 792 1594 ι
806 1569 982 1612 exsurge
999 1570 1177 1614 exsurge
1192 1559 1300 1602 Hie-

211 1647 227 1662 »
262 1627 445 1670 rusalem
460 1661 472 1682 ‚
505 1641 614 1683 quae
629 1628 777 1671 bibisti
797 1628 971 1671 calicem
991 1630 1139 1687 ruinae
1156 1661 1168 1684 ,
1202 1643 1300 1673 cra-

209 1718 226 1734 ·
260 1703 394 1742 terem
414 1699 572 1751 furoris
589 1731 602 1754 ‚
628 1704 671 1742 et
692 1700 874 1755 reliqua.
893 1719 911 1736 ι
937 1700 1017 1743 Sed
1039 1701 1166 1744 etiam
1186 1702 1301 1757 apud

203 1771 454 1813 Hieremiam
485 1771 598 1814 idem
625 1784 770 1814 sensus
802 1773 992 1827 aperitur
1014 1774 1092 1816 bac
1111 1774 1299 1817 locutio-

202 1854 282 1884 ne:
322 1861 339 1877 a
361 1842 468 1884 dixit
497 1843 703 1885 Dominus
746 1844 1015 1898 omnipotens
1035 1878 1046 1899 ‚
1090 1847 1201 1888 Deus
1232 1847 1299 1889 Is-

210 1933 224 1948 »
260 1913 446 1956 rabelis:
481 1926 600 1956 sume
631 1914 805 1956 calicem
834 1915 923 1957 vini
953 1917 1059 1958 meri
1088 1917 1142 1959 de
1174 1912 1319 1961 manu‘

207 2002 224 2019 ›-
259 1996 375 2036 mea,
409 1996 546 2039 eoque
569 1984 738 2040 potabis
760 1990 932 2038 gentes,
955 1986 1008 2029 ad
1030 2000 1133 2043 quas
1153 2001 1233 2043 ego
1256 1994 1300 2033 te

209 2075 224 2091 υ
260 2056 439 2098 mittam.
457 2074 475 2091 ¹·
499 2057 609 2098 Num
632 2069 735 2111 ergo
759 2063 1044 2115 congruenter
1065 2060 1154 2110 his,
1177 2074 1299 2116 prae-

198 2131 317 2170 sente
347 2139 522 2182 quoque
559 2127 658 2170 loco
691 2130 957 2183 punitionem
996 2131 1171 2175 denotat
1202 2146 1299 2188 pars

199 2197 342 2240 calicis
370 2198 473 2253 ipsis
502 2198 754 2242 distributi?
784 2202 1031 2255 praesertim
1072 2204 1171 2258 quia
1201 2205 1296 2259 ple-

197 2268 349 2312 nitudo
386 2269 539 2312 calicis
569 2269 695 2313 huius
732 2276 795 2314 est
832 2273 967 2326 ignis,
1011 2274 1192 2328 sulphur
1211 2306 1223 2327 ,
1256 2281 1299 2318 et

197 2341 371 2396 spiritus
389 2341 630 2395 procellae:
657 2345 777 2386 cuius
798 2343 995 2399 symbola
1012 2349 1132 2388 erant
1147 2376 1159 2399 ‚
1191 2359 1298 2402 quae

196 2413 241 2454 in
271 2414 413 2466 genesi
442 2412 716 2466 scribuntur,
758 2427 993 2469 poenarum
1030 2427 1184 2469 genera
1213 2419 1296 2461 So-

197 2471 342 2525 domis
365 2487 410 2525 et
439 2484 674 2526 Gomorrae
695 2485 950 2529 inflictarum
971 2501 995 2530 a
1016 2489 1216 2532 Domine.
1248 2493 1298 2535 Et

196 2554 306 2607 ignis
343 2554 517 2608 quidem
561 2555 772 2609 significat
811 2557 1090 2601 inflammatas
1130 2562 1292 2605 minas:

196 2623 404 2678 sulphur,
436 2625 644 2680 impetum
673 2638 761 2681 quo
794 2627 904 2682 ignis
934 2631 1068 2684 magis
1104 2631 1298 2675 incendi-

195 2699 297 2736 tur:
338 2695 519 2750 denique
557 2697 732 2752 spiritus
768 2699 982 2753 procellae
1001 2733 1013 2755 ,
1054 2704 1297 2747 tentationis

195 2765 408 2808 turbinem
440 2767 666 2821 quemdam
692 2768 974 2812 demonstrat.
998 2772 1125 2824 Quod
1155 2778 1296 2818 autem

194 2836 473 2879 tentationem
492 2838 682 2892 procella
699 2839 910 2893 significet
925 2874 937 2895 ,
957 2844 1180 2897 perspicue
1200 2857 1298 2899 pos·

194 2921 338 2951 sumus
361 2908 522 2952 discere
550 2923 601 2952 ex
631 2912 754 2953 Esaia
793 2912 1032 2955 scribente:
1073 2933 1089 2949 «ι
1116 2919 1158 2956 ct
1187 2916 1296 2959 sicut

201 3000 217 3015 ι»
253 2981 438 3035 procella
456 2993 530 3035 per
547 2980 762 3024 desertum
782 2983 992 3026 transiens
1004 3017 1016 3038 ,
1036 2985 1079 3026 in
1101 2988 1294 3039 proximo

202 3071 216 3086 ›-
232 3080 235 3081 ν
252 3050 453 3094 terribilis
473 3063 680 3106 saevaque
701 3053 814 3095 visio'
828 3055 1024 3100 nunciata
1045 3055 1151 3098 mihi
1171 3060 1250 3101 est.
1271 3077 1289 3094 ν

192 3123 421 3177 Fugiamus
441 3133 544 3176 ergo
565 3123 825 3177 impietatem
843 3154 856 3179 ‚
877 3130 928 3171 ut
947 3126 1194 3170 huiusmodi
1218 3142 1293 3171 ca-

191 3195 251 3237 lix
282 3195 433 3250 procul
453 3195 577 3237 nobis
595 3196 673 3250 sit„
695 3200 741 3238 et¹
756 3196 826 3251 pie
843 3197 1061 3251 vivamu83
1098 3203 1147 3241 nt
1169 3199 1293 3243 biba-

189 3279 284 3309 mus
299 3266 357 3309 ad
377 3265 625 3327 ebrietatem
645 3265 766 3322 quod
785 3271 848 3310 est
866 3270 1092 3323 optimum.
1117 3272 1182 3312 Ex
1204 3283 1292 3327 quo

188 3336 297 3380 illud
325 3349 501 3392 quoque
530 3337 712 3380 fortasse
736 3337 899 3451 dia-*n
926 3345 1017 3382 est:
1048 3360 1065 3377 α
1084 3342 1302 3385 Dominus

195 3429 212 3445 ι
247 3421 348 3465 pars
377 3407 625 3471 hereditatis
654 3413 773 3451 meae
804 3422 827 3452 e
877 3410 1017 3454 calicis
1038 3413 1141 3454 mei.
1168 3413 1293 3467 Quo·

197 3502 211 3516 »
246 3482 362 3524 niam
383 3481 519 3523 iustus
539 3480 751 3525 Dominus
771 3511 783 3533 ,
810 3484 854 3523 et
882 3481 1088 3525 iustitiam
1119 3483 1260 3538 diligit
1278 3515 1290 3538 ‚

196 3573 211 3588 „
246 3551 521 3598 rectitudines
562 3550 682 3594 videt
719 3541 865 3594 vultus
903 3553 1023 3596 eius:
1050 3572 1086 3602 »,
1104 3554 1292 3611 ideoque

186 3637 315 3678 super
334 3635 568 3679 pauperem
590 3623 739 3665 oculos
759 3624 946 3666 intentos
964 3623 1093 3667 habet
1112 3656 1124 3677 ‚
1147 3625 1200 3669 de
1221 3639 1291 3669 sa-

187 3695 276 3741 lute
298 3696 434 3751 ipsius
463 3695 685 3739 sollicitus'.
729 3695 812 3738 Sed
852 3700 996 3739 tamen
1026 3709 1154 3752 super
1187 3711 1290 3753 pec-

188 3768 354 3824 catores
390 3765 569 3820 laqueos
609 3764 816 3806 immittit.
853 3765 950 3807 Non
979 3765 1092 3811 euim
1131 3769 1291 3808 temere

188 3834 265 3875 Dei
283 3826 550 3889 providentia
570 3847 620 3879 ac
642 3834 798 3877 iudicia
817 3833 926 3878 fiunt
945 3849 956 3877 ι
986 3836 1144 3893 quippe
1177 3837 1289 3879 Deus

2092 4 2173 74 ᾖ,

2393 247 2486 293 163

1381 362 1496 392 τουτο
1527 339 1719 407 ἐπιβρὲξει
1744 345 1835 391 ἀλλ’
1859 345 1905 393 cu'
1935 342 2066 411 βρὲξει
2089 343 2287 411 παγιδας,
2315 345 2485 413 εἶρηταυ

1378 412 1452 465 ἤδη
1483 409 1561 479 γᾶρ
1590 414 1901 476 σαγιόευθέῖσιν
1931 415 2036 482 ὖφ’“
2022 419 2172 465 εαυτῶν
2204 415 2490 484 ε’πιβρεχονται

1383 480 1582 548 σαγιόας·
1615 485 1726 531 τοῦτο
1758 486 1941 536 δηλοῦται
1976 509 2043 533 και
2083 488 2124 534 ἐκ
2162 509 2202 537 τε
2208 491 2231 535 ὖ
2269 510 2292 535 ιι
2319 511 2407 545 τους
2439 488 2486 540 δὲ

1390 576 1410 599 ιι
1446 550 1699 608 ὲκκλινοντας
1730 557 1786 609 εἷς
1818 551 1893 609 τοὶς
1927 555 2204 622 στραγγαλιὰς
2236 557 2382 615 ἀπάξει
2413 559 2489 610 κζ,-

1390 646 1410 666 ·
1444 645 1527 691 ριος
1578 621 1683 687 μετᾶ
1725 628 1800 674 τῶν
1838 623 2102 690 ἑργαζόμενων
2140 624 2209 675 τὸν
2247 631 2314 678 ἀνο
2298 653 2431 693 μιαν.
2460 656 2478 676 a

1378 692 1643 763 Ἐφαρμοσεις
1668 716 1762 761 προς
1787 693 1978 760 ἑκατέρας
2002 717 2077 750 τας
2102 695 2309 755 ἀποδὲσεις
2341 698 2384 751 τὲ
2419 706 2485 751 οὕ-

1383 786 1439 815 τω
1450 762 1739 853 γεγραμμένον
1780 767 1820 814 ἐν
1856 764 2080 831 παροιμῖαις
2119 789 2220 833 ωρος
2263 792 2352 826 τους
2389 795 2481 823 σκο-

1380 832 1488 892 λιονς
1538 860 1556 881 α
1586 833 1746 899 σκολιας
1783 833 1891 891 ὁδους
1921 838 2112 894 ἀποςελέῖ
2141 838 2161 886 o‘
2193 838 2302 894 θεάς·
2331 865 2348 885 ιι
2385 841 2484 921 πρὸς

1378 927 1453 970 μεν
1483 904 1560 974 γὰρ
1595 929 1666 961 την
1702 905 1896 975 προτέραν
1932 905 2119 958 οἱπᾶδοσιν
2141 946 2155 968 ,
2193 908 2369 968 κολάσεις
2405 919 2485 964 εἷεν

1379 976 1426 1026 αἶ
1457 978 1611 1028 σκολιαὶ
1641 976 1720 1027 ὅδε
1690 1002 1722 1027 ι
1755 982 1838 1035 τοῖς
1865 976 1932 1028 διὰ
1960 999 2103 1028 κανιαν
2127 984 2297 1036 σκολιοῖς
2329 1005 2484 1050 γεγενη-

1377 1045 1506 1110 μένοις
1545 1047 1859 1141 ἑκωεμπόμεναι·
1899 1071 2002 1116 apoc
2040 1047 2084 1099 δὲ
2122 1071 2192 1102 την
2231 1050 2404 1119 ἑτεραν,
2439 1056 2483 1104 αἱ

1378 1117 1621 1188 παραδόσεις
1666 1142 1764 1171 εισιν
1799 1143 1867 1176 αις
1903 1118 2191 1186 σαραόιδονται
2228 1123 2263 1169 οἷ
2299 1123 2482 1181 ἑκουσιως

1376 1189 1578 1256 αμαρτάνο
1582 1210 1688 1248 ντες·
1722 1216 1766 1243 αι
1798 1193 2002 1244 δηλοῦνται
2040 1189 2108 1241 διὰ
2137 1195 2212 1241 τῶν
2243 1197 2377 1243 παθων
2408 1199 2480 1251 τῆς

1375 1259 1570 1324 ἀτιμίας,
1603 1262 1670 1312 καὶ
1709 1266 1785 1314 τῶν
1821 1259 2194 1329 κατηριθμημένων.

1451 1355 1470 1376 ⁴¹
1499 1337 1588 1400 Πῧρ
1623 1330 1687 1383 καὶ
1724 1336 1837 1383 θεῖον
1881 1332 1946 1383 καὶ
1986 1338 2147 1396 σνεῧμα
2188 1333 2420 1400 καταιγίὸος
2455 1341 2480 1390 ἦ
2535 1367 2551 1387 ν.
2573 1364 2602 1388 τ.

1385 1424 1403 1444 ¹·
1439 1424 1552 1489 μερις
1581 1408 1648 1455 τοῦ
1671 1402 1848 1471 ποτηρίου
1873 1407 2018 1456 αὐτων.
2037 1425 2062 1453 >2
2088 1406 2190 1453 Ai’
2168 1404 2343 1456 em'ncvoz
2375 1408 2480 1458 οἷντ-

1375 1472 1589 1531 αποδοσεις
1622 1478 1741 1528 danic*
1700 1498 1834 1525 υνται
1865 1474 2057 1530 πολλάκις
2090 1477 2131 1525 ἐν
2163 1499 2211 1541 τῃ
2235 1481 2365 1544 γραφῇ
2390 1477 2480 1527 ο’νο’-

1372 1565 1473 1605 ματι
1499 1549 1568 1594 τοῦ
1591 1568 1794 1614 ποτηριου·
1819 1545 1871 1601 ὧς
1893 1547 1935 1595 ἐν
1960 1544 2119 1596 Ἡσαΐα
2147 1545 2342 1614 ((ἐξεγεῖρε
2348 1571 2370 1596 υ
2395 1551 2482 1604 ἐξε-

1381 1633 1405 1659 »
1442 1613 1547 1682 γεῖρο
1530 1639 1572 1665 υ
1602 1615 1881 1700 Ἰερουσαλημ,
1914 1620 1940 1669 ἦ
1971 1620 2114 1667 πιοῧσοε
2139 1640 2182 1667 το
2211 1618 2362 1706 ποτήρια
2347 1639 2384 1667 ν
2409 1626 2481 1676 τῆς

1379 1703 1404 1730 »
1440 1685 1646 1748 πτώσεως,
1667 1711 1710 1739 το
1729 1685 1910 1738 κόνδυλον
1935 1709 2004 1738 του
2023 1692 2176 1750 θυμοῦ»
2201 1710 2266 1736 και
2287 1689 2340 1739 τοὶ
2368 1691 2478 1746 ἐξης·

1373 1753 1485 1803 ἀλλὰ
1506 1779 1571 1807 και
1597 1760 1639 1806 ἐν
1670 1757 1839 1826 Ἱερεμιᾳ
1870 1779 2097 1822 παρις-σεται
2122 1782 2166 1808 το
2193 1756 2295 1807 αὐτο
2329 1761 2371 1808 ἐκ
2409 1784 2479 1818 rm

1374 1823 1546 1889 ἐχουσης
1571 1832 1670 1879 οὕτω
1692 1834 1837 1895 φωνῆς·
1876 1854 1893 1873 «ι
1913 1851 2020 1879 ειπεν
2052 1851 2228 1896 κυριοςο
2261 1852 2383 1881 παντο
2369 1830 2478 1898 κρά-

1378 1916 1533 1963 »τωρ,
1568 1902 1587 1948 ὅ
1619 1897 1717 1955 Ξεος
1755 1905 1823 1950 τοῦ
1858 1898 2034 1966 Ἰσροι-ηλ
2070 1899 2172 1959 λάβε
2211 1922 2254 1949 το
2292 1922 2347 1949 σε
2352 1923 2454 1968 τηριο
2458 1926 2478 1950 ν

1378 1987 1403 2013 >>
1441 1972 1508 2017 τοῦ
1539 1993 1643 2019 εινου
1676 1973 1745 2023 τοῦ
1745 1968 1939 2059 οἱκρατευ
1963 1973 2008 2019 ἐκ
2039 1968 2168 2037 χειρός
2191 1993 2238 2034 με
2223 1987 2280 2018 υ·
2311 1994 2377 2020 και
2403 1996 2451 2024 πο
2454 2003 2476 2011 -

1378 2058 1402 2085 ))
1442 2059 1537 2094 τιεις
1566 2039 1665 2092 αὐτο
1698 2063 1834 2092 παντοι
1867 2041 1957 2094 ἔθνη
1990 2064 2084 2108 προς
2115 2064 2180 2095 ους
2216 2038 2295 2106 ε’γω
2324 2045 2398 2092 ἀπε
2404 2066 2477 2100 ςε-

1377 2130 1401 2155 »
1437 2113 1494 2173 iq,
1530 2132 1590 2161 σε.
1601 2133 1625 2159 ))
1665 2111 1789 2165 Μήπο
1794 2134 1813 2161 τ

1372 2181 1411 2228 ἐν
1444 2184 1524 2236 τοῖς
1560 2181 1826 2251 προκειμένοις
1861 2181 2025 2232 κόλασιν
2063 2186 2174 2235 ὂηλει
2205 2206 2230 2234 η
2263 2205 2371 2248 μερις
2408 2209 2451 2236 το
2453 2190 2479 2234 ’ὖ

1371 2272 1564 2337 ωοτηριου
1601 2258 1671 2302 τοῦ
1707 2253 1966 2322 μερισθέντος
1998 2256 2170 2314 αὐτοιςς
2204 2251 2434 2316 μάλιστα”
2416 2279 2477 2305 οτι

1372 2343 1416 2370 το
1449 2322 1646 2391 πλήρωμα
1678 2348 1719 2375 τε
1723 2328 1746 2373 ῧ
1777 2325 1959 2392 ποτηρίου
1990 2347 2031 2375 τε
2034 2347 2148 2386 υτον,
2175 2327 2250 2391 πῧρ
2282 2347 2349 2372 και
2376 2331 2476 2409 θιειον

1370 2414 1436 2440 και
1471 2416 1626 2457 πνευμᾳ
1657 2394 1887 2462 καταιγιόος
1922 2393 2028 2452 ἐςῖν·
2059 2393 2103 2443 εὑ
2137 2392 2263 2456 σῦμβε
2250 2399 2318 2443 λοι
2351 2418 2403 2445 τα
2437 2399 2475 2446 ἐν

1369 2459 1515 2550 γενέσει
1560 2465 1893 2532 ἀναγεγραμμένα
1937 2466 2017 2517 ειδη
2049 2466 2258 2552 κολᾶρεων
2300 2465 2477 2518 ἑλὲἇντα

1372 2532 1435 2583 ἐπι
1463 2534 1622 2600 Σᾶδομα
1645 2560 1711 2587 και
1731 2535 1797 2590 Γ
1776 2560 1848 2600 ομ
1836 2538 1926 2604 ρ’ρα
1951 2534 2062 2604 παρὰ
2084 2535 2187 2603 κυρῖε
2192 2556 2230 2584 υ·
2259 2558 2353 2602 προς
2380 2560 2422 2587 τε
2425 2561 2474 2586 υ-

1370 2625 1424 2667 τῳ
1458 2609 1514 2669 τῷ
1544 2627 1633 2692 πυρι
1666 2630 1732 2656 και
1767 2611 1823 2672 τῷ
1851 2605 1965 2670 θειῳ,
1999 2631 2066 2656 και
2100 2609 2255 2670 πνεῧμα
2286 2607 2473 2673 καταιγί-

1370 2653 1432 2730 δος
1466 2674 1552 2734 ἐςιν
1585 2699 1627 2725 εν
1660 2682 1717 2742 τῷ
1743 2702 1926 2742 ποτισμῳ
1955 2701 2024 2728 του
2054 2700 2210 2745 ποτηριο
2195 2697 2249 2726 υ·
2286 2681 2395 2729 δηλοι
2429 2701 2474 2728 το

1369 2766 1444 2812 πυρ
1473 2767 1545 2797 την
1577 2747 1643 2797 διὰ
1671 2747 1850 2804 καύσεως
1884 2746 2066 2802 α’πειλην·
2095 2771 2138 2798 το
2173 2746 2216 2798 δὲ
2240 2753 2376 2809 θεῖον,
2403 2771 2473 2800 ητν

1368 2814 1685 2906 ὂιεγειρουσαν”
1666 2841 1724 2868 ετι
1755 2823 1909 2882 μᾶλλον
1941 2819 1986 2870 τὲ
2023 2821 2108 2902 ωῧρ
2141 2817 2332 2886 οἷφορμτῖν·
2373 2841 2473 2885 ωρος

1368 2906 1519 2942 τουτοις
1556 2910 1600 2938 το
1639 2910 1800 2953 σνευμα
1844 2895 1911 2946 τῆς
1948 2886 2173 2954 καταιγιόος
2197 2929 2210 2948 ‚
2251 2911 2448 2955 σειρασμε
2433 2893 2474 2937 ὗ

1369 2955 1474 3011 τινός
1507 2957 1706 3027 συςροφῆν
1732 2963 1855 3010 δηλοι·
1890 2964 1953 3009 οτι
1977 2957 2059 3009 δὲ
2048 2981 2291 3026 πειρασμον,
2322 2961 2346 3011 ἦ
2369 2982 2445 3008 κατ
2449 2989 2473 2997 ·-

1368 3049 1476 3091 αιγις
1514 3031 1625 3080 δηλοῖ
1645 3067 1659 3089 ,
1699 3033 1831 3096 σαφῶς
1867 3032 1979 3082 ἐστιν
2015 3033 2163 3092 μαθειν
2202 3029 2289 3080 <imo
2329 3033 2396 3079 τεῧ
2433 3031 2472 3077 ἐν

1366 3095 1523 3159 Ἡσαιᾳ
1553 3121 1799 3166 γεγραμμενο
1783 3123 1824 3148 υ
1858 3100 1948 3156 «ὦς
1981 3123 2047 3149 και
2080 3123 2267 3166 καταιγις
2299 3102 2346 3149 δι’
2380 3099 2472 3167 ἔρη-

1366 3190 1440 3256 μου
1473 3166 1623 3219 διέλθοι
1653 3168 1880 3237 ἐρχομένη,
1916 3167 2034 3236 ἐγγυς
2066 3170 2229 3239 φοβερον
2262 3195 2304 3222 το
2338 3173 2474 3238 ὅραμα

1365 3238 1432 3287 κάι
1465 3239 1631 3307 σκληρον
1656 3239 1882 3307 ἀνηγγέλῃ
1878 3264 1963 3293 μου.
1972 3261 1996 3289 ν
2023 3242 2211 3308 Φυγωμεν
2244 3264 2283 3290 5
2270 3263 2372 3291 εινυν
2405 3262 2474 3293 την

1366 3308 1488 3373 ἀσεβε
1491 3334 1588 3372 ιαν,
1624 3335 1686 3360 ινα
1719 3316 1833 3362 τοῦτο
1866 3336 1908 3363 το
1941 3335 1996 3365 σο
1980 3333 2106 3380 τηριο
2090 3337 2129 3362 ν
2167 3335 2320 3378 μακραν
2353 3334 2474 3378 γενη-

1367 3401 1434 3429 ται
1470 3382 1536 3449 ἀφ’
1572 3386 1715 3446 ημῶν,
1754 3406 1820 3432 και
1868 3387 1906 3432 ἐν
1945 3381 2125 3446 εὐσεβεῖᾳ
2164 3382 2367 3472 ζησωμεν,
2404 3405 2472 3431 ινα

1365 3448 1513 3514 πίωμεν
1546 3475 1590 3507 το
1622 3450 1823 3516 μεθυσκον
1854 3454 1905 3510 ὦς
1935 3475 2163 3520 κρατιστον·
2198 3478 2289 3523 σερι
2324 3453 2367 3503 οὐ
2398 3457 2471 3513 κᾴ-

1364 3542 1476 3607 κεινο
1505 3519 1702 3572 λέλεκται·
1752 3544 1778 3573 α
1803 3522 1926 3591 κύριος
1961 3527 1988 3574 ἦ
2022 3547 2130 3591 μερις
2178 3530 2249 3581 τῆς
2286 3532 2401 3592 κληρο
2385 3547 2443 3572 ..ον
2446 3552 2472 3561 -

1360 3613 1392 3634 fl
1430 3615 1525 3656 μίας
1557 3617 1631 3646 μῦἶ)
1663 3591 1729 3643 καὶ
1756 3593 1915 3661 πθτηρίῧ
1899 3619 1940 3644 υ
1962 3616 2052 3658 pov*
2081 3619 2141 3646 θ”ῑ
2174 3595 2316 3650 dinam-3
2346 3616 2471 3660 ‘l-UPCC‘
2453 3631 2470 3648 ³

1370 3682 1394 3707 n
1429 3684 1496 3711 και
1523 3666 1646 3713 dmm:
1630 3687 1773 3720 σννας
1766 3664 2031 3752 Νῆγαπησεν,
2053 3667 2271 3721 εὐθύτητας
2299 3661 2397 3714 ειδεν
2424 3685 2467 3711 το

1369 3754 1393 3779 ))
1431 3730 1636 3800 πρόσωπον
1668 3738 1761 3785 αὐτο
1764 3757 1800 3786 υ·
1827 3757 1850 3783 »
1887 3759 1955 3785 και
1989 3759 2127 3788 τουτου
2160 3736 2275 3803 χάριν
2310 3733 2373 3784 ἐπι
2400 3755 2466 3783 τον

1364 3806 1516 3856 πένητα
1537 3827 1627 3861 τους
1647 3806 1921 3875 ὀφθαλμοὺς
1901 3830 2003 3873 εχει,
2028 3805 2235 3876 φροντιζων
2257 3808 2376 3856 aare?
2395 3808 2468 3860 τῆς

1862 2135 1925 2161 ουν
1969 2111 2181 2181 συμφώνως
2219 2133 2375 2200 ζτουτοις
2411 2137 2473 2163 και
