2944 4426
676 343 847 421 ΕΚ
927 339 1162 416 ΤΩΝ

1247 319 1943 413 ΩΡΙΓΕΝΟΥΣ

517 503 678 563 ΕΙΣ
739 497 1337 563 ΠΑΡΟΙΜΙΑΣ
1398 495 2113 555 ΣΟΛΟΜΩΝΤΟΣ

1004 639 1626 686 ΕΞΗΓΗΣΕΩΝ.

1087 739 1545 777 &ww

902 835 1059 911 EX
1122 829 1726 910 ORIGENIS

597 1023 722 1092 {iffi
775 1020 1383 1092 &cacuminum
1439 1017 2036 1086 tait-<tamaium

901 1165 1716 1260 -CO‘MMENTARIIS

1174 1411 1206 1453 c
1237 1411 1274 1451 Α
1304 1412 1354 1452 P.

183 1512 494 1597 proverbium
512 1558 575 1596 est
589 1564 727 1595 sermo
745 1563 942 1603 arcanus,
963 1549 1036 1605 qui
1051 1561 1129 1604 per
1148 1547 1276 1590 alium

182 1625 450 1668 manifestum
481 1624 757 1680 significatur.

243 1699 473 1753 Propterea
502 1698 547 1738 in
577 1695 760 1739 Israhele
791 1694 982 1749 regnavit
998 1724 1010 1746 ,
1037 1697 1085 1734 ut
1113 1703 1277 1745 cogno-

185 1771 325 1824 sceretf
337 1769 586 1824 sapientiam
602 1781 652 1810 ac
675 1766 957 1821 disciplinam.
981 1763 1191 1818 Sapientia
1214 1765 1278 1803 est

182 1828 356 1886 scientia
378 1840 575 1895 spiritalis
590 1870 603 1893 ,
628 1851 738 1894 quae
763 1838 817 1880 de
837 1839 928 1880 Deo
947 1869 960 1890 ,
991 1833 1274 1889 incorporeis,

182 1909 340 1952 iudicio
362 1942 375 1964 ,
414 1915 456 1952 et
490 1909 759 1965 providentia
789 1909 978 1952 continet
1008 1906 1240 1948 doctrinam
1261 1935 1274 1957 ,

184 1993 378 2035 quaeque
405 1982 468 2023 rei
495 1981 652 2023 ethicae
668 2011 680 2033 ,
707 1980 910 2035 physicae
936 1991 986 2020 ac
1011 1975 1276 2030 theologicae

181 2051 392 2094 theoriam
418 2052 591 2094 revelat.
624 2052 734 2104 Vel,
767 2051 970 2105 sapientia
992 2053 1054 2091 est
1085 2047 1275 2102 cognitio

183 2123 468 2178 corporalium
495 2127 539 2164 ct
572 2122 927 2177 incorporalium,
947 2134 1027 2163 nec
1053 2132 1141 2162 non
1162 2119 1275 2161 iudi-

180 2193 234 2235 cii
252 2206 302 2236 ac
325 2193 616 2249 providentiae
630 2205 740 2248 quae
770 2194 814 2235 in
837 2192 905 2235 his
930 2195 1160 2247 spectatur.
1193 2191 1273 2232 Di-

180 2264 357 2319 sciplina
381 2269 444 2307 est
467 2265 704 2308 moderatio
738 2263 1019 2319 cupiditatum
1038 2274 1195 2326 &quae
1231 2262 1274 2304 in

179 2339 302 2389 parte
331 2336 490 2378 animae
514 2336 677 2391 patibili
705 2340 748 2378 et
773 2335 1010 2377 irrationali
1037 2333 1276 2376 considera-

179 2410 267 2448 tur.
290 2407 400 2460 Quin
421 2409 547 2450 etiam
563 2408 598 2450 si
618 2407 712 2462 quis
732 2407 851 2449 enixe
865 2406 1103 2460 theologiae
1124 2409 1271 2458 vacet,

181 2476 219 2518 is
247 2479 496 2532 sapientiam
526 2479 792 2533 cognoverit.

240 2548 399 2604 Nempe
414 2554 464 2592 ut
479 2551 532 2593 sit
545 2555 706 2592 rectum
723 2555 766 2592 et
779 2550 1022 2592 invertibile
1041 2549 1270 2591 criterium.

187 2615 268 2668 Qui
300 2621 409 2662 euim
443 2621 664 2676 imperitus
698 2621 823 2675 aequi
848 2621 952 2663 iuris
977 2622 1132 2674 fue-rit,
1169 2633 1274 2662 con-

182 2690 408 2733 troversias
436 2692 554 2735 haud
583 2697 698 2735 recte
731 2693 956 2744 discernet.
995 2693 1103 2734 Nam
1135 2704 1274 2746 neque

186 2755 384 2802 Salomon
414 2768 572 2806 rectam
602 2764 850 2806 sententiam
878 2763 1168 2805 meretricibus
1199 2767 1273 2804 tu-

187 2830 328 2886 lisset,
366 2831 447 2873 nisi
478 2839 715 2877 accuratam
749 2836 876 2891 aequi
909 2835 1012 2877 iuris
1039 2833 1275 2882 doctrinam

191 2901 468 2944 observasset.
485 2904 614 2946 Recte
629 2911 784 2960 autem,
801 2911 843 2949 et
855 2916 942 2954 non
958 2905 1146 2960 oblique,
1165 2903 1277 2946 iudi-

191 2972 382 3014 cabimus
398 3003 409 3025 ‚
440 2973 475 3014 si
493 2975 639 3016 virtuti
655 2972 959 3030 obsequemur,
980 2980 1022 3019 et
1046 2976 1274 3030 nequitiam

185 3042 490 3086 damnabimus.
519 3046 615 3087 Tria
635 3058 767 3100 porro
794 3053 939 3090 nostra
957 3048 1125 3090 criteria
1146 3051 1244 3089 suut
1261 3077 1272 3099 ,

184 3127 346 3169 sensus,
360 3116 514 3169 oratio,
535 3129 666 3158 mens.
678 3118 730 3158 Et
743 3129 886 3160 sensus
897 3119 1086 3173 quidem,
1102 3118 1277 3160 sensibi-

185 3186 243 3227 lia
259 3187 450 3241 respicit:
468 3187 603 3229 oratio
618 3218 629 3239 ,
641 3187 771 3229 verba
787 3191 828 3229 et
845 3190 1142 3242 cogitationes:
1159 3202 1276 3232 mens

186 3255 389 3311 denique,
412 3259 455 3299 in
476 3257 828 3300 intellectualibus
847 3258 973 3301 rebus
994 3264 1200 3302 versatur.

217 3330 333 3372 Sicut
351 3343 468 3372 mens
493 3330 549 3372 ad
564 3329 778 3372 sensibilia
796 3331 1052 3384 intenditur,
1075 3333 1133 3374 ita
1150 3333 1277 3375 etiam

185 3413 264 3457 per
292 3401 471 3443 virtutes
494 3401 789 3445 intellectualia
816 3400 1026 3443 observat.
1061 3402 1278 3454 Quamob-

189 3484 282 3514 rem
314 3461 496 3515 mentem
522 3474 667 3514 sensus
699 3484 873 3527 quoque
900 3472 1116 3514 continere
1144 3473 1278 3515 ratio-

183 3555 281 3584 nem
302 3575 314 3597 ,
347 3545 514 3600 sapiens
540 3543 736 3586 Salomon
765 3555 845 3585 nos
871 3543 1011 3586 docet.

246 3614 329 3667 Qui
367 3615 600 3670 nequitiam
635 3614 820 3668 habent,
851 3620 1060 3668 quatenus
1093 3613 1279 3668 improbi

186 3690 284 3728 sunt
301 3717 313 3739 ,
336 3687 585 3741 sapientiam
613 3690 917 3741 aspernantur:
946 3689 988 3726 et
1011 3685 1110 3739 quia
1127 3685 1279 3726 timore

185 3762 332 3799 carent
349 3790 360 3811 ,
402 3759 476 3812 qui
503 3758 648 3800 sensus
675 3756 839 3798 initium
866 3757 996 3808 facit,
1024 3755 1185 3798 idcirco
1210 3754 1276 3797 fa-

184 3828 247 3869 tui
265 3833 360 3870 sunt
389 3833 430 3871 ct
454 3829 687 3885 sapientiae⁴
708 3832 1035 3883 contemptores.
1058 3825 1168 3879 Quid
1189 3826 1279 3868 ita?

283 3912 308 3938 B

1327 3172 1482 3236 >μσίτων
1517 3197 1586 3222 και
1631 3193 1704 3222 των
1743 3171 1960 3237 νημάτων·
1998 3173 2018 3222 o‘
2057 3171 2099 3222 δὲ
2135 3176 2254 3231 νεῧς,

1418 1409 1454 1450 I.

1349 1515 1599 1621 Παρειμῖα
1623 1550 1707 1603 ἐστὶ
1733 1551 1848 1618 λε’γος
1876 1551 2097 1621 ἀωᾶκρυφος
2123 1554 2167 1603 δι’
2194 1551 2325 1622 ἔτέρσν
2355 1575 2447 1620 προ-
2489 1591 2519 1612 v.
2547 1588 2558 1612 1

1348 1625 1466 1679 δήλου
1498 1627 1796 1688 σημαινόμενος.

1417 1693 1543 1745 Τευτε
1528 1717 1568 1743 υ
1612 1694 1724 1760 χάριν
1748 1693 2041 1783 Ηέβασῖλευσεν
2064 1696 2103 1743 ἐν
2139 1693 2340 1762 Ἰσραηλ,
2382 1699 2450 1744 τοῦ

1347 1770 1492 1834 γνῶναι
1522 1787 1660 1828 σοφιαν
1691 1788 1755 1814 και
1788 1763 1988 1815 παιδείαν·
2019 1765 2044 1813 ἦ
2076 1787 2195 1853 acepta
2229 1765 2319 1825 ε’ςι,
2352 1769 2450 1831 γνῶ-

1347 1859 1408 1891 σις
1439 1858 1708 1900 πνευματικη,
1746 1860 1832 1891 τευς
1855 1857 1942 1901 περι
1968 1839 2080 1893 θεεῧ
2113 1859 2177 1884 και
2203 1834 2448 1898 ἀσωμάτων,

1345 1928 1411 1955 και
1443 1905 1603 1974 κρίσεως
1626 1943 1639 1964 ,
1676 1930 1744 1955 και
1777 1929 1852 1972 ape
1837 1927 1961 1961 νσιας
1999 1928 2243 1973 ωεριεχσυσα
2281 1905 2415 1972 λέγους
2436 1945 2449 1967 .,

1345 1977 1370 2024 -ιῖ
1403 1983 1476 2030 τὴν
1507 1998 1592 2042 περι
1628 1979 1778 2032 ἧθικης
1814 2001 1880 2026 και
1918 1998 2078 2044 φυρικης
2115 1999 2178 2025 και
2216 1981 2449 2044 &effraym-713

1345 2050 1421 2098 ἆπε
1406 2046 1597 2098 καλυπτε
1583 2070 1681 2097 υσα
1711 2043 1901 2114 &emptam
1924 2045 1984 2097 'H
2015 2071 2041 2100 η
2073 2045 2191 2135 σοφία
2226 2045 2312 2097 ἐστι
2345 2052 2450 2114 γνῶ-

1345 2141 1407 2173 σις
1432 2115 1625 2181 σωμάτων
1661 2141 1728 2166 και
1762 2115 2014 2182 ἀσωμάτων,
2048 2140 2115 2166 και
2154 2121 2228 2173 της
2258 2121 2296 2166 ἓν
2329 2142 2371 2168 τ
2356 2142 2450 2182 sut-q)

1343 2186 1610 2276 ἓεωρουμενης
1646 2211 1808 2255 κρισεως
1840 2211 1906 2237 και
1938 2210 2049 2255 προνε
2034 2185 2135 2243 ιάς·
2170 2188 2376 2239 παιόεἵα’
2362 2212 2447 2239 εστι

1342 2257 1627 2325 μετριοπαθεια
1663 2257 1800 2310 παθων
1834 2281 1925 2325 ιτερι
1961 2282 2005 2309 το
2037 2258 2260 2348 παθητικρν
2294 2258 2320 2311 ὴ
2356 2259 2451 2308 ἅλο-

1343 2349 1409 2395 γεν
1446 2352 1520 2385 της
1557 2333 1690 2393 ψυχῆς
1726 2352 1841 2396 μερος
1871 2338 1986 2397 θεωρσ
1969 2327 2124 2393 φαμένη·
2163 2352 2229 2379 και
2263 2333 2450 2395 θεολογῶν

1344 2398 1384 2448 δέ
1415 2423 1473 2455 τις
1506 2400 1786 2464 ἐπιτεταμένως
1770 2439 1811 2460 3,
1845 2399 1943 2465 ἔγνω
1975 2424 2020 2451 σε
2003 2422 2130 2468 φιαν.

1414 2540 1607 2597 Τουτεςιν
1639 2539 1753 2604 ὂρθον
1785 2540 1854 2589 καὶ
1865 2539 2112 2629 ἀδιάστρσφε
2117 2562 2136 2588 ν
2170 2562 2268 2589 ειναι
2295 2563 2338 2589 το
2372 2564 2452 2609 κρι-

1345 2610 1469 2677 τῆρισν
1450 2634 1484 2660 ν·
1521 2610 1795 2678 ἀνεπιστήμων
1819 2609 1895 2678 γάρ
1919 2633 1980 2666 τις
2011 2608 2061 2660 ὧν
2095 2609 2338 2666 ὃικαισσυνης
2321 2650 2362 2669 3,
2388 2615 2451 2660 οὐκ

1344 2682 1391 2730 ἂν
1424 2681 1539 2731 διέλοι
1573 2703 1646 2736 τας
1679 2680 1997 2749 ἀμφισβητήσεις
2032 2685 2175 2765 Sip-9013·
2209 2681 2294 2731 ιύδὲ
2330 2687 2449 2731 Σολε·

1343 2775 1425 2816 μων
1457 2774 1534 2818 γαρ
1567 2751 1709 2837 ἔκρινεν
1739 2756 1893 2838 [ὀρθῶς
1906 2775 2031 2805 ταις
2019 2750 2202 2818 πόρναις,
2226 2776 2281 2815 μη
2314 2751 2448 2809 σώζων

1344 2826 1517 2888 ἀκριβεῖς
1551 2827 1618 2871 τοῦ
1650 2821 1771 2871 dexans
1757 2846 1797 2870 υ
1831 2820 1930 2877 τοὺς
1947 2820 2098 2886 λέγους·
2136 2823 2266 2889 ὀρθῶς
2303 2821 2344 2870 δὲ
2380 2846 2447 2871 και

1345 2891 1615 2959 ἀδιαστρόφως
1644 2897 1869 2957 κρινοῦμεν,
1897 2895 1928 2940 εἶ
1953 2891 2206 2956 πειθόμεθα
2200 2890 2268 2942 μὲν
2302 2895 2445 2959 ἁρετῇ,

1344 2961 1607 3051 νζαταγινῶσκ
1593 2982 1680 3061 ἒμεν
1713 2961 1754 3011 δὲ
1789 2983 1947 3016 κακιας·
1987 2960 2077 3029 τρία
2116 2959 2157 3011 δε
2193 2984 2368 3028 κριττρια
2407 2965 2446 3010 ἐν

1345 3036 1443 3095 ἠμῖν
1467 3072 1479 3094 ,
1513 3033 1711 3091 αισὲησις
1732 3071 1745 3089 ,
1785 3031 1931 3097 λόγες,
1965 3056 2031 3081 και
2069 3037 2172 3087 πῧς·
2211 3055 2275 3081 και
2313 3033 2337 3083 ἦ
2371 3054 2445 3094 μεν

1346 3103 1565 3160 αἴσθησις..
1600 3125 1675 3153 των
1706 3106 1923 3155 αισθητῶν·
1960 3104 1979 3152 ὅ
2013 3101 2054 3152 δε
2087 3101 2226 3169 λᾶγος,
2263 3105 2337 3153 τῶν
2369 3101 2445 3169 ῥη-

2292 3170 2443 3239 θεωρία

1347 3248 1421 3294 τῶν
1453 3249 1610 3296 νὸητῶν.
1642 3251 1646 3255 ”

1402 3317 1560 3380 ’Ὠσπερ
1592 3315 1657 3365 διὰ
1688 3321 1764 3364 τῶν
1797 3311 2028 3365 αισὲἧσεων
2060 3317 2079 3362 o‘
2112 3336 2150 3363 νε
2154 3318 2199 3369 ῧς
2238 3314 2443 3399 ἐπιβάὶλει

1347 3407 1387 3434 τε
1394 3407 1427 3438 ις
1460 3387 1688 3444 αἰσθητοῖς,
1721 3407 1820 3434 ουτω
1849 3408 1918 3433 και
1950 3383 2014 3433 δια
2038 3406 2114 3436 των
2146 3386 2319 3472 ἀρετῶν
2310 3387 2425 3434 ἕπετ’

1347 3474 1444 3502 τευει
1478 3476 1531 3503 τα
1562 3455 1693 3506 νοητά·
1728 3453 1858 3541 διόπερ
1879 3478 1946 3503 και
1973 3453 2194 3510 αισθησεως
2225 3475 2299 3503 αυτ
2304 3477 2345 3503 ον
2377 3452 2446 3502 25-

1347 3544 1413 3586 γον
1448 3524 1605 3587 ἑπεχειν
1638 3528 1656 3574 ὃ
1691 3546 1808 3608 σοφος
1842 3523 2027 3588 Σολσμων
2057 3527 2172 3613 ημᾶς
2194 3524 2380 3574 διδάσκει.

1418 3597 1472 3642 Οἱ
1503 3593 1683 3656 κτώμενοι
1714 3615 1879 3653 κακιαν,
1912 3599 1968 3659 τῷ
1996 3618 2101 3644 κακοι
2136 3599 2263 3655 εἰναι,
2291 3598 2442 3651 ἐξουδε-

1347 3666 1454 3712 νσῧσι
1479 3660 1632 3730 σοφίαν·
1658 3687 1726 3712 και
1758 3687 1814 3726 μη
1848 3664 1916 3728 ἔχε
1921 3687 2010 3721 ντες
2043 3665 2161 3732 φόβον
2194 3689 2262 3715 τον
2296 3688 2343 3715 π
2327 3688 2376 3713 ιε
2382 3684 2446 3711 εν-

1349 3754 1403 3781 τα
1437 3731 1561 3798 ἀρχῆν
1600 3731 1870 3794 αἰσθήσεως,
1909 3734 2197 3788 ἀναισθητουσι
2232 3759 2297 3784 και
2336 3738 2394 3789 ἐξα
2379 3757 2445 3780 υ-

1349 3803 1497 3853 &eveum
1530 3825 1685 3871 σΰφῑαν
1721 3828 1802 3860 πως
1859 3810 1915 3870 ’ᾧ
1938 3829 1996 3870 μη
2021 3828 2205 3873 πραττίιν
2230 3828 2285 3869 fJ-'ll
2309 3803 2352 3852 δὲ
2378 3825 2448 3867 με·

2301 3912 2317 3943 1

2489 1547 2565 1577 coci.
2599 1549 2660 1576 vat.
2691 1550 2769 1575 lami.

2489 1605 2604 1650 codsf.
2622 1600 2648 1647 {J
2669 1624 2699 1646 a.

2491 1720 2566 1750 cod.
2594 1721 2615 1749 f.
2642 1723 2665 1748 1.
2687 1719 2716 1748 b.

2493 2557 2568 2617 c'ofiss
2586 2588 2608 2617 f.
2628 2592 2654 2616 3.
2674 2596 2701 2616 a.

2487 3327 2570 3385 ΟΟᾱΙ.
2586 3354 2607 3382 ῐ.
2633 3358 2657 3381 ⁶.
2682 3361 2711 3380 u.
