2944 4426
1189 239 1234 269 IN
1267 236 1536 269 rnovltnma.

228 321 380 366 sticum
401 334 413 375 3
436 334 524 365 non
549 322 670 369 enim?
691 325 733 365 te
761 325 936 377 oportet
951 322 1328 379 margaritaspro-

227 393 354 436 iicere
383 384 481 437 ante
506 405 681 449 porcos.

207 459 214 464 ’
288 466 508 508 Terminos
528 469 721 507 aeternos
750 464 968 518 religionis
995 477 1050 508 ne
1074 465 1325 519 transferas;

230 548 369 591 neque
393 535 446 578 ad
474 536 693 589 regionem
727 534 904 576 accedas
942 548 1090 578 eorum
1131 537 1205 591 qui
1233 549 1277 579 se
1303 549 1328 579 a

229 607 319 650 Deo
344 608 616 650 seiunxerunt
633 637 645 659 ‚
675 610 717 648 et
744 607 1052 660 possessionem
1072 606 1327 651 daemonum

228 678 432 720 malitiam
463 675 673 730 retinent,
707 677 828 718 cuius
858 689 984 720 causa
1015 677 1181 720 caelesti
1209 683 1327 733 patre

227 749 367 792 orbati
391 752 505 790 sunt.
533 747 617 800 Qui⁴
643 748 752 792 enim
781 759 854 790 eos
878 747 1112 790 vindicavit
1139 762 1186 791 ex
1209 754 1327 792 teue-

228 820 317 862 bris
343 820 389 861 in
417 818 798 874 splendidissimam
820 818 957 862 lucem
975 852 987 874 ‚
1020 820 1143 862 fortis
1170 826 1248 863 est.

268 889 400 933 Filius
410 889 520 932 hene
532 893 720 931 moratus
731 888 842 932 labia
854 902 930 932 sua
942 890 987 932 in
999 892 1203 946 sapientia
1214 904 1326 935 exer-

226 961 368 1015 cebit3
390 961 658 1015 vicissimque
679 961 885 1016 sapientia
908 973 1003 1003 cum
1027 974 1079 1005 eo
1108 963 1326 1019 collequc-

181 1053 187 1055 -
225 1037 296 1077 tur
307 1044 358 1076 ac
373 1031 655 1087 permanebit.
671 1034 728 1074 At
743 1045 969 1087 perversus
987 1035 1100 1077 illam
1119 1037 1297 1078 amittet.

281 1103 324 1145 Si
351 1103 507 1145 timore
533 1103 707 1145 Domini
735 1103 918 1147 declinat
946 1106 1097 1161 aliquis
1123 1118 1148 1149 a
1177 1107 1290 1153 malo
1308 1137 1320 1160 ‚

223 1173 402 1229 pulchre
420 1173 616 1217 hortatur
631 1207 643 1228 ,
654 1179 711 1217 -ut
728 1188 804 1230 per
821 1188 989 1219 omnem
1008 1178 1140 1220 vitam
1158 1178 1212 1220 ab
1233 1191 1323 1221 om-

220 1246 266 1288 ni
296 1246 410 1288 malo
437 1245 714 1288 declinemus.

251 1318 451 1373 Quisquis
474 1318 633 1360 malitia
657 1323 720 1361 est
735 1318 903 1375 ebrius,
922 1325 1031 1363 etex
1044 1322 1246 1377 sapientia
1266 1323 1320 1366 ad

218 1390 429 1432 inscitiam
430 1389 570 1470 quasi
586 1390 790 1433 moechus
806 1391 1015 1446 transilit,
1039 1392 1204 1435 divinae
1228 1406 1321 1448 gra-

217 1461 302 1504 tiae
324 1462 406 1504 erit
427 1462 578 1518 inops:
609 1475 748 1517 neque
773 1467 891 1505 veste
915 1464 1095 1518 nuptiali
1119 1466 1320 1508 induetur

219 1532 412 1587 quisquis
438 1532 482 1574 in
509 1531 779 1575 daemoniaca
794 1538 921 1576 nocte
943 1534 1204 1590 dormitanS,
1230 1551 1320 1580 car-

218 1615 315 1645 nem
341 1616 459 1646 suam
489 1602 634 1646 detriti
659 1604 792 1647 instar
810 1597 1024 1660 panniculi
1055 1607 1318 1651 vulneratam

217 1679 424 1726 atterens,
443 1674 550 1727 facit
572 1675 817 1718 incendium
848 1677 1078 1731 gehennae.

275 1746 347 1788 Ait
376 1747 518 1788 senior
548 1747 718 1801 quidam
734 1779 747 1800 ,
796 1749 978 1804 animam
1014 1763 1102 1792 esse
1141 1755 1316 1803 matrem

214 1817 395 1868 mentis3
429 1802 593 1859 animae
622 1817 835 1860 vocabulo
856 1818 1063 1863 denotans
1081 1822 1316 1875 patheticas

214 1888 378 1930 animae
394 1888 848 1944 qualitates,impetu'm
862 1893 904 1932 et
919 1891 1213 1945 cupiditatem:
1230 1898 1316 1936 ete-

215 1959 304 2001 nim
330 1959 536 2001 virtutum
567 1961 768 2002 exercitio
786 1947 830 2002 in
850 1960 988 2003 lucem
1008 1968 1190 2005 mentem
1211 1963 1316 2008 edu-

213 2031 287 2073 cit:
303 2029 513 2086 siquidem
524 2030 776 2073 fortitudine
791 2043 842 2073 ac
853 2035 1135 2087 temperantia
1148 2047 1189 2076 sa
1194 2035 1314 2090 pien-

211 2102 315 2144 tiam
343 2100 617 2156 adipiscimur
648 2105 691 2143 et
712 2102 929 2146 scientiam
952 2105 1058 2157 Dei,
1083 2118 1199 2161 quae·
1215 2112 1314 2150 sunt

211 2172 392 2215 virtutes
407 2203 419 2222 ‚
445 2173 631 2227 impetus
657 2176 700 2214 et
725 2173 987 2228 cupiditatis.
1017 2177 1210 2219 Fortasse
1238 2178 1314 2220 ali-

212 2244 309 2302 quis
323 2243 436 2286 dicet
448 2248 622 2286 matrem
640 2256 729 2286 esse
747 2248 1039 2289 testamentum
1056 2253 1176 2291 vetus
1193 2250 1312 2305 quod

208 2327 310 2357 suae
340 2316 552 2358 contemni
581 2316 746 2370 nequit.
1055 2359 1060 2363 .

270 2387 472 2428 Homines
500 2386 585 2428 hoc
614 2387 714 2429 loco
747 2386 850 2429 dicit
875 2389 1179 2443 magistrorum
1203 2393 1310 2438 scri-

209 2461 284 2511 pta
313 2457 542 2499 volumina.
568 2457 650 2509 Qui
675 2470 776 2500 vero
801 2461 967 2513 operati
995 2460 1123 2503 simul
1147 2467 1246 2505 sunt
1267 2469 1310 2506 et

209 2527 475 2582 docuerunt,
501 2530 666 2584 iterque
689 2530 733 2571 in
763 2530 928 2573 caelum
959 2532 1181 2586 fecerunt,
1213 2547 1307 2586 am-

209 2599 446 2643 bulationes
466 2601 717 2644 nominavit.
738 2602 860 2644 Multi
877 2605 987 2646 enim
1007 2604 1206 2648 doctores
1227 2620 1307 2650 ne-

210 2682 425 2724 quaquam
445 2671 501 2713 ad
525 2672 686 2730 caelum
714 2674 795 2720 iter
816 2674 1035 2730 fecerunt,
1067 2677 1170 2731 quia
1198 2677 1308 2722 dicta

208 2741 381 2795 propria
404 2754 492 2784 non
519 2727 815 2788 observarunt.
844 2746 951 2787 Nam
977 2747 1051 2801 qui
1079 2748 1272 2791 disserit'
1261 2763 1308 2793 111

209 2811 566 2855 ambulationibus
585 2813 686 2865 (hoc
709 2819 772 2861 est
789 2816 901 2857 enim
916 2816 1056 2858 facere
1069 2822 1112 2860 et
1125 2818 1304 2874 docere)

208 2882 335 2936 digne
346 2882 532 2925 ambulat
544 2885 767 2927 vocatione
781 2899 864 2940 qua
877 2899 901 2929 a
914 2888 1006 2929 Deo
1018 2894 1193 2932 vocatus
1206 2891 1301 2935 fuit.

265 2954 420 2996 Mentis
435 2959 660 3009 peccatum
674 2957 807 2999 simile
822 2958 1012 3013 phialae,
1030 2973 1183 3015 operae
1203 2976 1305 3017 pec-

208 3029 349 3067 catum
376 3025 550 3079 poculo.
563 3014 715 3080 ''sYnep
719 3036 739 3062 ν
757 3041 860 3071 vero
884 3035 947 3072 cst
967 3031 1086 3085 quod
1108 3044 1133 3074 a
1154 3035 1305 3089 coquis

209 3081 366 3148 τριβευς
391 3095 645 3150 appellatur.
676 3098 811 3141 Multa
839 3101 953 3143 enim
982 3101 1124 3157 pulsat
1162 3094 1304 3160 ῧωερεν

205 3166 442 3221 (pistillus)
471 3179 610 3221 neque
647 3171 788 3211 tamen
823 3172 957 3225 aperit
992 3172 1134 3216 locum
1175 3187 1302 3229 quem

204 3239 359 3292 pulsat.
399 3240 458 3280 At
495 3251 598 3280 vero
635 3239 851 3297 discipulis
890 3243 1030 3286 aiebat
1068 3247 1267 3289 Servator
1287 3261 1297 3288 :

203 3310 394 3365 pulsate,
425 3313 471 3351 et'
499 3310 713 3364 aperietur
735 3311 876 3354 vohis.

259 3383 379 3424 Mens
409 3394 517 3436 quae
547 3381 731 3424 alienum
761 3383 985 3426 consilium
1013 3389 1087 3428 aut
1109 3385 1300 3442 discipli-

203 3465 300 3495 nam
331 3453 508 3507 suscipit
523 3483 535 3506 ,
557 3453 688 3495 malas
703 3454 986 3508 cogitationes
1010 3456 1190 3500 fovebit.
1218 3458 1301 3510 Qui

200 3527 341 3566 autem
371 3527 542 3566 cautum
573 3535 617 3566 se
647 3529 790 3578 geret,
815 3525 851 3567 is
879 3527 991 3569 vitae
1011 3540 1188 3582 compos
1209 3528 1296 3571 fiet.

262 3593 368 3636 Mala
398 3607 463 3636 res
487 3594 684 3637 socordia
703 3595 914 3638 indolens.
941 3598 1047 3639 Nam
1068 3603 1215 3652 postea
1234 3599 1300 3641 di-

199 3677 270 3706 ces
300 3666 602 3708 conscientiam
631 3671 750 3708 tuam
772 3666 945 3721 pulsans
961 3699 981 3721 ‚,
998 3681 1086 3710 nou
1106 3669 1299 3713 laboravi
1319 3692 1321 3694 ·

201 3734 370 3793 non-fui
388 3737 593 3780 sollicitus
612 3737 800 3793 praemia
819 3737 1081 3793 adipiscendi
1100 3771 1112 3794 ,
1136 3744 1178 3782 et
1196 3753 1295 3784 cru-

200 3805 336 3848 ciatus
373 3807 551 3851 vitandi.
593 3808 820 3870 Illuseruut
852 3809 988 3865 mihi,
1021 3811 1065 3854 id
1097 3816 1160 3854 est
1189 3813 1294 3856 mihi

2429 227 2491 276 39

1398 343 1465 370 και
1497 319 1700 384 μυστικόν·
1734 324 1778 370 οὗ
1808 326 1866 372 δεῖ
1902 324 1976 391 γάρ
2007 347 2051 375 σε
2085 328 2226 399 βαλεῖν
2265 348 2354 384 τους
2390 349 2498 396 μαρ-

1399 412 1566 459 γαριτας
1599 392 1828 477 ἔμπροσθεν
1861 398 1935 444 τῶν
1967 418 2151 461 χοιρων

1458 463 1582 527 ’Όρια
1615 460 1755 511 αἱωνια
1790 463 2024 524 ,δεοσεβειας
2055 489 2110 528 μη
2121 465 2322 552 μέταιρε·
2358 471 2415 525 εἷς
2452 467 2500 522 δὲ·
2561 509 2570 519 .
2626 509 2633 517 .

1398 552 1474 597 γον
1505 554 1582 581 των
1613 531 1962 601 οἷπερφανισάντων
1997 534 2153 592 {auten-3
2184 535 2260 588 ἀπο
2295 542 2361 588 τσῧ
2384 543 2470 588 θεε
2431 563 2495 600 Ρυ,

1398 606 1532 665 κτῆμα
1557 603 1600 655 δὲ
1628 602 1821 666 δαιμόνων
1848 626 1917 656 την
1941 604 2084 653 κακίαν
2118 607 2280 673 ἔχςντας
2293 647 2305 667 ,
2330 631 2387 671 μη
2409 613 2496 660 εἰσ-

1399 671 1523 738 ἔλθῃς
1543 710 1556 732 ,
1599 674 1648 722 δι’
1676 696 1724 727 ην
1757 673 2013 742 ἐςεργῖἓησαν
2053 680 2120 725 τεῧ
2155 677 2383 744 ἐωευρανιευ
2418 703 2498 730 πα·

1398 742 1509 804 τρές·
1546 765 1566 791 o
1604 765 1680 810 γαρ
1717 743 1975 836 λυτρούμενος
2013 769 2156 802 αυτσυς
2192 770 2315 815 κυριος
2355 753 2394 798 ἐκ
2430 755 2499 801 τεῧ

1397 811 1671 902 ὖπερλαμπρσυ
1701 838 1827 884 φωτος
1860 814 1936 866 ἀπο
1969 816 2060 868 oxo't
2066 841 2130 874 συς
2151 855 2163 877 ,
2196 818 2362 885 ἰσχνρές
2395 821 2497 877 ἔςιν.

1468 883 1543 935 Y&
1526 908 1568 940 3
1593 883 1712 951 ὄρθσς
1738 884 1970 975 ἑνδιατριψει
1995 886 2048 937 τὰ
2070 887 2187 952 χείλη
2211 892 2332 940 αὐτοῦ
2355 890 2494 958 σεφῖᾳ,

1395 978 1463 1007 και
1495 956 1520 1009 ἦ
1554 979 1596 1004 a:
1581 955 1672 1024 φῖα
1706 980 1798 1044 προς
1828 956 1947 1008 αὐτον
1980 956 2224 1011 συλλαλησει
2255 983 2323 1008 και
2359 964 2496 1024 διαμε-

1362 941 1379 951 x

1395 1048 1466 1077 νει·
1501 1051 1520 1076 ο
1554 1025 1598 1076 δε
1629 1025 1870 1093 στρεβλος’
1857 1051 2082 1080 εκπεσειται
2120 1032 2186 1080 ἀπ
2217 1054 2292 1079 αυτ
2297 1034 2362 1087 ἧς.

2540 899 2635 924 ww.

2540 930 2610 960 cod.
2629 930 2724 960 97.b.

1465 1101 1514 1148 Εἰ
1552 1120 1606 1162 τῳ
1638 1096 1746 1165 φεβῳ
1777 1122 1878 1166 nupt:
1882 1123 1904 1148 ν
1937 1098 2103 1149 ἐκκλινει
2137 1124 2198 1156 τις
2231 1099 2309 1152 ἀπο
2346 1125 2437 1151 κακε
2422 1129 2495 1164 υ,
2553 1127 2570 1148 v.
2627 1141 2637 1148 .

1392 1174 1523 1224 καὶως
1561 1192 1683 1237 mapa
1688 1193 1743 1219 νει
1783 1169 1848 1219 δια
1883 1194 2021 1227 σασης
2060 1177 2130 1227 τῆς
2169 1176 2270 1228 ζωῆς
2308 1172 2495 1224 inuh-am

1324 1286 1331 1295 .
1393 1239 1502 1303 ’ἡμᾶς
1533 1264 1611 1291 απο
1638 1265 1786 1297 παντες
1812 1266 1905 1291 κακσ
1910 1266 1947 1290 υ.

1464 1316 1556 1366 1133
1589 1311 1610 1360 ὅ
1643 1314 1681 1360 ἐν
1718 1335 1839 1374 κακιᾳ
1875 1310 2052 1376 με’..ιυσςς
2036 1352 2082 1374 ,
2121 1338 2189 1362 και
2223 1315 2241 1363 ὅ
2275 1316 2316 1363 ἐκ
2354 1314 2494 1382 σεφῖας

1391 1403 1487 1446 προς
1513 1381 1710 1447 ἀγνωσίαν
1730 1405 2051 1450 καταπσρνευων
2075 1408 2303 1450 πτωχευσει
2324 1387 2366 1434 ἐκ
2387 1386 2446 1434 Os‘
2415 1409 2496 1443 Ριας

1390 1474 1576 1539 χαριτσς3
1610 1477 1676 1503 και
1711 1478 1775 1503 cun
1813 1453 1972 1505 ἐνδυσετ
1953 1479 2016 1504 ·αι
2055 1454 2211 1518 ἔνδυμα
2246 1479 2284 1505 τ
2289 1480 2312 1504 υ
2349 1479 2493 1546 γσμσζυ

1390 1526 1470 1579 2-„33
1502 1547 1521 1572 o
1558 1527 1597 1572 ἐν
1633 1529 1682 1591 τῇ
1720 1529 1831 1588 δαιμε
1820 1526 1957 1575 νιωδει
1994 1550 2085 1575 νυκτ
2094 1551 2103 1575 ι
2142 1526 2313 1582 ὑπνωδης
2333 1567 2346 1584 ,
2387 1528 2496 1579 ἀλλα

1390 1615 1462 1646 την
1494 1595 1545 1650 ὦς
1569 1592 1685 1662 ῥαισς
1712 1618 2104 1664 τετραυματισμενην
2131 1620 2255 1664 σαρκα
2279 1598 2494 1660 διαθὶιβων

1387 1663 1547 1728 γεέννης
1578 1665 1724 1734 φλόγα.
2293 1735 2316 1756 Ν

1447 1735 1554 1804 ’Έφη
1589 1761 1654 1792 τις
1688 1760 1760 1787 των
1791 1735 1995 1806 γερόντων,
2022 1763 2089 1791 την
2115 1736 2249 1803 ψυχην
2283 1744 2382 1790 εἰναι
2417 1766 2494 1804 yn-

1389 1807 1483 1871 τέρα
1517 1832 1555 1858 τε
1561 1832 1603 1856 υ
1613 1831 1652 1856 νε
1657 1833 1678 1856 υ
1700 1848 1712 1868 ,
1746 1807 1881 1873 ψυχην
1919 1808 2042 1876 λέγων
2081 1833 2125 1859 το
2159 1810 2358 1862 maffia-:123
2365 1834 2383 1859 ν
2417 1817 2490 1869 τῆς

1386 1882 1522 1941 ψυχῆς
1545 1917 1557 1938 ,
1591 1878 1724 1941 δυμον
1757 1903 1800 1930 τε
1832 1903 1898 1929 και
1933 1878 2165 1945 ἐπιθυμίαν·
2207 1879 2273 1929 ὂια
2301 1904 2377 1949 γαρ
2415 1905 2490 1933 των

1386 1970 1603 2012 πρακτικων
1636 1953 1783 2017 ἀρετῶν
1816 1973 1872 2006 εις
1904 1974 1982 2020 φως
2014 1974 2084 2017 πρε
2088 1950 2158 2016 άγε
2143 1975 2172 2000 ι
2198 1951 2265 2001 τὸν
2298 1975 2396 2002 νουν·
2427 1954 2490 2004 δια

1385 2041 1460 2107 γαρ
1497 1997 1675 2087 o'zvdpez'a3
1711 2045 1779 2070 και
1828 2044 1952 2089 σωφρε
1937 2046 2075 2078 συν-ης
2118 2021 2308 2086 κτωμεΞΡα
2349 2048 2489 2093 σσφιαν

1383 2112 1450 2138 και
1483 2113 1624 2156 γνωσιν
1657 2096 1751 2140 &ss
1712 2116 1769 2151 Ρυ,
1804 2115 1924 2160 αιπερ
1956 2091 2055 2144 εἰσιν
2089 2092 2222 2158 ἀρεται
2256 2098 2385 2158 Ξτυμσῧ
2420 2118 2487 2145 και

1386 2159 1620 2224 ἐπιθυμιας
1655 2160 1758 2228 λέγει
1791 2165 1824 2211 δ’
1848 2161 1895 2211 ἂν
1921 2187 2070 2228 ισωςμ
2041 2163 2196 2243 μητέρα
2219 2188 2285 2213 και
2314 2188 2383 2218 την
2407 2190 2486 2218 πα·-

1385 2229 1504 2281 λαιαν
1536 2230 1658 2281 3123!
1635 2257 1729 2286 nam
1763 2237 1806 2283 εὐ
1833 2233 2142 2301 καταφρόνητον.

1446 2353 1701 2441 Ἀνὲρώπευς
1748 2379 1954 2433 ἐνταῦθα,
2003 2381 2074 2427 τῶν
2121 2375 2374 2428 διδασκάλων
2412 2403 2484 2435 τας

1382 2469 1616 2515 συγγραφας
1649 2467 1756 2514 φησι·
1794 2469 1834 2496 τΡ
1837 2446 1884 2503 ὓς
1917 2446 1958 2495 de
1990 2447 2232 2504 ποιήσαντας
2268 2472 2334 2498 και
2373 2448 2485 2500 didd-

1380 2520 1524 2573 ξανταΡ
1508 2555 1548 2577 3,
1580 2540 1647 2565 και
1683 2540 1754 2570 την
1786 2540 1942 2584 πσρειαν
1976 2541 2072 2585 προς
2105 2541 2285 2586 συρανους
2322 2544 2484 2574 nec-acoe-

1379 2609 1543 2650 μενσυς,
1570 2612 1616 2639 π·
1602 2611 1684 2655 εριπ
1675 2612 1756 2638 ατε
1762 2612 1806 2644 υς
1830 2586 2027 2658 ω’νομασε·
2049 2588 2180 2640 mm:
2154 2613 2183 2637 Ρι
2204 2613 2280 2657 γαρ
2300 2591 2484 2651 διδαξαν-

1380 2679 1473 2719 τες,
1507 2659 1550 2707 εὖ
1582 2682 1673 2744 προς
1711 2659 1873 2726 εὗρανον
1913 2681 1983 2712 την
2020 2659 2176 2727 περεῖαν
2214 2665 2280 2711 ἐπ
2268 2683 2446 2723 Tne-avve
2468 2703 2481 2726 ‚

1378 2731 1440 2780 ὅτι
1473 2752 1538 2778 ουκ
1570 2727 1789 2818 ἑφυλαξαν·
1820 2733 1840 2779 ὅ
1874 2752 1948 2796 γαρ
1981 2734 2124 2793 ὁμιλῶν
2157 2735 2196 2780 ἐν
2219 2755 2478 2820 περιπατσις,

1378 2822 1421 2849 τε
1425 2822 1564 2851 υτεστι
1584 2825 1642 2851 -π
1629 2804 1716 2848 Ριεῖν
1749 2797 1792 2851 τὲ
1823 2824 1887 2849 και
1920 2799 2136 2862 didas-new,
2164 2800 2281 2859 ἀξιως
2313 2826 2480 2872 περιπα-

1379 2892 1438 2919 τει
1473 2875 1546 2926 τῆς
1578 2868 1751 2926 κὶησεως
1781 2867 1830 2926 ἧς
1864 2869 2009 2924 ἑκληὲη
2042 2896 2117 2922 υπο
2150 2877 2218 2921 τσῧ
2248 2878 2352 2924 θεοῦ.

1446 2944 1500 2990 ‘H
1535 2939 1609 3004 μὲν
1645 2939 1753 2989 κατὰ
1783 2940 1887 2990 &wius
1874 2964 1956 2990 Ριαν
1992 2941 2175 3006 ἇμαρτια
2213 2943 2306 2993 {caue
2342 2944 2474 3012 φιάλῃ·

1374 3034 1399 3060 τι
1431 3009 1473 3059 δε
1504 3033 1581 3060 κατ
1624 3008 1818 3078 ἐνεργειαν
1839 3050 1851 3072 ‚
1885 3034 2066 3080 ποτηριῳ
2106 3016 2242 3080 ὕπερεν
2275 3013 2317 3064 δέ
2347 3037 2474 3076 εστι,

1376 3104 1419 3130 το
1451 3083 1562 3147 παρὰ
1593 3105 1634 3132 τε
1639 3105 1675 3136 ις
1707 3081 1906 3149 μαγεὶρεις
1939 3081 2124 3148 λεγέμενε
2127 3105 2147 3131 ν
2180 3084 2345 3151 τριβευς·
2379 3095 2476 3137 πολ-

1375 3150 1428 3199 λα
1458 3150 1533 3236 γὰρ
1562 3174 1686 3218 κρουει
1720 3175 1832 3202 τουτο
1863 3175 1908 3203 το
1940 3155 2055 3220 ὕπερε
2039 3176 2101 3212 ν,
2136 3178 2201 3203 και
2235 3158 2300 3205 οὐκ
2333 3156 2477 3223 ἀνοίγει

1376 3245 1443 3272 τον
1475 3220 1569 3273 τᾶπε
1571 3245 1590 3271 ν
1623 3244 1665 3271 ον
1700 3245 1760 3289 κρ;
1766 3221 1839 3272 υέι·
1879 3228 1961 3279 τέῖς
1994 3223 2037 3274 δε
2067 3234 2164 3314 (aa-{¹⁸
2161 3231 2275 3282 raah
2308 3228 2327 3275 ὁ
2358 3250 2478 3294 κυρισς

1373 3291 1483 3360 φησι·
1515 3315 1577 3359 xpc
1562 3316 1622 3342 υε
1626 3315 1667 3342 τε
1699 3317 1762 3343 και
1795 3297 1863 3342 dv:
1847 3317 2048 3359 ιγησεται
2079 3297 2205 3359 υμῖν*
2208 3334 2220 3345 .

1442 3367 1533 3415 Nc*
1490 3387 1556 3419 Ρυς
1590 3359 1800 3427 δεξάμενος
1826 3364 2029 3452 ἀλλοτριον
2061 3365 2189 3432 νόημα
2219 3365 2244 3416 ἦ
2273 3364 2472 3432 μαθησιν,

1371 3431 1573 3496 μελετησει
1587 3431 1800 3500 λεγισμσυς
1822 3458 1977 3492 κακευς·
1999 3438 2018 3486 ὃ
2044 3436 2082 3486 δὲ
2110 3436 2282 3504 τηρήσας
2316 3438 2470 3499 ἔαυτεν,

1371 3503 1654 3568 κληρονομήσει
1685 3503 1804 3560 ζωην.

1441 3572 1577 3622 Δεινον
1615 3575 1639 3627 ἧ
1675 3573 1926 3640 ἀναλγησια·
1967 3573 2055 3627 εἰτα
2093 3580 2192 3645 ἐρεῖς
2231 3578 2467 3645 τυπτόμενος

1372 3665 1446 3695 την
1478 3643 1719 3704 σννειὸησιν,
1754 3648 1818 3694 οὐκ
1851 3644 2019 3698 ἐπόνεσα
2051 3670 2252 3715 φρεντισαι
2288 3656 2362 3700 τῶν
2392 3650 2465 3714 μὲν

1369 3735 1485 3780 γερων
1518 3737 1688 3778 τυχειν,
1721 3715 1920 3781 ρυσὲἧναι
1954 3722 1996 3767 δέ
2032 3742 2107 3769 των
2138 3720 2340 3780 βασανων·
2384 3722 2468 3769 ἐνε-

1367 3783 1508 3841 παιξάν
1539 3808 1605 3848 μοι
1627 3825 1639 3847 ⁷
1674 3784 1853 3838 τσντὲστι
1886 3790 2184 3856 πρεσοινξῖδισάν
2214 3813 2293 3854 μει·
2327 3790 2402 3856 ἐγῶ
2425 3790 2467 3840 δὲ

2535 1745 2640 1806 {03st
2661 1781 2706 1806 98.
2720 1777 2751 1807 b.

2527 2382 2623 2407 v.31.

2526 2417 2596 2451 cod.
2616 2414 2637 2444 r
2657 2419 2702 2444 ⁹9.
2720 2422 2748 2444 a.

2518 2965 2587 2995 eod.
2611 2965 2632 2994 l'.
2651 2970 2696 2994 29.
2716 2965 2747 2993 b.

2520 3312 2650 3341 ¹11atth.
2660 3312 2724 3341 vu.
2734 3316 2760 3340 7,

2518 3393 2547 3414 ν.
2566 3387 2610 3413 3⁴.

2512 3579 2604 3605 v..35

2510 3612 2747 3641 eod.t...1002
