2996 4432
998 258 1167 292 coarnA
1201 228 1439 290 invasiones
1473 257 1570 290 mc.
1609 258 1697 290 mn.
1736 258 1800 290 iv.
2445 242 2533 290 109

260 354 342 400 dus
373 353 551 397 clericos
580 349 814 394 nullatcnus
843 345 1050 389 saeculari
1081 346 1258 390 arbitrio
1272 378 1285 401 ,
1318 343 1394 388 sed
1421 343 1671 387 sacerdotali
1697 344 1830 387 libera
1862 343 2139 399 dispositione
2155 375 2168 398 ‚
2201 342 2359 386 eisdem
2389 357 2533 387 sacro-

260 427 416 469 sanctis
441 423 627 467 ecclesiis
649 420 704 464 ad
730 418 1020 463 famulandum
1048 411 1140 461 Deo
1167 415 1386 460 introduci
1417 413 1588 458 debere.
1624 414 1705 457 Sed
1734 428 1788 457 ne
1817 415 1927 458 hanc
1958 426 2124 458 causam
2155 427 2207 457 ex
2236 420 2330 458 toto
2365 419 2533 470 praete-

260 498 347 539 rire
365 495 608 548 videamur,
631 496 681 535 ut
697 490 806 534 nihil
827 490 1004 534 ulterius
1024 489 1077 534 de
1099 502 1151 533 eo
1171 499 1455 532 memoremus
1471 516 1483 540 ,
1505 490 1936 541 paucassanctorum
1953 491 2123 542 patrum
2144 490 2187 529 et
2207 487 2534 529 christianorum

261 568 502 623 principum
522 562 849 608 constitutiones
879 561 1169 605 subiiciamus.
1194 561 1246 605 In
1266 557 1447 615 epistola
1465 557 1668 612 septimae
1690 557 1849 613 synodi
1878 558 2178 614 episcoporum
2200 559 2365 601 ·CCCL·
2395 577 2411 593 α
2432 558 2533 602 Om-

263 639 330 681 nis
362 637 514 681 electio
541 634 733 690 episcopi
762 638 835 676 aut
860 633 1100 690 presbyteri
1133 637 1207 676 aut
1233 630 1404 676 diaconi
1434 642 1459 673 a
1492 628 1759 685 principibus
1785 629 1899 672 facta
1914 660 1927 683 ,
1958 630 2078 672 irrita
2104 634 2274 672 maneat
2300 628 2532 672 secundum

261 709 454 764 regulam
473 710 719 750 sanctornm
745 706 1041 761 apostolorum
1055 736 1068 758 ,
1104 716 1212 760 quae
1241 702 1371 747 dicit:
1396 702 1432 745 si
1453 701 1550 757 quis
1572 701 1799 756 episcopus
1818 700 2102 743 saecularibus
2126 701 2410 756 potestatibus
2432 713 2534 744 usus

262 779 480 823 ecclesiam
508 788 589 832 per
615 777 728 832 ipsas
761 776 980 830 obtineat,
1011 775 1275 832 deponatur3
1307 777 1352 817 et
1381 775 1658 828 segregentur
1690 783 1837 813 omnes
1870 772 1944 826 qui
1970 771 2035 813 illi
2068 773 2397 815 communicant.
2424 791 2440 807 ι»
2482 772 2534 814 In

260 848 445 892 concilio
475 847 732 890 antiocheno
761 860 859 903 cap.
887 847 1000 890 ·XII·
1015 838 1026 852 '
1039 865 1056 884 ι
1075 847 1117 890 Si
1151 847 1248 902 quis
1277 843 1505 901 presbyter
1530 840 1610 900 {vel
1639 842 1846 886 diaconus
1878 855 1956 898 per
1990 843 2245 886 saecularem
2284 842 2534 898 dignitatem

260 919 482 963 ecclesiam
512 919 688 962 Domini
716 918 934 974 obtineat,
967 919 1217 973 deiiciatur;
1244 922 1287 961 et
1317 918 1408 973 ipse
1440 919 1484 959 et
1515 914 1739 958 ordinator
1763 914 1854 957 eius
1882 927 1909 956 a
1938 915 2236 957 communione
2267 914 2412 967 modis
2438 925 2533 961 om7

259 990 386 1034 nibus
415 995 690 1045 segregentur
705 1022 718 1044 ,
750 995 793 1033 et
819 990 899 1033 sub
933 989 1199 1033 anathemate
1228 989 1312 1032 sint
1343 988 1456 1031 sicut
1489 986 1635 1029 Simon
1662 997 1811 1041 magus
1838 997 1863 1028 a
1894 986 2040 1028 Petro.
2068 1004 2085 1021 n
2125 987 2186 1027 Ex
2221 985 2405 1028 concilio
2438 985 2532 1027 lao-

261 1061 440 1104 dicensi.
476 1080 492 1098 «ι
511 1061 639 1114 Quod
663 1074 751 1104 non
781 1062 837 1104 sit
860 1061 1190 1117 permittendum
1212 1060 1369 1105 'turbae
1387 1059 1615 1102 electiones
1646 1069 1797 1100 eorum
1815 1057 1954 1099 facere
1973 1087 1985 1109 ,
2015 1057 2091 1111 qui
2120 1060 2220 1098 sunt
2246 1056 2301 1098 ad
2328 1056 2532 1099 sacerdo-

261 1132 378 1190 tium,
393 1131 680 1187 provehendi.
703 1151 720 1168 ι»
758 1132 808 1174 In
840 1131 1022 1175 concilio
1048 1131 1290 1187 Symmachi
1311 1141 1449 1186 papae
1479 1129 1782 1186 cpiscoporum
1809 1128 2048 1171 ·CCXVIII·
2087 1146 2103 1162 α
2122 1128 2219 1170 Non
2246 1128 2431 1182 placuit,
2454 1128 2533 1170 lai-

260 1215 362 1245 cum
396 1202 452 1245 ad
483 1202 643 1259 aliquid
673 1201 948 1246 statuendum
975 1203 1023 1245 in
1053 1202 1230 1246 ecclesia
1258 1201 1419 1245 habere
1448 1200 1637 1256 aliquam
1669 1204 1921 1256 potestatem
1937 1231 1950 1253 ,
1981 1199 2051 1242 cui
2080 1198 2366 1254 subsequendi
2394 1204 2537 1242 manet

264 1274 494 1316 necessitas
510 1304 523 1328 ,
558 1285 648 1317 non
685 1273 918 1316 auctoritas
951 1273 1205 1329 imperandi.
1232 1291 1250 1310 u
1282 1273 1333 1316 In
1368 1273 1550 1316 concilio
1587 1271 1752 1315 Nicolai
1787 1271 1966 1314 iunioris
2005 1270 2307 1326 episcoporum
2344 1271 2531 1327 ·CXIII·,

261 1357 360 1400 cap.
396 1346 488 1388 ·vl·
519 1364 536 1382 n
557 1346 862 1388 constituimus
886 1349 937 1388 ut
964 1357 1043 1403 per
1067 1345 1203 1389 laicos
1234 1343 1415 1400 quilibet
1441 1336 1618 1386 clericus
1644 1347 1720 1385 aut
1745 1341 1970 1398 presbyter
2004 1341 2123 1384 nullo
2157 1341 2288 1384 modo
2316 1342 2535 1384 ecclesiam

261 1415 458 1459 obtineat
475 1449 489 1471 ,
527 1429 606 1459 nec
635 1417 764 1471 gratis
792 1429 872 1459 nec
904 1416 1060 1473 pretio.
1082 1434 1099 1452 »ι
1139 1417 1191 1459 In
1223 1415 1405 1459 concilio
1445 1414 1628 1470 septimo
1665 1414 1859 1469 Gregorii
1890 1425 2025 1469 papae
2063 1413 2364 1468 episcoporum
2393 1414 2458 1456 ·L·
2497 1416 2533 1466 1)

259 1499 356 1543 cap.
382 1488 457 1530 ·11·
484 1489 528 1530 Si
556 1489 653 1544 quis
682 1489 989 1544 imperatorum
1005 1519 1018 1542 ,
1047 1500 1194 1543 regum
1208 1519 1222 1542 ,
1251 1488 1322 1530 vel
1359 1487 1540 1543 quilibet
1566 1486 1844 1530 saecularium
1876 1489 2135 1542 potestatum
2166 1489 2239 1527 aut
2269 1484 2534 1540 personalem

258 1559 551 1602 investituram
579 1561 903 1616 episcopatuum
932 1560 999 1603 vel
1033 1560 1212 1604 alicuius
1249 1559 1552 1603 ecclesiasticae
1580 1559 1798 1614 dignitatis
1830 1558 1929 1601 dare
1955 1558 2280 1614 praesumpserit
2294 1588 2308 1612 ,
2337 1556 2536 1600 ecclesiae

259 1629 442 1676 introitu
471 1632 667 1686 privetur
690 1633 749 1686 2).

380 1702 422 1744 2.
456 1704 517 1744 Ex
537 1702 658 1745 libris
680 1703 960 1746 novellarum.
997 1721 1015 1739 α
1033 1703 1275 1758 Imperator
1302 1701 1561 1745 Iustinianus
1590 1706 1795 1757 augustus
1824 1702 1972 1744 Menae
2002 1701 2340 1757 archiepiscopo.
2374 1701 2532 1743 Decer-

261 1773 403 1815 nimus
423 1776 474 1815 ut
497 1773 532 1815 si
550 1773 646 1829 quis
670 1773 899 1817 aedificans
912 1766 1160 1828 ecclesiam,
1184 1777 1257 1816 aut
1277 1774 1406 1816 etiam
1428 1772 1551 1816 aliter
1571 1772 1808 1829 expendens
1828 1774 1874 1815 in
1893 1785 1942 1815 ea
1960 1772 2297 1815 ministrantibus
2318 1770 2526 1824 alimenta,

259 1845 450 1888 voluerit
475 1844 643 1899 aliquos
672 1844 850 1887 clericos
878 1848 1088 1900 statuere,
1123 1857 1212 1887 non
1244 1857 1333 1888 esse
1364 1843 1565 1888 fiduciam
1588 1845 1716 1887 ullam
1735 1845 1786 1887 iis
1811 1857 1923 1900 quos
1952 1845 2047 1887 vult
2071 1857 2150 1899 per
2175 1847 2432 1899 potestatem
2460 1843 2531 1885 in-

260 1913 417 1957 ducere
433 1945 446 1968 ,
466 1915 548 1956 nisi
566 1915 685 1970 prius
702 1919 807 1970 tuae*
827 1915 1087 1958 reverentiae
1105 1914 1264 1959 iudicio
1286 1920 1494 1972 tuaequae
1511 1916 1747 1958 sanctitatis
1764 1917 2062 1959 'examinentur
2082 1916 2328 1957 sententia.»
2354 1916 2463 1957 Item
2488 1915 2534 1957 in

263 1984 412 2028 codice
437 1985 681 2028 iustiniano.
717 2003 734 2021 α
749 1986 1034 2041 Imperatores
1060 1985 1266 2029 Arcadius
1299 1991 1343 2029 et
1366 1987 1585 2029 Honorius
1605 1988 1775 2041 augusti
1791 1986 2058 2041 Eutychiano
2081 1987 2294 2041 praefecto
2315 1985 2532 2041 praetorii.

263 2057 351 2099 Pro
385 2056 680 2112 magnitudine
718 2057 789 2101 vel
828 2057 1069 2102 celebritate
1099 2058 1432 2114 uniuscuiusque
1472 2059 1580 2113 vici,
1611 2059 1794 2102 ecclesiis
1827 2059 1974 2102 ceteris
2001 2058 2160 2100 iudicio
2191 2058 2380 2114 episcopi
2410 2057 2534 2099 cleri-

265 2141 418 2172 corum
449 2142 628 2173 munera
658 2129 926 2173 ordinentur.
950 2148 967 2166 »
1001 2129 1228 2173 Sciendum
1262 2135 1404 2173 autem
1432 2130 1554 2187 quod
1580 2130 1855 2174 sicut-clerus
1886 2134 1930 2172 et
1956 2129 2142 2184 populus
2173 2129 2421 2184 episcopum
2451 2127 2534 2170 sibi

261 2201 611 2244 constituendum
639 2202 922 2244 communiter
953 2201 1145 2258 deligunt
1174 2206 1217 2244 et
1247 2205 1477 2257 expetunt,
1505 2202 1563 2244 ita
1582 2205 1762 2257 propter
1791 2201 1907 2256 pacis
1935 2206 1978 2243 et
1997 2201 2186 2243 caritatis
2215 2200 2378 2242 bonum
2407 2199 2535 2241 debet

258 2272 376 2315 clero
408 2277 452 2315 et
477 2273 642 2329 populo
672 2273 1007 2330 uniuscuiusque
1035 2274 1237 2317 ecclesiae
1272 2278 1316 2317 et
1347 2274 1501 2317 vicinis
1535 2272 1831 2316 sacerdotibus
1867 2272 2076 2325 concedi,
2106 2278 2155 2315 ut
2189 2272 2462 2328 presbyteros
2492 2277 2535 2314 et

259 2343 475 2386 inferioris
498 2343 656 2398 gradus
683 2344 879 2399 potiores
903 2345 1080 2388 clericos
1100 2345 1184 2388 sibi
1204 2346 1390 2400 eligant:
1413 2357 1503 2388 non
1523 2349 1668 2388 tamen
1690 2345 1736 2387 in
1762 2345 1980 2387 ecclesiam
2000 2345 2088 2387 ullo
2110 2344 2241 2387 modo
2262 2343 2536 2386 introducere

258 2419 532 2470 praesumant
549 2446 563 2469 ,
598 2416 680 2458 nisi
713 2415 767 2458 ab
805 2417 1010 2472 episcopo
1046 2417 1230 2459 civitatis
1246 2448 1259 2471 ,
1289 2418 1356 2460 vel
1389 2418 1478 2460 eius
1515 2417 1684 2460 vicariis
1701 2448 1714 2471 ,
1746 2417 1863 2459 iuxta
1899 2416 2142 2471 apostolum
2172 2417 2311 2471 primo
2342 2413 2534 2470 proban*

259 2490 361 2539 tui-3
396 2491 439 2529 et
473 2486 534 2528 sic
559 2485 612 2529 ab
643 2486 796 2530 eodem
826 2487 897 2530 vel
921 2488 1008 2530 suis
1038 2488 1206 2531 vicariis
1234 2488 1348 2531 vitae
1383 2499 1482 2531 suae
1515 2486 1667 2530 diebus
1696 2487 1741 2530 in
1772 2487 1961 2529 ecclesiis
1990 2486 2283 2529 stabiliantur-t
2316 2499 2369 2528 ne
2398 2487 2434 2528 si
2456 2498 2536 2528 no-

259 2556 445 2599 lentibus
475 2561 519 2599 et
547 2569 636 2600 non
660 2557 903 2614 petentibus
932 2559 1170 2602 inserantur
1185 2589 1199 2614 ,
1227 2559 1283 2602 ab
1307 2558 1467 2602 eisdem
1498 2559 1568 2602 vel
1601 2558 1937 2602 condemnentur
1967 2559 2036 2601 vel
2070 2558 2170 2601 odio
2204 2558 2456 2601 habeantur.

1205 2676 1406 2708 SECUNDA
1435 2677 1617 2713 SECTIO„

383 2770 428 2812 3.
459 2771 583 2820 Nunc
617 2769 671 2813 de
702 2770 866 2814 clericis
896 2784 921 2815 a
947 2772 1089 2816 laicali
1108 2777 1318 2829 potestate
1336 2785 1608 2829 nequaquam
1637 2774 1691 2817 ab
1717 2774 1904 2818 ecclesiis
1925 2773 2180 2830 expellendis
2210 2787 2531 2830 prosequamur.

261 2842 313 2883 In
342 2840 512 2896 synodo
542 2841 767 2885 universali
795 2847 965 2898 patrum
1000 2844 1169 2887 ·CCXL·
1195 2844 1340 2887 habita
1363 2857 1444 2901 pro
1473 2838 1642 2899 Ignatio
1663 2847 1927 2902 patriarcha,
1952 2859 2062 2902 quae
2083 2860 2107 2889 a
2134 2847 2219 2889 suis
2241 2845 2536 2889 conditoribus

262 2916 413 2954 octava
442 2911 615 2955 dicitur.
655 2931 672 2949 «
690 2913 732 2956 Si
761 2913 942 2969 quilibet
967 2919 1192 2970 potentum
1231 2916 1390 2972 pellere
1423 2918 1652 2960 tentaverit
1688 2918 1946 2973 apostolicae
1986 2918 2206 2961 cathedrae
2242 2921 2395 2973 Papam
2417 2949 2429 2970 ,
2463 2922 2536 2960 aut

262 2982 445 3025 aliorum
476 2983 819 3038 patriarcharum
849 2997 1134 3042 quemquam,
1170 2987 1394 3030 anathema
1421 2989 1492 3031 sit.
1514 3008 1531 3025 ι»
1572 2990 1679 3032 Item
1709 3003 1760 3032 ex
1792 2990 1971 3045 epistola
2002 2991 2100 3033 Iulii
2130 3003 2282 3046 papae.
2325 3008 2343 3027 α
2362 2991 2403 3033 Si
2439 2990 2536 3045 quis

263 3053 489 3109 episcopos
506 3058 608 3109 post
627 3054 755 3098 huius
776 3060 946 3100 sanctae
966 3057 1076 3100 sedis
1098 3060 1352 3102 sententiam
1375 3059 1577 3104 damnare
1595 3065 1670 3105 aut
1690 3063 1867 3117 propria
1888 3061 1988 3104 sede
2012 3062 2164 3117 pellere
2184 3061 2508 3117 praesumpserit
2522 3091 2536 3113 ,

260 3126 368 3169 sciat
395 3138 442 3167 se
468 3126 853 3182 irrecuperabiliter
882 3141 970 3172 esse
994 3128 1238 3174 damnatum
1255 3164 1267 3187 ,
1301 3136 1344 3175 et
1369 3133 1550 3188 proprio
1574 3145 1716 3176 carere
1747 3138 1957 3188 perpetuo
1988 3133 2172 3175 honore.
2193 3152 2209 3168 υ
2243 3134 2329 3175 Leo
2364 3135 2537 3187 quartus

261 3199 307 3239 in
325 3195 515 3254 {registro
545 3210 624 3240 suo
655 3198 809 3241 Carolo
839 3201 946 3254 regi.
965 3219 982 3236 υ
1011 3201 1171 3245 Contra
1193 3207 1439 3246 sanctorum
1469 3208 1640 3260 patrum
1671 3204 1841 3258 regulas
1867 3204 2076 3260 probatur
2105 3205 2284 3246 existere
2316 3203 2538 3246 saecularis

261 3268 395 3310 homo
425 3268 495 3311 vel
522 3268 684 3324 laicus,
715 3271 786 3323 qm·
815 3271 1091 3328 presbyteros
1118 3273 1173 3316 ab
1204 3274 1420 3328 ecclesiis,
1452 3275 1610 3330 quibus
1631 3279 1826 3331 tempore
1855 3275 2137 3318 ordinationis
2165 3287 2314 3318 eorum
2343 3274 2536 3317 denomi-

260 3339 351 3382 nati
383 3339 453 3381 vel
481 3339 716 3383 introducti
745 3340 929 3398 fuerint,
963 3348 1144 3387 conetur
1173 3346 1397 3401 expellere.
1421 3365 1440 3383 »ι
1479 3346 1682 3396 Nicolaus
1710 3347 1855 3389 iunior
1885 3348 1928 3390 in
1960 3348 2141 3389 concilio
2174 3347 2343 3390 ·CXIII·
2374 3347 2538 3401 episco-

261 3422 434 3465 porum.
473 3428 490 3446 «ι
515 3410 818 3482 constituimus
849 3419 899 3458 ut
927 3415 1153 3459 cuiuslibet
1182 3416 1344 3460 ordinis
1366 3417 1541 3460 clericos
1572 3418 1669 3460 laici
1703 3431 1790 3461 non
1819 3418 2036 3473 iudicent,
2063 3432 2140 3461 nec
2169 3419 2221 3461 de
2248 3418 2429 3460 ecclesiis
2456 3417 2537 3458 eii-

261 3482 390 3524 ciant.
422 3483 529 3524 Item
557 3483 677 3538 quod
698 3484 863 3528 clericis
889 3482 1236 3543 delinquentibus
1255 3489 1489 3532 saeculares
1521 3494 1673 3532 contra
1700 3502 1799 3532 suos
1818 3492 2086 3546 praepositos
2107 3490 2388 3546 patrocinium
2415 3500 2537 3543 prae-

260 3557 373 3597 stare
403 3567 492 3598 non
517 3554 691 3599 debent.
715 3557 766 3600 In
792 3558 973 3601 concilio
999 3559 1189 3603 africano
1217 3573 1310 3616 cap.
1341 3561 1510 3603 ·XXIX·
1545 3578 1564 3597 σι
1581 3562 1636 3603 Et
1660 3560 1768 3603 illud
1795 3561 2027 3616 petendum
2057 3567 2119 3604 est
2133 3592 2144 3614 ,
2178 3565 2226 3602 ut
2253 3563 2436 3601 statuere
2466 3557 2533 3600 di·-

261 3629 472 3680 gnentur‚
505 3630 554 3669 ut
582 3627 618 3670 si
647 3628 744 3683 quis
777 3629 1000 3673 cuiuslibet
1030 3629 1209 3674 honoris
1236 3631 1415 3675 clericus
1437 3630 1598 3674 iudicio
1632 3631 1933 3688 episcoporum
1957 3643 2228 3688 quocumque
2253 3630 2424 3672 crimine
2444 3629 2536 3671 fue-

261 3698 319 3740 rit
347 3696 570 3741 damnatus
587 3731 600 3753 ,
632 3711 722 3743 non
750 3699 877 3744 liceat
904 3713 1002 3744 eum
1030 3702 1084 3746 ab
1117 3703 1328 3757 ecclesiis,
1362 3702 1518 3759 quihus
1550 3702 1760 3758 praefuit,
1789 3703 1878 3746 sive
1904 3717 1928 3747 a
1963 3703 2157 3759 quolibet
2187 3702 2358 3744 homine
2394 3701 2480 3742 sive
2512 3713 2536 3742 a

379 3803 410 3844 ι)
432 3805 470 3835 In
484 3803 601 3836 concil.
616 3803 746 3838 collect.
762 3812 817 3838 an.
834 3809 926 3840 1080.
941 3815 1008 3839 nou
1022 3805 1144 3840 dicitur
1159 3807 1256 3841 huius
1269 3794 1400 3841 concilii
1416 3808 1644 3850 episcoporum
1659 3816 1826 3851 numerus,
1841 3817 1938 3851 quem
1955 3817 2041 3842 nunc
2056 3816 2094 3840 ex
2108 3805 2285 3841 Deusdedit
2301 3805 2539 3848 cognoscimus.

377 3857 410 3899 2)
433 3858 520 3892 Haec
540 3866 645 3901 poena
664 3857 859 3893 nominatim
879 3860 1022 3895 sumitur
1042 3870 1084 3896 ex
1105 3861 1248 3904 capitulo
1270 3862 1316 3896 ibi
1337 3861 1562 3905 praecedente.

2573 1710 2642 1741 cod.
2658 1711 2680 1740 l.
2700 1715 2759 1740 155.
