2944 4426
1165 275 1212 306 m
1244 274 1511 307 PnovssnmA.

265 362 462 407 Hominis
491 374 659 408 carnem
687 373 800 405 nune
827 360 1057 403 fenestram
1086 360 1296 415 appellat:

207 444 285 489 per
324 434 433 478 hanc
474 435 636 490 quippe
677 432 887 486 malignus
928 431 1075 474 fucum
1111 431 1298 474 homini-

207 504 290 549 hus
327 506 458 560 facit,
493 507 568 562 qui
595 505 680 548 lata
715 503 988 559 spatiosaque
1022 504 1094 561 via
1126 503 1298 546 incede-

209 589 256 619 re
285 578 438 620 volunt
467 577 522 620 ad
550 575 836 632 perditionem
863 574 1060 617 ducente.
1094 575 1201 617 Heio
1223 588 1302 618 ve-

209 661 260 690 ro
296 646 718 692 animadvertendum
756 648 820 689 est
859 645 964 701 quid
995 645 1110 689 dicat
1143 646 1199 689 de
1232 659 1305 689 ne-

209 719 345 774 quitia
374 719 574 761 Salomon
593 748 606 771 ‚
637 729 789 772 nempe
824 716 944 772 quod
975 729 1065 760 non
1096 718 1187 772 ipsa
1215 717 1302 760 ho-

208 789 364 831 minem
400 788 521 830 initio
559 788 604 831 in
642 787 839 844 plateam*
865 786 1006 842 ducit,
1046 800 1187 844 neque
1227 801 1304 830 co-

208 860 272 914 git
299 871 475 915 pergere
505 859 551 901 in
579 859 697 902 vicos
727 859 896 902 aedium
930 871 1103 902 suarum
1119 890 1132 913 ,
1164 872 1304 915 neque

207 930 263 973 ad
290 931 492 985 angulum
519 931 810 987 propinquare
825 963 838 986 ,
871 935 945 973 aut
978 931 1023 974 in
1053 931 1306 987 vespertinis

206 1001 392 1044 tenebris
418 1001 642 1058 colloqui:
668 1001 745 1045 sed
764 1006 992 1057 postquam
1008 1002 1226 1044 hominem
1243 1003 1306 1045 vi-

207 1070 319 1114 derit
347 1077 501 1128 sponte
523 1085 567 1116 se
583 1072 878 1128 voluptatibus
907 1072 1145 1116 tradentem
1158 1105 1171 1128 ,
1202 1077 1307 1116 tunc

209 1142 249 1185 ei
284 1142 335 1186 fit
376 1143 549 1186 obviam
588 1146 830 1187 meretricia
867 1145 1006 1187 forma
1049 1144 1272 1200 adsumpta
1291 1175 1303 1198 ,

209 1226 320 1270 quae
348 1215 552 1258 iuvenum
581 1215 714 1258 eorda
742 1215 844 1258 facit
873 1216 1033 1258 exilire.

267 1286 350 1339 Qui
361 1287 406 1329 in
423 1287 573 1342 plateis
590 1291 748 1330 temere
764 1287 1054 1342 inambulant,
1073 1287 1127 1330 de
1142 1287 1307 1331 adulte·

211 1357 295 1411 ri0,
313 1359 587 1410 scortatione,
609 1358 814 1414 furtoque
827 1389 838 1411 ,
853 1358 975 1401 facile
996 1358 1202 1413 cogitant.
1225 1358 1308 1411 Qui

208 1440 310 1471 vero
341 1433 459 1471 extra
487 1429 590 1472 haee
618 1430 713 1472 loca
733 1431 920 1472 otiantur
936 1461 948 1484 ,
972 1432 1206 1473 contrarias
1225 1444 1306 1473 na-

208 1503 330 1542 turae
360 1500 602 1555 voluptates
633 1505 870 1555 sectantur,
893 1501 1178 1544 masculorum
1203 1514 1308 1545 con-

209 1569 380 1613 cubitus
423 1570 668 1614 affectantes
684 1603 697 1625 ‚
738 1576 781 1614 et
816 1572 899 1614 alia
939 1572 1146 1627 quaedam
1178 1575 1310 1615 vetita

211 1653 341 1697 opera
357 1641 623 1685 meditantes.
647 1644 756 1685 Cave
777 1647 918 1685 autem
940 1655 1017 1685 nec
1034 1643 1138 1686 haec
1167 1645 1310 1687 erimi-

211 1713 325 1755 natio
358 1715 404 1756 in
437 1719 606 1758 sanctos
638 1727 814 1770 quoque
844 1716 962 1758 viros
991 1716 1176 1759 incidat:
1211 1730 1309 1760 nam

209 1783 293 1826 nisi
321 1785 417 1838 quis
446 1785 719 1828 solitudinem
749 1785 942 1840 adamet‚
976 1786 1051 1829 sed
1080 1788 1224 1842 potius
1247 1793 1310 1831 te-

209 1865 326 1896 mere
356 1859 535 1909 vagetur
550 1886 562 1909 ‚
593 1855 629 1897 is
652 1855 823 1910 quidem
848 1855 1094 1899 inhonestae
1119 1858 1309 1901 mulieris

212 1924 430 1967 infamiam
457 1926 748 1981 participabit.

275 1996 563 2051 Cogitationes
593 1997 696 2039 aliae
725 2009 856 2052 purae
885 1996 1009 2052 sunt,
1042 1998 1147 2041 aliae
1170 2001 1310 2055 impu-

211 2079 301 2111 rae·
337 2068 491 2110 Lineae
509 2068 667 2123 pariter
689 2063 794 2110 aliae
823 2073 963 2111 rectae
993 2075 1092 2113 sunt
1121 2071 1229 2113 aliae
1247 2072 1310 2114 in-

211 2138 362 2180 flexae.
382 2138 577 2193 Angulus
595 2142 738 2181 autem
761 2144 824 2182 est
841 2139 993 2182 inflexa
1007 2141 1134 2184 linea.
1168 2144 1306 2186 Porro

207 2209 554 2267 intellectualiter
584 2209 764 2264 angulus
796 2215 859 2252 est
888 2210 1058 2265 impura
1088 2213 1306 2267 cogitatio.

210 2280 347 2333 Igitur
375 2279 421 2322 in
445 2279 643 2323 omnibus
662 2281 828 2335 angulis
846 2282 993 2324 venari
1012 2282 1280 2338 iniquitatem
1295 2315 1307 2339 ,

210 2350 388 2405 perinde
406 2355 469 2393 est
497 2364 546 2394 ac
572 2352 689 2394 omni
717 2352 981 2407 impurarum
1004 2355 1310 2408 cogitationum

210 2434 364 2477 genere
394 2422 579 2464 animam
607 2422 829 2478 propr-iam
859 2423 1071 2479 decipere.

269 2493 430 2536 Institis
457 2497 584 2548 atque
606 2507 735 2537 eroco
758 2499 800 2537 et
821 2495 914 2537 aliis
932 2496 1205 2552 huiusmodi,
1229 2497 1311 2541 fal-

209 2564 319 2608 laces
352 2565 674 2620 imaginationes
711 2567 932 2622 variasque
967 2568 1312 2622 perturbationes

212 2635 438 2689 significat.
457 2637 644 2691 -Specta
677 2638 908 2692 nequitiam
931 2639 1048 2682 haud
1065 2652 1116 2682 ex
1147 2653 1191 2682 se
1218 2642 1311 2695 ipsa

212 2705 380 2748 initium
402 2704 635 2751 sumentem
649 2738 661 2760 ‚
690 2707 766 2750 sed
787 2720 811 2750 a
842 2709 1012 2754 virtutis
1043 2708 1307 2764 primordiis.

214 2777 319 2818 Nam
336 2776 522 2820 sodalem
544 2778 740 2821 sacrificii·
755 2790 985 2832 assumere,
1011 2779 1127 2823 bona
1139 2793 1206 2823 res
1228 2786 1308 2824 est.

214 2846 297 2889 Sed
318 2859 450 2902 quum
466 2851 510 2890 te
531 2850 859 2903 expugnaverit,
881 2854 985 2892 tunc
1004 2863 1212 2894 venenum
1232 2852 1312 2895 tibi

214 2918 368 2960 mulier
382 2918 606 2972 inspirabit
618 2950 630 2971 ‚
647 2921 855 2962 amatoria
867 2921 1050 2976 loquens
1063 2952 1075 2975 ‚
1094 2934 1203 2976 quae
1220 2934 1312 2966 om-

214 2989 285 3030 nia
309 2987 560 3042 decipiendo
578 2988 734 3031 idonea
755 2995 880 3044 sunt3
905 2991 1020 3034 haud
1042 2992 1240 3048 equidem
1261 3006 1312 3036 ex

214 3058 392 3114 propria
420 3062 571 3100 natura
589 3088 601 3111 ‚
625 3058 700 3101 sed
718 3059 776 3101 ob
796 3060 1057 3104 audientium
1073 3062 1307 3105 stultitiam.

214 3128 563 3171 Intellectualiter
591 3141 694 3171 vero
714 3159 726 3182 ‚
758 3132 949 3185 nequitia
981 3134 1135 3187 satagit
1161 3134 1312 3177 faciem

214 3203 406 3242 nostram
427 3199 606 3255 implere
625 3200 858 3254 ignominia
871 3231 883 3255 ‚
900 3203 1054 3245 institis
1068 3236 1081 3258 ‚
1099 3208 1142 3246 et
1161 3204 1308 3258 cubili,

214 3275 259 3313 et
287 3270 526 3325 tapetibus,
560 3274 604 3312 et
634 3282 763 3312 croco
794 3283 844 3313 ae
874 3271 1167 3317 cinnamomo:
1201 3287 1311 3330 quae

215 3342 347 3385 malas
376 3341 597 3396 variasque
626 3341 899 3396 voluptatum
920 3345 1135 3398 passiones
1152 3346 1313 3399 signifi-

216 3417 314 3456 cant
327 3445 339 3467 ‚
373 3425 399 3456 a
427 3413 631 3455 vitiorum
659 3412 955 3455 inventoribus
985 3415 1235 3472 excogitata.

273 3483 415 3527 Verba
443 3483 574 3526 haec:
598 3487 699 3538 post
722 3482 810 3526 dies
827 3483 984 3526 multos
1004 3490 1237 3528 revertetur
1258 3487 1312 3531 ad

215 3552 394 3596 domum
422 3566 573 3623 suam3
603 3553 850 3609 spiritaliter
881 3554 1056 3598 omnino
1087 3559 1130 3598 et
1160 3555 1215 3598 ad
1247 3569 1314 3599 oe-

217 3626 459 3669 conomiam
472 3625 606 3668 relata
634 3629 829 3680 spectans
843 3626 1000 3668 Paulus
1012 3657 1024 3679 ‚
1050 3630 1312 3681 postremum

216 3695 386 3738 hostem
415 3696 477 3738 ait
498 3700 750 3739 evacuatum
765 3728 777 3750 ‚
801 3695 848 3738 id
870 3701 934 3738 est
952 3701 1158 3750 mortem,
1184 3709 1313 3752 quam

218 3762 295 3809 ceu
307 3767 526 3810 hominem
540 3767 773 3823 iniquitatis
788 3767 993 3817 Salomon,
1002 3767 1219 3811 describit:
1238 3770 1312 3824 qui

221 3848 462 3880 crumenam
492 3838 611 3882 velut
639 3842 816 3894 argento
841 3838 1010 3894 plenam
1043 3839 1089 3881 in
1116 3838 1313 3882 manibus

2412 264 2469 313 13

1440 355 1525 411 Την
1551 355 1679 424 σάρκα
1703 382 1770 410 του
1793 360 1991 430 ἄνθρωπον
2016 361 2156 429 θυρίδα
2179 361 2360 428 ὄνομαζει
2384 366 2467 414 νῧν·

1371 425 1437 478 διαὶ
1477 451 1556 515 γαρ
1600 451 1750 485 ταυτης
1794 433 1812 479 o‘
1859 454 2026 498 σονηρος
2070 456 2142 490 τας
2180 433 2346 491 ἀπάτας
2389 439 2474 493 τοῖς

1372 497 1600 566 ἀνδρώσας
1648 500 1851 568 ἐργάζεται
1872 540 1885 559 ,
1925 524 1964 552 τε
1972 526 2004 557 ις
2039 503 2284 567 βουλομένας
2331 502 2474 554 caeneus

1372 591 1445 622 την
1477 566 1679 619 ωλατειαν
1712 569 1801 620 ἔδον
1831 593 1898 621 και
1932 570 2167 639 εὐρῦχωρσν,
2199 598 2267 624 και
2294 574 2476 642 ἀπαγω-

1374 654 1452 689 σαν
1486 638 1551 691 ἐπι
1590 638 1658 693 τῆν
1694 640 1907 692 ἀπωλειαν·
1948 645 2126 691 ἑνταυθα
2162 641 2205 692 δὲ
2241 667 2316 711 πρε
2301 645 2449 696 σεκτέ;
2456 660 2483 694 ν’

1377 732 1414 759 τι
1451 732 1566 778 φησιν
1603 711 1622 760 o‘
1661 715 1844 775 Σολομων
1881 734 1971 779 ωερι
2011 716 2081 768 τῆς
2118 712 2275 770 κακίας·
2314 718 2373 764 ὅτι
2411 719 2477 766 εὐκ

1375 779 1478 833 αὐτη
1507 802 1576 831 τον
1606 780 1817 848 ἄνθρωπον
1851 785 1890 831 ἐν
1914 785 2059 849 ἀρχαις
2092 782 2154 834 ἐπι
2180 782 2249 835 triv
2282 784 2476 836 πλατειαν

1375 851 1479 937 ἄγει·
1519 850 1608 901 ουδὲ
1644 852 1857 919 ἀναγκάζει
1899 852 2144 920 πορεύεσθαι
2190 853 2291 904 διᾶὂε
2277 879 2330 910 ις
2366 857 2477 906 οἴκων

1374 924 1527 981 αυτῆς,
1558 919 1588 976 ἦ
1617 924 1885 990 προσεγγίζειν
1916 946 2059 991 γωνιᾳ,
2094 921 2119 976 ἦ
2145 929 2283 974 λαλεῖν
2319 928 2355 973 ἐν
2382 926 2477 976 σκό-

1376 1014 1432 1043 τει
1466 992 1672 1074 ἔσωερινῷ·
1712 997 1814 1044 ἅλ’.λ
1840 991 1907 1042 ἔαν
1942 994 2009 1060 'ld-(z
2046 1017 2135 1045 τινα
2170 995 2309 1046 ἓαυτον
2347 999 2479 1046 ἒωιόι,

1378 1059 1499 1113 ὂᾶνιτα
1536 1086 1631 1120 ταις
1673 1064 1871 1124 ἦόοναις,
1912 1065 2031 1120 εὐθυς
2076 1071 2255 1127 συναντᾷ
2290 1069 2397 1130 αὐτῷ
2432 1090 2478 1118 το

1378 1130 1525 1189 εἰδος’
1513 1134 1664 1199 ε’χουσα
1695 1133 1871 1204 πορνικόν
1890 1174 1903 1196 ,
1937 1159 1962 1188 n
1994 1159 2041 1186 πε
2046 1138 2098 1184 ιεῖ
2128 1134 2200 1191 τᾶς
2231 1158 2324 1185 νεων
2363 1135 2478 1193 ἐξιπ-

1379 1213 1534 1255 tao-&022
1566 1202 1772 1272 καρδιας.

1450 1278 1505 1326 Οἱ
1542 1274 1614 1340 μὲν
1653 1279 1691 1324 ἓν
1731 1280 1821 1364 ταῖς
1854 1275 2071 1333 ωλατειαις
2100 1278 2142 1345 ῥε
2127 1277 2354 1342 ,μβᾶμενοι,
2391 1300 2479 1340 μει-

1378 1343 1495 1410 χεῖας
1531 1369 1598 1395 και
1635 1345 1812 1412 περνεῖας
1847 1350 1911 1396 καὶ
1944 1352 2090 1404 κλσπῆς
2128 1347 2374 1412 λαμβάνουσι
2408 1354 2480 1397 λε-

1378 1436 1561 1482 γισμσυς·
1595 1416 1629 1466 εἶ
1662 1417 1704 1466 de
1736 1418 1809 1475 ἔξω
1843 1440 1985 1469 τουτων
2010 1417 2262 1486 ρεμβομενοι,
2292 1443 2365 1475 τας
2396 1442 2482 1469 πα-

1377 1505 1429 1554 μα
1459 1508 1574 1555 φυσιν
1605 1486 1744 1544 ἧόονας
1776 1486 2054 1554 μετέρχονται,
2088 1492 2224 1554 ἀρσενε
2209 1495 2367 1540 κσιτέῖν
2393 1511 2482 1541 επι-

1380 1563 1620 1618 ζητοῦντες,
1672 1582 1740 1607 και
1789 1558 1924 1607 ἄλλων
1975 1579 2085 1608 τινων
2135 1558 2482 1649 ἀπαγορευομένων

1380 1626 1623 1695 πραγμάτων
1655 1650 1882 1697 φαντασιας
1914 1629 2097 1693 λαμβανε
2101 1652 2202 1686 ντες·
2241 1635 2316 1698 ὅρα
2348 1628 2390 1680 δὲ
2426 1654 2482 1694 μη

1379 1698 1635 1766 κατηγόρημα
1679 1700 1739 1752 εἵη
1783 1704 1897 1752 τοῦτο
1942 1722 2008 1749 και
2045 1699 2164 1766 ἇγιων
2210 1704 2371 1767 ανδρων
2417 1700 2482 1750 καί

1382 1790 1444 1825 τις
1476 1768 1533 1833 μὴ
1563 1769 1774 1835 ησυχάζων
1807 1768 1915 1820 ἀλλα
1943 1771 2208 1858 ῥεμβόμενος,
2244 1795 2286 1821 τε
2292 1796 2326 1828 ις
2355 1794 2479 1825 κατη-

1380 1862 1424 1906 y.
1410 1861 1574 1906 ρημασι
1604 1839 1821 1895 κοινωνήσει
1854 1865 1932 1897 της
1967 1840 2109 1906 ἀτιμου
2143 1841 2339 1908 γυναικός,

1451 1986 1540 2031 Τῶν
1571 1987 1802 2050 λογισμων,
1835 2006 1868 2032 σι
1899 2005 1972 2048 μεν
2002 1982 2172 2051 καθαρεῖ
2206 1987 2303 2034 εἰσιν
2325 2022 2338 2043 ,
2376 1984 2410 2033 οἱ
2436 1983 2478 2034 δὲ
2544 2029 2552 2037 .

1380 2050 1627 2120 ἀκάθαρτα·
1641 2077 1706 2103 και
1739 2059 1813 2104 τῶν
1844 2058 2033 2120 γραμμῶν
2058 2079 2101 2103 αι
2131 2053 2203 2119 μὲν
2235 2058 2382 2104 εὐθεῖαι
2405 2077 2482 2104 κα-

1382 2127 1451 2172 λε
1410 2143 1559 2173 υνται·
1602 2149 1644 2174 αι
1678 2122 1719 2173 δὲ
1756 2124 2040 2211 κεκλασμέναι
2078 2123 2199 2191 γωνία
2236 2124 2278 2174 δέ
2314 2128 2374 2182 ἓςι
2411 2147 2482 2174 κε-

1381 2193 1580 2257 κλασμένη
1607 2194 1752 2245 εὐθεια·
1778 2192 1803 2248 ὴ
1825 2217 1949 2260 γωνια
1972 2200 2115 2253 νοητῶς
2149 2199 2232 2252 ἐςιν
2257 2199 2275 2245 o‘
2300 2193 2482 2283 ἀκάθαρ-

1382 2287 1426 2315 τε
1429 2287 1446 2318 ς
1478 2265 1682 2352 λογισμός·
1716 2289 1761 2318 το
1795 2271 1861 2315 οὖν
1893 2288 2008 2334 ωαρα
2039 2270 2180 2318 πᾶσαν
2217 2288 2360 2332 γωνιαν
2394 2269 2482 2316 ἐνε-

1383 2333 1527 2420 δρευειν
1553 2359 1627 2390 την
1650 2334 1805 2397 κακίαν,
1827 2338 1937 2388 δηλοῖ
1955 2335 1999 2387 τό
2022 2335 2087 2385 δια
2107 2335 2262 2389 πάντων
2283 2358 2356 2387 των
2384 2339 2483 2386 σἀα-

1383 2402 1535 2471 θάρτων
1570 2412 1763 2473 λογισμων
1795 2406 1921 2459 αὐτην
1954 2409 2156 2468 ἑξαπατᾷν
2189 2405 2259 2459 τῆν
2297 2405 2445 2472 ψυχήν.

1455 2476 1534 2525 Διά
1563 2501 1638 2529 των
1670 2475 1819 2565 κειρῖων
1847 2500 1912 2526 και
1948 2499 1988 2526 τ,
1992 2481 2016 2526 ’ὗ
2039 2476 2172 2546 κρόκου
2197 2501 2261 2526 και
2295 2481 2369 2528 τῶν
2395 2482 2482 2527 λοι-

1382 2568 1501 2606 ισων,
1542 2546 1594 2598 τὰ
1629 2546 1845 2601 ἀωατηλα
1859 2545 2103 2614 ,θεωρήματα
2126 2586 2140 2609 ,
2175 2572 2201 2600 τ.
2238 2571 2290 2598 τα
2320 2546 2482 2616 διάφορα

1383 2614 1498 2670 πάθη
1533 2617 1731 2683 σημαῖνει.
1735 2621 1905 2685 -ΣΟρα
1929 2640 2000 2669 την
2030 2619 2192 2677 κακίαν
2220 2622 2285 2667 οὐκ
2309 2619 2379 2684 ἕχ.
2364 2640 2482 2669 ,υσαν

1382 2689 1447 2755 ἀφ’
1469 2689 1616 2745 ἑαυτῆς
1640 2688 1795 2758 ἁρχην,
1820 2690 1905 2737 ἀλλ’
1931 2687 2007 2739 ἀπο
2033 2693 2106 2739 τῶν
2132 2694 2202 2745 τῆς
2228 2693 2364 2756 ἀρετης
2388 2711 2458 2756 προ
2442 2718 2483 2739 -

1383 2768 1535 2821 οιμιαζο
1537 2757 1678 2824 μένων·
1718 2781 1763 2810 το
1799 2757 1876 2826 γὰρ
1910 2759 2084 2808 κεινωνὲν
2122 2756 2264 2821 λαβεῖν
2301 2758 2447 2815 θυσιας
2469 2798 2484 2819 .,

1382 2827 1552 2915 ἀγαθὸν.
1576 2832 1642 2880 οτε
1665 2826 1710 2878 δε
1735 2832 1872 2885 αὐτοις
1903 2828 2203 2890 κατεπάλεσαι,
2238 2827 2328 2880 τδτε
2361 2828 2484 2882 ἐνῖησι

1383 2896 1450 2946 τᾶν
1482 2898 1565 2960 ἶον,
1599 2900 1650 2951 τοὶ
1674 2921 1753 2955 τοις
1779 2902 1911 2966 ἐρῶσιν
1936 2897 2165 2986 ἐπιθυμηταὶ
2182 2901 2484 2966 καταλέγουσα,

1384 2965 1412 3017 ἂ
1441 2989 1571 3022 παντα
1604 2968 1721 3019 ἱκανὰ
1748 2974 2088 3035 καταγοητεῦσαι,
2122 2973 2165 3019 ου’
2199 2991 2285 3035 περι
2320 2992 2391 3022 την
2423 2972 2485 3018 οἷ-

1382 3060 1489 3087 κειαν
1512 3062 1654 3128 φυσιν,
1676 3038 1787 3088 ἄλλα
1809 3061 1894 3107 περι
1921 3038 1991 3091 τῆν
2018 3044 2093 3089 τῶν
2118 3037 2332 3091 ακσνᾶντων
2364 3043 2457 3126 ἀφρε
2461 3070 2484 3078 -

1383 3129 1516 3162 σννην·
1550 3108 1658 3160 κατὰ
1689 3108 1729 3160 δε
1763 3108 1867 3159 &wiva
1853 3133 1934 3158 ιαν
1955 3132 1980 3161 η
2004 3111 2124 3160 κακία
2149 3114 2256 3166 ζητεῖ
2282 3132 2325 3182 το
2358 3107 2486 3178 πρόσ-

1381 3201 1485 3230 ωπον
1517 3180 1624 3245 ἦμῶν
1647 3179 1945 3245 καταισχύναι,
1955 3179 2036 3230 διὰ
2060 3205 2134 3233 των
2157 3176 2303 3248 κειριων
2327 3202 2390 3229 και
2417 3185 2488 3236 τῆς

1381 3248 1520 3307 κλινης
1542 3274 1608 3301 και
1635 3255 1709 3301 τῶν
1733 3248 1970 3339 ἀμφιτοίπων
1993 3275 2057 3300 και
2085 3275 2151 3303 του
2174 3249 2305 3318 νρόκσυ
2328 3273 2389 3299 και
2417 3255 2486 3301 τεῧ

1382 3341 1646 3386 κινναμωμομ·
1665 3324 1762 3388 ἅπερ
1780 3320 1882 3371 κακὰ
1898 3345 1963 3370 και
1986 3320 2096 3389 διαφ
2081 3345 2150 3389 ερα
2170 3320 2283 3373 πάθη
2305 3319 2486 3406 σημαίνει

1380 3391 1521 3442 ἦόονων
1545 3391 1652 3458 παρὰ
1674 3396 1758 3447 τοῖς
1783 3395 2007 3460 ἐφευρεταῖς
2033 3397 2108 3455 τῶν
2131 3397 2255 3441 κακῶν
2284 3389 2483 3457 γινόμενα.

1452 3459 1512 3510 Tb
1547 3464 1596 3511 δι’
1608 3465 1777 3546 ἦμερων
1802 3465 1958 3513 πολλων
1989 3451 2166 3520 ἐπανήξει
2199 3484 2254 3518 εις
2285 3483 2354 3511 τον
2385 3483 2485 3511 cmo-v

1382 3530 1528 3590 αυτοῦ,
1562 3554 1667 3582 πανυ
1697 3553 1962 3596 πνευματικως
1993 3532 2223 3589 ἐνατενὲσας
2256 3555 2306 3599 τῃ
2339 3554 2485 3581 οικονο-

1383 3621 1459 3661 μιᾳ
1490 3603 1510 3648 ὅ
1542 3605 1731 3660 Παῦλος,
1767 3600 1922 3665 ἔσχατε
1906 3623 1946 3650 ν
1978 3601 2118 3668 ἓχθρον
2143 3601 2249 3691 λεγει
2274 3623 2483 3670 καταργει·

1386 3676 1479 3718 σθαι
1512 3669 1578 3720 τὸν
1612 3669 1796 3721 θανατᾶν·
1831 3669 1874 3720 ἓν
1905 3694 1974 3720 και
1997 3668 2182 3761 ἄνδρας
2145 3696 2247 3723 ειναι
2274 3695 2344 3728 της
2369 3692 2483 3722 πονη-

1382 3759 1468 3805 ριας
1493 3740 1676 3805 Σολομων
1707 3738 1983 3810 προδιεγραψε·
2011 3764 2079 3793 τον
2103 3746 2153 3799 ὦς
2178 3741 2369 3805 βαλαντιε
2372 3763 2392 3790 ν
2417 3762 2485 3807 αρ-

1384 3830 1516 3876 γυριου
1539 3810 1768 3874 λαβόντα”
1752 3834 1793 3861 εν
1825 3816 1878 3879 τῇ
1900 3817 2002 3879 χειρὶ
2034 3813 2154 3864 αὑτοῦ
2187 3835 2257 3866 την
2285 3809 2485 3879 ἀνθρωπό-

2514 370 2544 394 v.
2564 367 2596 394 6.

2515 400 2585 431 cod.
2604 400 2626 432 f.
2647 405 2691 431 3⁶.
2715 408 2741 430 a.

2523 1291 2553 1313 v.
2579 1288 2627 1313 12.

2522 1319 2591 1349 cod.
2614 1321 2635 1349 f.
2655 1323 2699 1349 36.
2719 1321 2749 1349 b.

2526 2494 2555 2515 v.
2577 2490 2621 2515 io.

2524 2522 2593 2551 cod.
2613 2521 2633 2551 t.
2654 2525 2698 2550 37.
2716 2527 2744 2549 a.
