2996 4432
188 1339 256 1387 eod.
277 1358 297 1388 f.
321 1362 379 1389 147.

200 3710 269 3740 cod.
289 3710 309 3739 f.
330 3714 392 3741 148.

428 255 517 303 lot
1355 260 1483 294 caan.
1521 260 1762 294 nsusnEmr

419 357 465 399 id
485 359 569 409 est,
588 365 676 396 non
698 352 785 394 eius
804 353 1027 406 peceatum
1042 348 1191 391 volens
1207 346 1394 402 auferre,
1412 348 1675 392 convicietur
1690 348 1868 402 iniuste3
1887 352 2128 404 parumest
2141 348 2203 392 illi
2221 348 2275 392 ad
2291 348 2376 392 hoc
2394 348 2690 394 redimendum

419 427 730 480 eleemosynam
759 422 898 465 facere
913 453 925 476 ,
958 420 1039 463 nisi
1069 420 1195 462 etiam
1223 418 1345 474 quod
1373 418 1434 463 ibi
1463 420 1657 476 sequitur
1673 450 1686 473 ‚
1710 417 1946 462 remedium
1973 420 2333 464 reconciliationis
2363 420 2583 476 adiungat.
2608 424 2688 465 Se·-

418 497 567 552 quitur
595 495 732 538 enim:
766 497 802 535 si
831 493 955 545 ossers
983 504 1125 534 munus
1155 495 1280 554 tuum!
1297 492 1353 533 ad
1379 493 1533 544 altare,
1569 496 1608 532 et
1636 491 1693 532 ibi
1723 490 1950 532 recordatus
1969 491 2128 544 fueris,
2165 494 2261 545 quia
2280 492 2415 545 frater
2451 497 2542 534 tuus
2571 494 2693 535 habet

419 567 576 621 aliquid
604 567 793 607 adversus
823 569 860 605 te
891 567 974 606 etc.
1006 574 1140 624 usque
1172 568 1264 603 tune
1291 566 1465 605 veniens.
1498 564 1564 605 Ita
1584 572 1734 617 parum
1754 566 1818 604 θεῖ
1839 561 2124 616 quantaslibet
2143 564 2429 620 eleemosynas
2448 564 2585 606 facere
2605 577 2689 619 pro

420 625 693 694 quocumque
723 636 879 679 scelere
896 666 908 688 ‚
941 638 985 676 et
1011 635 1056 676 in
1086 634 1392 677 consuetudine
1422 634 1629 677 scelerum
1657 644 1922 687 permanere.
1943 651 1961 669 u
1986 632 2120 676 Idem.
2160 652 2176 670 α
2195 634 2352 678 Odium
2376 636 2461 678 ‘nec
2490 637 2688 691 passione

421 710 644 763 adimitur,
678 720 757 750 nec
786 706 994 762 martyrio
1026 706 1244 761 expiatur,
1277 718 1356 748 nec
1385 705 1480 748 fuso
1511 704 1715 759 sanguine
1745 704 1924 747 deletur.
1951 704 2182 747 Detrahere
2201 710 2435 762 autemper
2463 707 2612 749 odium
2633 707 2688 749 de

422 782 556 823 altero
587 780 652 821 sui
683 777 895 822 commodi
929 789 1051 820 causa
1067 807 1079 830 ,
1111 778 1245 832 magis
1276 780 1339 818 est
1368 777 1518 818 contra
1546 780 1741 818 naturam
1757 806 1769 829 ,
1792 786 1921 830 quam
1950 786 2088 829 morS,
2112 786 2242 830 quam
2267 776 2415 830 dolor,
2451 778 2521 820 vel
2550 782 2688 820 cetera

424 850 671 894 huiusmodi
700 850 826 892 mala.
847 867 865 885 ι·
901 849 977 891 His
1005 849 1066 890 ita
1093 847 1333 903 praemissis
1362 846 1415 889 de
1445 844 1789 888 diffamatoribus
1819 847 1907 888 sive
1937 844 2252 888 detractoribus
2279 846 2567 890 ministrorum
2588 849 2685 901 Dei,

420 922 686 978 pensandum
715 925 779 963 est
809 919 932 963 valde
963 925 1006 963 ct
1035 920 1169 962 menti
1196 918 1321 961 altius
1349 916 1611 971 infigendum
1626 949 1639 971 ,
1662 917 1699 959 si
1727 916 1765 959 is
1794 917 1869 971 qui
1898 915 2084 959 detrahit
2106 914 2389 971 quibuslibet,
2413 917 2556 961 dicens
2577 919 2686 972 illis,

405 990 536 1038 'fatue
552 1025 564 1048 ,
588 999 677 1036 tam
708 993 954 1048 gravissime
984 992 1185 1047 punitur;
1210 1001 1296 1044 qua
1314 987 1560 1044 plectendus
1582 988 1637 1031 sit
1657 1001 1683 1031 a
1703 989 1888 1031 Domino
1920 987 2281 1030 animadversione
2294 1017 2306 1041 ‚
2333 988 2410 1043 qui
2430 988 2689 1034 diffamando

422 1067 609 1110 detrahit
637 1065 831 1122 patribus
848 1098 860 1119 ,
893 1063 1053 1106 scilicet
1081 1062 1158 1105 Dei
1187 1059 1480 1103 sacerdotibus
1510 1064 1553 1102 et
1582 1059 1756 1115 reliquis
1793 1060 1884 1103 eius
1922 1058 2160 1113 ministris3
2194 1063 2236 1101 et
2267 1071 2354 1101 non
2385 1063 2550 1103 tantum
2588 1061 2691 1105 dicit
2749 1055 2751 1058 ’

421 1139 512 1191 illi,
544 1138 661 1180 fatue
679 1168 691 1191 ,
724 1135 798 1178 sed
828 1133 989 1192 aliquid
1018 1132 1154 1175 multo
1184 1130 1572 1187 incomparabiliter
1603 1131 1788 1185 gravius.

1249 1250 1422 1290 QUINTA
1452 1250 1508 1280 ET
1537 1248 1675 1280 SEXTA
1703 1249 1872 1280 SECTIO.

545 1354 588 1394 7.
623 1351 744 1392 Nunc
774 1349 827 1391 de
858 1348 925 1390 his
955 1349 1030 1403 qui
1061 1339 1254 1389 districto
1284 1345 1364 1389 Dei
1394 1345 1553 1389 iudicio
1571 1377 1582 1399 ‚
1607 1346 1696 1388 sive
1716 1346 1872 1389 timore
1894 1346 2135 1402 postposito
2161 1332 2332 1389 eosdem
2354 1346 2596 1390 sacerdotes
2626 1347 2693 1389 vel

422 1422 620 1479 persequi
649 1419 805 1463 audent
834 1418 904 1461 vel
933 1418 1122 1460 iudicare
1138 1449 1150 1472 ,
1183 1418 1276 1459 Deo
1307 1417 1441 1472 duce,
1470 1429 1796 1472 prosequamur.
1821 1418 1937 1460 Sicut
1965 1418 2159 1472 superius
2189 1417 2351 1460 dictum
2382 1420 2468 1470 est,
2493 1402 2523 1460 a
2548 1409 2690 1470 κλῆρος

421 1505 575 1550 graeco
606 1503 800 1534 sermone
819 1521 831 1543 ,
858 1489 934 1544 qui
957 1488 1087 1532 latine
1108 1492 1274 1544 partem
1295 1488 1364 1530 vel
1393 1487 1673 1531 hereditatem
1689 1488 1925 1544 significat,
1948 1489 2091 1532 clerici
2121 1489 2346 1543 dicuntur,
2380 1501 2432 1531 eo
2463 1488 2582 1544 quod
2611 1489 2694 1544 ipsi

419 1569 520 1608 sunt
548 1576 647 1619 pars
676 1562 745 1604 vel
774 1560 985 1603 hereditas
1014 1560 1204 1602 Domini.
1239 1558 1367 1613 Quod
1397 1572 1493 1602 cum
1513 1560 1575 1602 ita
1598 1560 1679 1614 sit,
1702 1561 1797 1615 quis
1820 1570 1970 1616 regum
1988 1561 2058 1603 vel
2087 1560 2366 1603 saecularium
2386 1573 2475 1602 non
2497 1560 2696 1615 pertime-

418 1641 510 1680 scat
538 1635 726 1678 iudicare
756 1633 826 1674 vel
855 1631 1055 1687 persequi
1083 1635 1252 1686 partem
1280 1631 1348 1673 vel
1377 1630 1654 1673 hereditatem
1683 1632 1880 1685 Domini,
1912 1631 1959 1674 id
1989 1637 2052 1674 est
2081 1631 2320 1674 sacerdotes
2351 1635 2394 1673 et
2424 1635 2589 1673 ceteros
2618 1631 2697 1672 Dei

419 1706 670 1751 ministros?
701 1718 797 1748 cum
825 1704 1069 1747 terribiliter
1087 1704 1178 1759 ipse
1194 1715 1276 1758 pro
1297 1702 1453 1745 eisdem
1472 1703 1515 1745 in
1540 1703 1759 1756 evangelio
1784 1703 2093 1746 comminetur:
2120 1706 2277 1755 quivos
2300 1705 2448 1754 tanqu,
2474 1702 2692 1756 inquiens,

422 1783 551 1832 tanqit
571 1778 776 1831 pupillam
805 1776 912 1816 oculi
937 1778 1043 1827 mei‚·
1076 1780 1115 1816 et
1144 1779 1214 1828 qui
1243 1788 1311 1815 vos
1341 1776 1503 1828 recipit,
1530 1789 1591 1816 me
1613 1776 1768 1827 recipit.
1798 1774 1907 1816 Item
1928 1772 2058 1815 alibi:
2087 1775 2333 1815 tolerabilius
2355 1776 2433 1814 erit
2450 1773 2625 1814 Sodomis
2654 1777 2696 1815 in

420 1852 485 1892 die
506 1852 669 1902 iudicii,
705 1861 824 1901 quam
851 1849 918 1889 illi
946 1850 1096 1887 civitati
1117 1859 1218 1900 quae
1248 1859 1325 1888 non
1355 1850 1549 1900 receperit
1572 1859 1654 1887 υοε.
1677 1846 1763 1888 Νθθ
1785 1846 1940 1887 mirum
1960 1844 1997 1886 si
2027 1845 2234 1887 Dominus
2255 1845 2358 1887 tanti
2383 1843 2512 1887 habet
2532 1848 2696 1899 partem
2756 1896 2760 1900 ι

421 1934 568 1974 suam,
601 1920 762 1963 scilicet
791 1918 1027 1961 sacerdotes
1057 1922 1100 1959 et
1129 1922 1292 1960 ceteros
1322 1917 1525 1971 clericos3
1557 1929 1658 1960 nam
1687 1929 1764 1972 per
1796 1928 1869 1958 eos
1900 1915 2118 1958 ecclesiam
2148 1928 2268 1958 suam
2298 1916 2486 1970 plantat,
2521 1916 2695 1969 irrigat,

423 1999 466 2036 et
494 1996 799 2036 incrementum
830 1990 931 2044 dat3
966 2002 1042 2045 per
1074 2002 1174 2044 eos,
1208 1989 1380 2044 inquam
1398 2021 1410 2043 ,
1443 1989 1551 2031 sicut
1581 1988 1800 2045 quondam
1828 2000 1907 2043 per
1936 1987 2168 2043 prophetas
2199 1992 2243 2029 et
2273 1987 2520 2043 apostolos,
2555 1987 2697 2029 evellit

422 2070 467 2107 et
495 2063 672 2107 destruit
688 2094 700 2116 ,
733 2061 927 2104 aedificat
957 2065 1001 2102 et
1030 2060 1223 2115 plantat3
1247 2072 1323 2114 per
1353 2071 1426 2102 eos
1457 2058 1613 2111 docet,
1633 2059 1843 2115 baptizat,
1867 2058 2096 2113 sacrificat,
2119 2062 2162 2100 et
2191 2063 2278 2101 tam
2307 2058 2545 2101 sacerdotes
2568 2070 2698 2112 quam

422 2148 544 2191 reges
563 2168 575 2190 ,
609 2138 652 2176 et
683 2145 830 2175 omnes
859 2131 1006 2174 fideles
1035 2130 1251 2173 benedicit
1282 2135 1325 2173 et
1353 2130 1507 2185 ungit,
1539 2134 1581 2172 et
1613 2142 1876 2172 successores
1906 2130 1966 2172 eis
1997 2129 2213 2183 instituit,
2246 2134 2290 2171 et
2319 2129 2461 2171 omnia
2500 2129 2698 2171 christia-

422 2221 498 2250 nae
528 2206 744 2260 religionis
774 2204 974 2261 mysteria
1003 2204 1091 2246 sive
1120 2203 1352 2245 ministeria
1381 2215 1460 2258 per
1490 2202 1662 2244 eosdem
1691 2202 1825 2244 veluti
1855 2213 1930 2257 per
1953 2200 2249 2243 sua-membra
2270 2200 2469 2243 fidelibus
2499 2202 2586 2243 suis
2607 2201 2701 2243 dis-

422 2283 586 2335 pensat.
621 2280 673 2320 Et
702 2277 826 2319 sicuti
857 2275 1071 2331 quaelibet
1100 2273 1293 2317 aedificia
1323 2287 1411 2317 non
1447 2275 1710 2330 imputantur
1740 2274 2030 2317 instrumentis
2047 2307 2058 2329 ,
2092 2287 2168 2329 per
2211 2286 2318 2329 quae
2352 2273 2489 2326 fiunt,
2521 2273 2595 2316 sed
2632 2273 2699 2314 his

423 2350 499 2404 qui
529 2353 703 2391 movent
733 2347 785 2389 ad
816 2346 1107 2402 operandum3
1130 2346 1191 2387 ita
1221 2345 1300 2387 Dei
1329 2345 1531 2388 beneficia
1549 2376 1562 2400 ,
1588 2357 1696 2401 quae
1726 2358 1803 2401 per
1833 2345 2073 2388 sacerdotes
2103 2350 2145 2389 et
2176 2349 2338 2387 ceteros
2369 2344 2543 2386 clericos
2563 2343 2690 2395 fiunt,

422 2434 511 2462 non
540 2420 643 2475 ipsis
672 2420 935 2473 imputantur
967 2418 1084 2472 quasi
1116 2417 1170 2459 ab
1201 2417 1283 2458 illis
1313 2418 1398 2459 sint
1415 2448 1426 2469 ,
1460 2417 1533 2459 sed
1562 2418 1644 2472 ipsi
1675 2414 1850 2460 domino
1881 2417 1978 2459 Iesu
2007 2416 2202 2468 Christo,
2229 2416 2343 2457 cuia
2361 2419 2481 2469 patre
2512 2413 2693 2456 dicitur:

426 2498 468 2533 tu
499 2505 538 2533 es
567 2492 746 2532 sacerdos
776 2494 818 2531 in
847 2495 1067 2532 aeternum.
1100 2491 1152 2531 Et
1182 2493 1296 2531 certe
1325 2489 1664 2544 frequentissime
1692 2487 1846 2530 accidit
1862 2518 1874 2541 ,
1897 2492 1946 2530 ut
1976 2487 2085 2529 sicut
2107 2487 2320 2529 nascituro
2341 2485 2555 2528 interdum
2573 2485 2700 2526 etiam

424 2563 536 2616 regis
566 2562 654 2604 filio
686 2562 946 2604 necessarior
976 2566 1040 2603 est
1070 2560 1267 2603 sacerdos
1297 2573 1426 2615 quam
1456 2561 1599 2603 nutrix
1619 2591 1631 2614 ‚
1661 2561 1720 2603 ita
1752 2560 1870 2602 omni
1901 2559 2132 2602 christiano
2169 2560 2414 2601 imminente
2443 2557 2594 2599 mortis
2625 2568 2697 2598 ar-

424 2633 558 2675 ticulo
589 2633 702 2675 idem
734 2633 991 2675 necessarior
1023 2636 1086 2674 est
1116 2645 1241 2687 quam
1277 2632 1458 2686 vespillo
1498 2632 1565 2673 vel
1603 2630 1849 2687 sandapila,
1881 2631 1927 2673 id
1966 2635 2030 2673 est
2066 2631 2227 2673 funeris
2266 2633 2454 2672 curatori
2497 2621 2702 2670 Sacerdos

424 2704 568 2758 itaque
599 2704 709 2746 hanc
739 2705 870 2746 vitam
900 2702 1181 2758 ingredienti,
1215 2708 1394 2758 propter
1422 2703 1705 2758 baptismum3
1738 2702 1927 2744 manenti
1957 2701 2037 2744 hac
2066 2702 2110 2743 in
2141 2702 2255 2754 vita,
2279 2704 2459 2756 propter
2481 2699 2700 2755 paeniten-

425 2776 556 2829 tiam3
589 2775 821 2830 egredienti
851 2776 933 2818 hae
962 2776 1049 2817 vita
1067 2806 1087 2833 ‚·
1111 2779 1290 2830 propter
1319 2774 1519 2817 viaticum
1552 2778 1595 2816 et
1623 2774 2016 2816 reconciliationem
2038 2777 2082 2815 et
2108 2773 2236 2815 vitam
2261 2776 2497 2822 aeternam,
2527 2770 2701 2812 cuilibet

424 2846 517 2901 regi
547 2847 616 2888 vel
647 2847 878 2900 saeculari,
911 2858 1000 2888 non
1030 2851 1080 2889 ut
1110 2846 1410 2901 qualicumque
1438 2845 1571 2888 modo
1602 2845 1746 2899 utilis,
1779 2845 1854 2887 sed
1884 2844 2143 2887 omnimodis
2172 2844 2216 2886 in
2246 2847 2414 2885 tantum
2442 2842 2702 2884 necessarius

428 2922 490 2959 est
509 2949 521 2970 ,
553 2922 603 2960 ut
632 2918 793 2973 absque
823 2918 1057 2960 ministerio
1087 2930 1113 2959 a
1142 2919 1232 2960 Deo
1264 2917 1343 2959 sibi
1372 2917 1534 2959 tradito
1565 2929 1688 2959 nemo
1719 2917 1853 2959 vitam
1883 2916 2093 2971 percipiat
2123 2915 2438 2969 sempiternam.
2463 2915 2559 2955 Non
2590 2914 2702 2955 enim

425 2989 599 3042 regibus
628 3002 707 3032 nec
738 2989 1027 3045 quibuslibet3
1061 2989 1220 3031 scilicet
1249 2987 1541 3031 sacerdotibus
1571 2987 1676 3030 dicit
1704 2989 1911 3030 Dominus
1940 2987 1985 3028 in
2014 2988 2142 3028 Petro
2174 2989 2217 3027 et
2247 2985 2291 3026 in
2323 2985 2473 3027 ceteris
2497 2983 2703 3039 apostolis

429 3060 621 3102 omnium
649 3061 918 3104 sacerdotum
947 3061 1240 3117 principibus:
1275 3073 1443 3114 quorum
1473 3061 1701 3101 remiseritis
1723 3063 1908 3113 peecata,
1945 3061 2201 3099 remittuntur
2231 3059 2314 3107 eis;
2339 3059 2380 3096 et
2406 3067 2574 3108 quorum
2604 3058 2703 3096 reti-

430 3133 598 3172 meritis
606 3163 619 3184 ‚
657 3138 806 3173 retenta
835 3137 941 3175 sunt.
975 3133 1084 3174 Item
1114 3131 1243 3174 alibi:
1277 3144 1542 3184 quaecumque
1573 3132 1794 3184 liqaveritis
1822 3142 1942 3182 super
1972 3134 2119 3170 terram
2135 3159 2147 3179 ,
2186 3128 2313 3179 liqata
2352 3131 2470 3167 erunt
2497 3127 2555 3167 ἐπ’
2574 3127 2697 3166 caeco.

431 3202 544 3254 Quid
574 3203 694 3257 plura
724 3204 769 3245 in
798 3188 930 3245 unum
963 3202 1225 3258 congeram?
1255 3202 1458 3245 Sacerdos
1489 3203 1768 3245 christianum
1789 3201 1834 3243 in
1857 3200 2074 3249 ecclesiam
2094 3211 2175 3254 pro
2198 3198 2283 3241 fide
2309 3197 2568 3250 introducit,
2593 3209 2703 3252 pro-

428 3278 525 3328 pter
555 3278 775 3330 peccatum
806 3275 1003 3330 expellit,
1036 3287 1115 3330 per
1145 3275 1443 3330 paenitentiam
1473 3278 1645 3316 revocat
1682 3278 1725 3315 et
1762 3273 1948 3315 Domino
1987 3271 2255 3323 reconcillet,
2276 3274 2330 3318 ,et
2359 3273 2576 3311 mortuum
2604 3269 2700 3310 Do-

430 3347 547 3388 mino
580 3345 791 3388 sacrificiis
821 3351 862 3388 et
893 3346 1157 3388 orationibus
1188 3345 1474 3396 commendat.
1508 3347 1624 3388 Haec
1653 3357 1752 3387 cum
1780 3345 1841 3386 ita
1870 3343 1986 3396 sint,
2021 3343 2116 3397 quis
2146 3353 2295 3396 regum
2326 3345 2398 3383 aut
2427 3340 2703 3382 saecularium
2764 3347 2769 3353 ·

431 3429 505 3459 eos
536 3429 624 3459 non
656 3417 924 3470 pertimescat
960 3417 1028 3458 vel
1065 3416 1253 3459 iudicare
1291 3417 1358 3458 vel
1394 3417 1621 3472 persequi,
1654 3428 1764 3471 quos
1801 3416 1892 3470 ipse
1931 3414 2057 3457 iudex
2087 3406 2286 3455 vivorum
2325 3416 2367 3454 et
2404 3415 2698 3462 mortuorum,

432 3492 528 3530 ante
566 3488 633 3530 sui
671 3487 817 3529 iudicii
853 3487 993 3541 diem,
1035 3489 1268 3531 animarum
1300 3493 1516 3531 curatores
1545 3492 1594 3531 et·
1617 3487 1777 3530 iudices
1807 3485 2053 3537 constituit,
2070 3484 2168 3543 vnisi
2198 3484 2277 3526 Dei
2308 3483 2525 3525 ecclesiam
2555 3491 2703 3536 perse-

434 3572 567 3613 quens
585 3592 597 3612 ,
619 3563 669 3601 ut
699 3558 916 3614 quondam
944 3558 1260 3613 Diocletianus,
1287 3560 1586 3613 Maximianus,
1611 3571 1661 3600 ac
1691 3559 1828 3611 Nero,
1853 3561 1894 3599 et
1924 3555 2053 3602 ceteri
2072 3555 2147 3611 qui
2168 3554 2436 3596 christianam
2456 3553 2705 3607 religionem

435 3630 488 3672 de
518 3635 632 3672 terra
661 3629 892 3672 viventium
922 3630 1197 3672 exterminare
1228 3631 1370 3672 conati
1398 3630 1528 3672 sunt?
2182 3642 2184 3644 ’

557 3703 599 3742 8.
634 3700 715 3743 Sed
746 3700 969 3754 obiicitur,
1003 3699 1130 3742 huius
1157 3701 1361 3756 temporis
1391 3700 1633 3743 sacerdotes
1665 3704 1707 3742 et
1738 3703 1901 3742 ceteros
1932 3698 2110 3740 clericos
2139 3709 2226 3739 non
2258 3708 2346 3739 esse
2375 3696 2472 3738 talis
2502 3695 2610 3737 vitae
2639 3692 2704 3734 vel

440 3771 797 3823 conversationis,
828 3775 878 3813 ut
916 3770 1017 3813 haec
1034 3802 1047 3825 ,
1087 3782 1192 3825 quae
1230 3771 1479 3825 scribimus,
1511 3770 1593 3812 illis
1630 3769 1857 3814 videantur
1896 3774 2154 3826 competere.
2195 3769 2262 3811 Ad
2289 3767 2411 3823 ‘quod
2450 3765 2701 3814 dicendum,

440 3842 541 3897 quia
571 3854 687 3896 reges
718 3842 805 3884 sive
836 3840 1097 3896 saeculares,
1131 3842 1208 3883 etsi
1239 3846 1378 3885 sancte
1407 3842 1588 3896 vivant,
1619 3845 1763 3884 tamen
1791 3840 2011 3886 ¹advertere
2041 3839 2199 3884 debent
2229 3838 2332 3895 quid
2362 3839 2475 3880 Deus
2503 3837 2547 3878 in
2577 3844 2705 3890 evan·
