2996 4432
574 252 668 298 312
1982 300 1985 301 γ

1451 321 1947 394 APPENDIL

656 519 662 526 -
690 494 862 534 Vacuam
883 495 1078 545 paqinam
1105 479 1323 545 occupabo,
1358 496 1406 534 ut
1431 494 1559 544 soleo,
1598 501 1778 547 παΡεΡΥῳ
1806 505 1883 534 non
1912 496 2151 546 importuno.
2184 495 2288 535 Nota
2326 497 2418 536 sunt
2454 494 2497 535 S.
2533 496 2745 549 Aaqusiini
2773 496 2826 538 de

565 563 692 605 doctr.
727 564 790 604 cli.
824 564 896 605 lib.
915 563 993 603 IV.
1016 575 1106 616 cap.
1131 563 1232 604 XII.
1255 563 1405 603 verba:
1449 581 1464 598 «
1488 566 1557 615 qai
1585 564 1811 615 Scripturas
1840 575 1893 603 ex
1921 562 2092 604 hebraea
2127 565 2266 617 linqua
2294 565 2339 605 in
2375 577 2558 619 qraecam
2592 571 2818 619 verterunt,
2864 596 2872 600 -

571 653 588 670 2>
623 634 829 676 numerari
848 631 1037 686 possunt,
1075 634 1191 675 latini
1219 638 1350 675 autem
1378 637 1610 686 interpretes
1640 634 1752 674 nullo
1781 634 1910 674 modo.
1934 651 1951 669 »
1976 635 2089 686 Erqo
2109 647 2162 676 ex
2189 636 2543 686 innumerabilibus
2566 637 2699 677 latinis
2720 649 2824 678 unus

562 708 783 758 incoqnicas
812 710 870 746 est
898 708 1093 758 interpres
1122 705 1284 759 (saltem
1300 707 1522 758 psalterii)
1549 707 1593 745 in
1615 705 1751 757 prisco
1781 704 1934 756 codice,
1971 717 2086 757 quem
2115 706 2201 747 vidi
2228 708 2466 751 serenissimi
2494 707 2683 748 ludovici
2711 692 2821 748 Bor·-

563 777 669 816 bonii
697 777 824 816 Lucae
855 777 1056 829 Principis
1067 791 1084 828 ‚·
1116 788 1170 817 eoe
1197 788 1274 829 qao
1284 806 1299 827 ,
1345 777 1508 827 beniqne
1537 779 1621 827 ipso
1652 780 1857 815 annuente·
1877 777 2091 828 Principe,
2123 776 2246 818 habui
2281 779 2478 830 psalmum
2507 779 2602 819 XLI
2606 779 2669 829 V„
2705 790 2821 830 quem

560 846 648 886 heic
676 846 862 887 exhibere
873 877 886 898 ,
923 850 962 888 et
987 859 1076 887 eum
1104 846 1287 887 hebraico
1315 857 1544 898 comparare
1575 846 1713 897 placet
1720 875 1734 896 ,
1769 849 1816 886 ‘at
1845 846 2004 886 lectores
2032 851 2263 898 coqnoscant
2295 852 2487 900 quantum
2516 849 2582 889 vel
2618 860 2671 889 eae
2704 850 2821 888 unico

559 917 757 958 interdum
787 917 918 958 codiee
948 929 1061 958 sacra
1089 920 1200 958 crisis
1223 918 1417 969 proficere
1447 919 1580 967 queat.

1371 1056 1787 1100 PSALMUS
1846 1056 1992 1099 XLIV.

1234 1197 1291 1229 EX
1340 1197 1508 1229 VETERE
1550 1197 1798 1230 INCOGNITO
1842 1198 2134 1230 INTERPRETE.

553 1288 620 1372 F
622 1331 843 1384 requentat
870 1325 908 1384 1)
929 1339 1005 1370 cor
1024 1339 1166 1371 meum
1185 1326 1363 1370 verbum
1383 1325 1546 1369 bonum
1558 1360 1570 1382 ‚
1595 1327 1690 1370 dico
1713 1340 1792 1384 ego
1815 1340 1944 1384 opera
1963 1340 2054 1372 mea
2074 1327 2181 1383 regi.
2201 1328 2395 1372 Pulcrior
2415 1342 2459 1372 es
2480 1328 2577 1372 filiis
2596 1329 2733 1372 Adam
2754 1331 2811 1382 2),

551 1398 686 1441 effusa
716 1403 778 1440 est
807 1398 944 1453 gratia
972 1399 1016 1441 in
1045 1397 1164 1440 labiis
1193 1398 1305 1440 tuis:
1339 1402 1565 1453 propterea
1593 1397 1809 1441 benedixit
1829 1403 1872 1441 te
1894 1400 2006 1441 Deus
2035 1400 2078 1442 in
2101 1400 2316 1457 saeculum
2339 1401 2396 1453 3).
2420 1401 2650 1455 Accingere
2670 1399 2813 1454 gladio

549 1474 626 1512 tuo
658 1482 786 1524 super
815 1470 974 1524 femur,
1007 1469 1297 1525 potentissime
1311 1499 1323 1522 ,
1349 1468 1554 1523 dignitate
1579 1474 1621 1512 et
1641 1469 1871 1512 decoritate
1900 1473 1975 1512 tua
1995 1460 2054 1522 4).
2076 1471 2130 1512 Et
2159 1469 2388 1513 decoritate
2416 1475 2490 1513 tua
2510 1482 2715 1526 prospere
2738 1482 2813 1513 ca·

550 1540 705 1583 11311103
727 1542 766 1594 5)
788 1553 867 1595 per
894 1540 1076 1583 verbum
1102 1540 1335 1583 veritosum
1360 1539 1421 1596 6),
1447 1545 1489 1582 et
1518 1540 1838 1583 mansuetudine
1864 1540 2047 1583 iustitiae
2072 1542 2129 1595 7),
2155 1545 2198 1584 et
2228 1541 2399 1584 docebit
2428 1546 2471 1586 te
2500 1540 2744 1584 terribiliter
2773 1542 2812 1593 8)

545 1612 718 1655 dextera
747 1617 837 1654 tua.
870 1613 1054 1668 Sagittae
1082 1615 1182 1654 tuae
1210 1616 1359 1654 acutae
1376 1642 1388 1665 ,
1421 1611 1573 1667 populi
1603 1611 1682 1654 sub
1711 1616 1756 1654 te
1786 1611 1936 1654 cadent
1954 1642 1966 1665 ‚
1991 1613 2035 1654 in
2065 1611 2195 1655 corde
2225 1612 2496 1655 inimicorum
2527 1612 2654 1667 regis.
2678 1606 2814 1654 Thro-

532 1692 630 1726 vnus,
657 1686 757 1725 tuus
772 1713 784 1736 ‚
816 1683 959 1736 Deus;
990 1683 1034 1725 in
1064 1682 1280 1725 saeculum
1309 1686 1350 1725 et
1380 1683 1425 1725 in
1456 1687 1675 1725 aeternum
1707 1681 1768 1740 9):
1798 1687 2015 1738 sceptrum
2041 1683 2268 1738 aequitatis
2288 1714 2301 1737 ‚
2333 1688 2548 1739 sceptrum
2578 1682 2699 1737 regni
2729 1683 2809 1725 tui.

541 1753 733 1796 Dilexisti
761 1753 964 1796 iustitiam
980 1784 992 1807 ,
1025 1757 1068 1796 et
1099 1752 1225 1796 odisti
1253 1753 1538 1808 impietatem:
1573 1758 1803 1809 propterea
1831 1752 1953 1796 unxit
1983 1756 2025 1795 te
2055 1754 2193 1809 Deus,
2224 1754 2338 1796 Deus
2375 1758 2474 1797 tuus
2493 1786 2505 1809 ,
2540 1754 2639 1796 oleo
2669 1753 2812 1809 gaudii

542 1836 647 1880 prae
670 1825 796 1867 sociis
820 1827 883 1878 10)
900 1825 998 1867 tuis.
1021 1825 1197 1881 Smyrna
1218 1828 1261 1868 et
1281 1824 1374 1867 31οὸ
1403 1823 1470 1881 11)
1493 1830 1535 1867 et
1555 1826 1666 1867 casia
1683 1826 1727 1867 in
1749 1826 1911 1868 cunctis
1934 1824 2194 1881 vestimentis
2212 1825 2318 1879 tuis,
2339 1824 2393 1868 de
2409 1825 2579 1880 templis
2605 1826 2669 1878 12)
2686 1824 2812 1886 011111·-

540 1896 657 1952 ucis),
688 1896 831 1938 menni
869 1893 955 1952 13).
987 1895 1341 1938 Laetificaverunt
1369 1900 1412 1938 te
1441 1895 1550 1938 filiae
1589 1907 1739 1954 regum
1773 1896 1818 1939 in
1854 1896 2019 1939 honore
2058 1900 2163 1939 tuo:
2198 1896 2316 1938 stetit
2352 1895 2539 1948 coniunx
2567 1896 2611 1938 in
2642 1894 2811 1938 dextera

543 1970 649 2020 tua,
681 1966 725 2009 in
756 1965 897 2022 petalo
927 1967 987 2020 14)
1013 1966 1171 2022 ophyr.
1193 1966 1335 2020 Audi,
1367 1966 1457 2010 filia
1476 1998 1489 2021 ,
1523 1971 1566 2009 et
1595 1967 1719 2021 vide,
1752 1971 1795 2010 et
1824 1967 1980 2011 inclina
2008 1979 2152 2010 aurem
2183 1971 2299 2010 tuam
2320 1997 2333 2021 ‚
2366 1970 2409 2009 et
2448 1965 2698 2009 obliviscere
2726 1977 2810 2021 po·-

538 2038 691 2092 pulum
719 2043 869 2092 tuum,
902 2042 946 2080 et
975 2037 1149 2081 domum
1180 2038 1313 2094 patris
1343 2039 1421 2080 tui.
1454 2039 1508 2081 Et
1539 2037 1747 2081 desideret
1777 2051 1853 2081 rex
1882 2028 2214 2094 pulcritudinem
2242 2041 2386 2080 tuam:
2414 2038 2616 2093 quoniam
2634 2037 2724 2093 ipse
2746 2041 2808 2079 est

537 2107 737 2151 dominus
763 2111 827 2163 15)
849 2113 975 2164 tuus,
1009 2113 1051 2152 et
1082 2108 1214 2152 adora
1242 2110 1305 2162 16)
1331 2121 1445 2152 311111.
1479 2111 1532 2151 Et
1559 2109 1647 2152 filia
1674 2112 1738 2163 17)
1762 2110 1863 2165 Tyri
1892 2109 1938 2151 111
1969 2108 2240 2151 muneribus:
2275 2108 2426 2151 faciem
2455 2111 2574 2150 tuam
2604 2107 2807 2163 depreca-

534 2178 698 2222 buntur
728 2178 877 2222 divites
907 2176 1073 2236 populi.
1109 2180 1254 2223 Omnis
1283 2180 1495 2223 honorata
1522 2182 1584 2234 18)
1604 2180 1690 2223 filia
1719 2180 1832 2235 regis
1854 2179 2134 2224 intrinsecus:
2159 2179 2212 2223 de
2230 2178 2408 2222 fimbriis
2427 2179 2562 2222 aureis
2583 2178 2807 2222 indumen-

536 2255 629 2293 tum
648 2251 753 2293 eius,
778 2251 828 2293 In
849 2251 1054 2294 deomatis
1081 2253 1144 2304 19)
1170 2251 1435 2295 adducentur
1455 2251 1509 2294 ad
1531 2264 1674 2307 regem
1694 2252 1878 2307 virgines
1897 2256 1996 2308 post
2015 2264 2105 2295 eam
2119 2284 2132 2306 ,
2155 2251 2376 2307 proximae
2396 2251 2485 2293 eius
2505 2249 2712 2311 adductae
2732 2247 2808 2305 20)

536 2325 636 2364 sunt
665 2321 760 2363 tibi.
794 2323 1011 2365 Ducentur
1038 2323 1083 2366 iu
1101 2312 1257 2366 laetitia
1278 2326 1322 2365 et
1343 2323 1600 2367 exultatione
1618 2356 1629 2377 ‚
1661 2324 1830 2366 venient
1851 2325 1895 2366 in
1916 2323 2121 2379 templum
2145 2323 2368 2382 21)·regis.
2385 2323 2477 2365 Pro
2509 2321 2700 2377 patribus
2722 2322 2808 2364 tuis

523 2396 661 2434 erant
684 2393 751 2445 22)
776 2392 852 2434 11111
881 2392 988 2435 tibi:
1021 2405 1157 2448 pones
1184 2393 1507 2449 'eos-principes
1535 2395 1580 2435 in
1610 2398 1702 2436 tota
1730 2398 1860 2437 terra.
1894 2393 2170 2436 Recordabor
2203 2383 2270 2446 23)
2305 2391 2657 2450 nominis-tuiis}
2689 2392 2805 2434 omni

535 2464 802 2516 generatione
832 2468 875 2506 et
903 2465 1190 2520 generatione.
1225 2466 1456 2520 Propterea
1485 2465 1638 2520 populi
1672 2465 1994 2508 consitebuntur
2022 2469 2066 2507 te
2096 2465 2140 2507 in
2168 2463 2385 2507 saeculum
2416 2468 2460 2506 et
2488 2464 2532 2506 in
2562 2467 2801 2506 aeternum.

569 2616 600 2657 1)
623 2599 871 2654 nehrjw‘rffi.
895 2616 1000 2650 Rabbi
1026 2617 1176 2651 Par-chon
1197 2617 1231 2649 in
1258 2616 1362 2650 lexico
1390 2615 1531 2658 explicat
1558 2620 1629 2658 aqi·
1700 2617 1811 2649 menta
1831 2616 1874 2649 ad
1901 2616 1969 2649 1311.4
1993 2616 2085 2649 hebr.
2111 2625 2144 2649 n.
2173 2618 2263 2649 1422.
2299 2616 2452 2648 Ceterum
2470 2616 2567 2661 *reete
2595 2618 2646 2649 70.
2676 2608 2716 2654 ἐξ
2740 2607 2808 2654 ὦν,

531 2671 597 2702 tat.
621 2671 733 2703 Potest
754 2671 851 2703 etiam
874 2669 939 2703 dici
960 2672 1076 2703 movet
1094 2679 1152 2710 se,·
1173 2680 1213 2703 ex
1235 2679 1302 2712 quo
1321 2670 1384 2711 sre
1408 2671 1544 2704 ueniat.
1704 2670 1737 2701 et
1757 2669 1846 2710 vulg.
1868 2677 1913 2703 ex
1934 2668 2074 2711 quibus.

573 2723 604 2764 2)
627 2725 676 2756 Ex
696 2724 787 2756 hebr.
812 2725 932 2763 078.
955 2741 997 2748 —
1019 2725 1050 2763 3)
1071 2726 1119 2757 Ex
1140 2724 1231 2758 hebr.
1257 2707 1377 2765 0579
1410 2749 1419 2758 .
1743 2722 1795 2764 14)
1818 2723 1950 2764 Egregie
1974 2724 2084 2755 noster
2105 2731 2145 2755 ex
2162 2721 2254 2755 hebr.
2277 2722 2400 2761 ΕΠΖ).
2424 2721 2591 2755 Petalum
2610 2730 2688 2754 vero
2701 2722 2802 2763 expli·

569 2776 602 2817 4)
625 2778 773 2814 Quatuor
800 2777 879 2810 haec
903 2777 1003 2810 verba
1030 2777 1148 2811 desunt
1174 2778 1208 2810 in
1235 2780 1287 2811 70.
1310 2779 1344 2811 et
1368 2778 1456 2820 vulg.
1486 2778 1541 2812 sed
1570 2779 1626 2812 ha·
1699 2778 1752 2809 cat
1773 2785 1905 2809 auream
1927 2776 2081 2808 laminam
2105 2775 2270 2816 Isidorus,
2288 2775 2506 2818 intelligitque
2526 2775 2617 2808 illam
2638 2783 2723 2817 qnae
2740 2775 2811 2807 erat

527 2829 583 2862 bet
604 2830 694 2863 hebr.
1699 2830 1734 2862 in
1752 2831 1859 2863 fronte
1880 2829 2042 2872 pontificis
2057 2828 2289 2862 Hebraeorum.

568 2883 600 2924 5)
620 2885 778 2916 Accurate
797 2892 839 2916 ex
859 2883 949 2917 hebr.
975 2885 1089 2924 ΒΖΓ).
1113 2884 1221 2917 Latini
1241 2884 1332 2917 verbi
1357 2884 1529 2919 caballico
1550 2887 1627 2919 sunt
1744 2883 1794 2924 15)
1816 2885 1913 2916 Deest
1939 2891 2051 2924 reapse
2076 2884 2170 2916 Deus
2198 2882 2232 2914 in
2258 2882 2365 2922 hebr„
2400 2891 2460 2915 nec
2487 2890 2553 2915 non
2579 2881 2666 2924 apud
2689 2876 2803 2914 niere-
2861 2879 2866 2884 ’

529 2937 678 2978 exempla
697 2936 783 2978 apud
804 2937 974 2978 cangium.
1699 2945 1846 2978 nymum.

567 2990 600 3031 6)
621 2991 734 3024 Presse
754 2990 796 3022 ad
822 2990 914 3024 hebr.
938 2991 1051 3030 nm&
1077 2991 1187 3029 ffnff.
1215 2991 1368 3025 Latinum
1396 2992 1505 3024 autem
1529 3001 1624 3024 voca·
1742 2990 1794 3031 16)
1815 2990 1868 3022 Sic
1885 2990 1924 3030 ,in
1944 2988 2036 3022 hebr.

524 3043 640 3076 bulum
669 3045 842 3077 veritos-us
869 3043 1010 3077 addatur
1035 3044 1169 3086 cangio.
1192 3047 1234 3078 Et
1256 3045 1389 3087 quidem
1414 3046 1503 3087 apud
1527 3047 1622 3079 Mart.
1743 3045 1795 3085 17)
1815 3044 1869 3076 Sic
1897 3051 2033 3076 numero
2053 3043 2136 3084 sing.
2160 3042 2253 3077 hebr.
2275 3042 2308 3075 et
2329 3050 2393 3083 syr.

524 3097 692 3138 capellam
710 3105 865 3130 verosus.
1743 3098 1794 3139 18)
1816 3099 1865 3130 Ex
1885 3096 1987 3130 Hehr.
2015 3097 2187 3136 ΠἾἾἎΞ.
2295 3120 2306 3133 .

566 3150 598 3191 7)
622 3151 676 3182 Sic
697 3152 745 3182 est
766 3151 965 3183 constructio
987 3151 1149 3184 hebraica.
1169 3147 1175 3154 ’
1741 3151 1792 3193 19)
1813 3151 1900 3189 Quid
1926 3152 1976 3184 est
1995 3150 2078 3183 hoc?
2103 3151 2199 3183 Certe
2224 3158 2265 3182 ex
2292 3149 2383 3182 hebr.
2413 3149 2631 3208 ΓΤΙῺΡἾ,
2646 3148 2737 3191 quod
2760 3150 2796 3182 in

567 3203 598 3243 8)
620 3204 732 3235 Presse
750 3203 792 3235 ad
810 3203 901 3236 hebr.
920 3204 974 3236 Sic
1000 3205 1098 3237 etiam
1115 3206 1329 3247 Symmachus
1344 3207 1377 3239 et
1390 3206 1622 3248 Hieronymus,
1695 3205 1885 3247 polyglottis
1902 3205 2083 3247 explicatur
2100 3205 2318 3238 consonanter
2336 3205 2534 3237 recantatis.
2555 3201 2671 3237 Noster
2689 3205 2798 3237 autem

525 3255 558 3288 et
578 3255 764 3288 chaldaeusL
1696 3267 1772 3291 cum
1790 3258 1952 3301 corruptis
1973 3258 2090 3292 litteris
2110 3257 2302 3298 devincitis,
2333 3258 2469 3290 confusa
2494 3260 2581 3291 certe
2607 3261 2631 3294 ³)
2655 3266 2730 3290 011111
2754 3260 2795 3296 Ἴ.

565 3310 597 3350 9)
619 3311 666 3340 Ex
686 3309 779 3342 hebr.
803 3309 903 3350 7277.
925 3327 966 3334 -
991 3311 1040 3351 10)
1062 3313 1110 3343 Ex
1132 3311 1224 3345 hebr.
1249 3313 1362 3352 ἾΒΠ.
1738 3312 1792 3354 20)
1812 3314 1883 3346 Hoc
1905 3321 2036 3354 quoque
2058 3321 2097 3344 ex
2119 3312 2271 3345 hebraico
2292 3312 2629 3353 participio'passivo.

567 3362 618 3402 11)
643 3364 686 3394 Ex
706 3362 797 3395 hebr.
823 3347 1020 3403 ΠἾΞΠᾶἸ.
1165 3390 1167 3393 .
1610 3402 1617 3407 ἵ
1738 3366 1790 3407 21)
1812 3367 1891 3399 Heic
1906 3366 2027 3407 pariter
2039 3366 2129 3407 vulg.
2150 3366 2329 3407 templum.
2348 3367 2463 3398 Noster
2483 3375 2560 3399 vero
2581 3366 2680 3398 etiam
2701 3374 2794 3406 supe-

565 3417 618 3457 12)
640 3416 693 3448 Sic
714 3416 812 3448 etiam
832 3416 1050 3458 Hieronymus
1071 3418 1104 3449 in
1125 3419 1226 3450 variis
1249 3418 1454 3452 lectionibus.
1695 3420 1764 3452 rius
1785 3420 1833 3452 sic
1854 3419 2037 3461 explicabat
2059 3421 2245 3452 constanter
2269 3418 2356 3452 idem
2386 3419 2583 3452 vocabulum
2608 3418 2798 3452 hebraicum

564 3469 616 3510 13)
639 3470 818 3501 conservat
833 3471 942 3502 noster
956 3470 1062 3511 ipsum
1080 3472 1276 3505 vocabulum
1290 3471 1381 3505 hebr.
1397 3473 1432 3504 in
1444 3481 1510 3514 quo
1524 3472 1619 3504 Chal·
1697 3467 1830 3513 ⁴727n.

447 3560 450 3563 ¹
521 3523 622 3555 daeus
643 3522 796 3563 intelligit
816 3523 1026 3562 Armeniam,
1044 3523 1078 3555 id
1094 3525 1143 3556 est
1163 3524 1250 3557 ebur
1271 3527 1480 3557 armenium.
1501 3525 1621 3557 confer
1735 3526 1789 3568 22)
1810 3527 1896 3559 Num
1918 3535 1976 3568 pro
1998 3529 2131 3559 erunt?
2152 3528 2222 3559 Hoc
2243 3526 2378 3560 minime
2405 3526 2643 3566 necessarium,
2665 3516 2744 3567 quia
2764 3525 2799 3558 et

521 3575 721 3607 Hieremiam
746 3576 799 3607 LI.
824 3577 875 3607 27.
899 3575 1047 3607 Fortasse
1071 3576 1205 3616 ponitur
1225 3586 1284 3618 pro
1302 3577 1428 3618 integro
1449 3578 1616 3616 ΊᾸῺἾΠ.
1694 3581 1744 3612 70,
1769 3580 1802 3611 et
1822 3579 1912 3620 vulg,
1935 3581 2080 3621 tempore
2101 3579 2285 3621 praeterito.

519 3626 648 3661 Videsis
666 3627 875 3661 Bochartium
900 3627 1028 3668 Phaleg.
1054 3628 1111 3661 lib.
1140 3630 1165 3661 1.
1198 3634 1228 3671 3,
1245 3631 1277 3663 et
1297 3629 1465 3664 Michaelis
1485 3630 1618 3672 Supple·
1735 3633 1788 3673 23)
1811 3633 1859 3664 Ex
1881 3631 1973 3665 hebr.
1997 3632 2098 3664 futuri
2121 3631 2286 3673 temporis.
