2944 4426
116 849 130 863 ⁹
143 845 221 883 Eph.
238 844 292 873 Vl.
317 847 360 872 16.

268 1047 298 1068 v.
318 1043 362 1103 mli.

139 1075 210 1108 cod.
230 1076 252 1105 ῐ.
271 1078 341 1104 ³:3.·

279 2246 307 2266 ν.
327 2242 371 2267 -26,

149 2274 217 2305 rod.
238 2274 259 2303 f.
280 2278 361 2302 asma

277 2388 307 2408 v.
327 2383 371 2409 30.

96 2427 101 2441 ι
148 2416 216 2446 cod.
236 2416 257 2444 f.
277 2419 321 2445 34.
341 2415 372 2445 b.

287 3036 315 3059 v.
335 3032 380 3060 32.

165 3510 237 3539 cod.
258 3511 278 3541 f·
298 3524 343 3550 85.
362 3528 390 3550 a.

410 234 467 279 12

1283 325 1391 347 mx
1458 326 1468 346 x

400 329 444 380 τὲ
471 328 546 387 τῆς
577 323 783 382 υἱοθεσιας
794 325 976 416 ἔχοντες
1001 324 1206 413 χάρισμα,
1231 350 1296 376 και
1320 351 1393 380 υπο
1426 349 1494 379 τον

401 398 523 449 αὐτὸν
556 399 666 452 ὅντες
698 392 855 462 πατέρα
887 395 1081 463 Χριστόν·
1116 394 1181 454 οὓς
1205 395 1385 465 χωριζειν
1419 401 1502 450 ἐπι-

398 492 520 535 χειρει
552 470 571 518 3
603 466 747 534 μάρτυς
779 471 853 522 τῆς
885 465 1065 527 ἀδικιας,
1091 467 1274 534 ταραχὰς
1299 471 1336 518 ἑν
1361 471 1502 524 αὐτοῖς

401 539 613 604 ἐμβαλλων
645 561 710 587 και
741 558 899 605 κρισεις·
934 536 978 588 τό
1006 537 1094 588 δὲ’
1081 560 1248 597 εκκαιει,
1277 562 1330 595 ως
1355 535 1500 625 οἶμαι,

400 608 676 697 προστιὲὲται
685 606 752 658 διὰ
776 607 862 664 τοὺς
886 610 1085 671 ἐμπαθεῖς
1117 606 1349 674 λογισμοὺς,
1365 608 1503 660 οένάπ-

403 702 548 736 τοντας
581 676 700 743 θυμὸν
731 700 834 743 μεν,
867 678 959 745 προς
991 677 1141 767 ὄργην
1145 701 1211 727 και
1242 683 1376 743 μ’ἶσος·
1416 681 1504 730 ἔπι-

402 749 559 815 Βυμιαν
585 749 650 810 δὲ,
677 749 774 816 πρὸς
800 749 976 817 αἰσχρὰς
1002 745 1209 832 ἐργασῖας·
1234 773 1388 805 τουτους
1412 772 1502 806 τους

405 819 613 888 λογισμους
637 844 702 871 και
729 824 749 870 3
769 823 880 887 ἅγιος
906 819 1109 876 Παῗλος*
1129 817 1307 884 ὧνομασε
1337 824 1405 870 τοῧ
1428 843 1504 871 πο-

407 897 521 981 νηροῧ
551 890 651 954 βέλη
691 888 974 959 πεπυρωμένα,
994 912 1273 976 τιτρωσκοντα
1313 911 1387 942 την
1426 896 1505 954 ψυ-

407 985 507 1030 χην,
540 962 609 1013 καὶ
641 960 826 1012 θάνατον
859 959 1124 1028 ἐργαζόμενα.

477 1033 562 1087 Την
605 1032 755 1100 μητέρα
793 1029 1027 1098 ἐωάγεσὲαι
1071 1028 1353 1098 σροστάσσει,
1387 1032 1414 1082 ἦ
1449 1052 1506 1086 τις

408 1104 519 1158 ἐστιν
548 1109 574 1158 ἦ
607 1127 725 1172 σοφια
757 1125 930 1169 γεννωσα
959 1101 984 1153 ἦ
1015 1123 1086 1165 μεν
1110 1099 1212 1151 κατὰ
1242 1099 1345 1149 Θεόν·
1378 1122 1506 1150 καιτοι

411 1180 532 1244 ἐχρῆν
563 1174 683 1224 αὐτόν
716 1175 840 1223 εἷπειν
872 1170 940 1221 τον
965 1170 1132 1238 πατέρα·
1165 1168 1277 1225 οὗτος
1303 1191 1377 1237 γαρ
1409 1168 1505 1235 πρὸς

408 1246 454 1299 2·3
486 1268 656 1297 συνειναι
689 1247 744 1308 τῷ
774 1244 846 1307 υἷῷ
875 1247 1027 1306 μαλλον
1062 1239 1382 1306 ἐπιτηδειότερος·
1421 1242 1506 1289 ἀλλ’

409 1316 542 1369 ἐπειδη
573 1320 616 1365 οὐ
645 1311 839 1373 δυνατὸν,
873 1311 993 1361 αὐτὸν
1024 1315 1166 1376 γνῶναι
1200 1309 1283 1360 τόν
1299 1309 1396 1359 θεὸν
1427 1309 1506 1378 σρό

405 1393 478 1443 τ’·ἦς
511 1392 584 1438 τῶν
616 1404 828 1471 γεγονοτων
863 1381 1071 1449 θεωρίας,
1106 1403 1244 1432 τουτου
1281 1379 1395 1468 χάριν
1433 1381 1506 1434 τὴν

405 1480 568 1545 μητερα
577 1479 640 1504 και
666 1479 709 1505 ου
731 1451 797 1504 τόν
821 1475 979 1520 πατερα
1002 1451 1243 1518 προστάσσει
1269 1450 1504 1519 ἐπάγεσθαι·

411 1550 475 1578 ινα
507 1525 573 1577 δια
604 1530 677 1581 τῆς
708 1522 850 1591 μητρὲς
881 1524 900 1572 ὅ
934 1521 1019 1579 υἱός
1051 1522 1118 1588 ιδῃ
1150 1520 1219 1572 τὸν
1242 1521 1415 1590 πατέρα·
1440 1523 1507 1571 ἐὰν

407 1597 484 1665 γὰρ
514 1620 614 1650 αυτη
646 1619 703 1660 μη
732 1616 923 1660 γεννήσῃ,
954 1597 997 1642 οὐ
1024 1591 1162 1655 βλέπει
1194 1592 1239 1644 τὸ
1271 1598 1349 1662 φῶς
1368 1632 1382 1655 ,
1414 1595 1509 1661 ὅπερ

411 1668 498 1719 ἐστι
531 1672 675 1734 γνῶσις
708 1668 826 1714 αυτοῦ
857 1687 925 1714 του
958 1667 1072 1713 Secu.

466 1742 568 1789 ’Ότι
603 1741 629 1790 ἦ
666 1734 803 1787 ἓντολη
846 1758 916 1786 του
961 1733 1078 1799 νόμου
1125 1731 1268 1798 λύχνος
1314 1756 1405 1784 εστι
1441 1757 1507 1784 και

409 1830 504 1877 φως·
536 1833 603 1859 και
638 1806 749 1870 τάχα
781 1805 947 1871 λυχνυξ,
972 1807 996 1857 ν’,
1019 1803 1177 1857 παλαιὰ
1207 1802 1417 1858 ὂιαθηκη’
1403 1825 1509 1862 εςιν·

411 1883 550 1936 ἐκεινος
565 1901 654 1965 γαρ
686 1883 734 1931 ἦν
759 1880 778 1926 ὃ
805 1876 952 1941 λυχνος
977 1878 997 1926 o‘
1021 1874 1224 1939 καιόμενος
1254 1897 1319 1923 και
1346 1896 1507 1944 φαινων·

411 1973 519 2018 φως,
552 1975 577 2004 η
609 1972 681 1998 νεα
713 1946 894 2000 διαθήκη·
932 1946 1010 2013 ε’γω
1037 1945 1135 2013 γάρ,
1149 1965 1307 2031 JWWW,
1347 1948 1425 2010 εἶμι
1465 1968 1510 1997 το

410 2025 490 2089 φῶς
523 2025 591 2071 τοῦ
618 2019 784 2083 κᾶσμου·
820 2018 991 2084 ἔλεγχος
1012 2039 1084 2082 μεν
1118 2021 1192 2067 τῶν
1226 2020 1376 2076 κακῶν,
1413 2041 1512 2069 παι-

411 2090 501 2141 ὂεια
533 2090 575 2141 ὂε
609 2094 683 2141 τῶν
717 2093 897 2157 ἀγαθῶν·
939 2087 1003 2138 δια
1032 2110 1108 2156 γαρ
1143 2108 1262 2152 νομου
1300 2086 1513 2155 ἐσιγνωσις

414 2160 637 2229 ἁμαρτιας.

482 2232 672 2285 Τοσαυτη
703 2254 777 2299 γαρ
811 2233 918 2280 ἐστιν
948 2231 973 2283 ἦ
995 2229 1066 2281 ἧδο
1051 2252 1115 2281 νη
1138 2233 1209 2284 τῆς
1234 2226 1402 2288 κακίας,
1435 2251 1512 2280 οση

414 2327 480 2353 και
515 2301 598 2358 ἑνός
636 2303 730 2371 ἁρτε
715 2326 769 2351 υ.
934 2355 938 2359 ,

485 2373 584 2422 Ἐαν
617 2374 700 2438 αλῷ
728 2370 801 2424 ὑπο
833 2369 1004 2436 γνώσεως
1035 2373 1228 2430 ἁληθους,
1262 2369 1512 2422 ἀποθησεται

416 2449 551 2496 πᾶσαν
570 2444 713 2510 γνῶσιν
733 2443 918 2507 ψευὸη,
903 2466 920 2491 o
947 2439 1127 2508 προτερον
1152 2439 1350 2499 κλέπτων,
1372 2442 1419 2489 δι’
1449 2440 1512 2488 ἔν-

415 2518 523 2565 δειαν
543 2513 755 2600 ycvcssoemg,
773 2510 849 2563 από
872 2518 941 2568 τῆς
961 2509 1230 2577 μωρανθεισης
1254 2509 1328 2562 υπό
1351 2515 1417 2561 τοῦ
1437 2534 1514 2561 σω-

418 2590 534 2652 τῆρος
554 2585 662 2648 ημῶν
683 2606 856 2651 γνωσεως
880 2606 945 2632 και
968 2602 1126 2649 σοφιας·
1152 2581 1356 2632 ἀποτισειν
1387 2579 1430 2630 ὂε
1450 2578 1515 2630 λέ-

417 2678 530 2723 γεται
551 2653 874 2714 ἑπταπλασίονα,
887 2651 929 2704 τὲ
949 2650 1111 2709 ἑπτάκις
1131 2656 1202 2707 τῆς
1221 2650 1374 2718 ἦμερας
1393 2654 1515 2702 αἱνέῖν

420 2726 489 2777 τὸν
514 2724 616 2775 θεον·
636 2748 701 2774 και
722 2723 856 2776 πάντα
877 2747 930 2774 τα
948 2745 1176 2790 υπαρχοντα
1202 2725 1310 2786 αυτῷ
1326 2719 1518 2775 αισθητῆ-

420 2820 483 2865 ριοι
503 2795 592 2852 daug
613 2801 667 2860 τῷ
685 2792 947 2884 Θεῷ,ῥυσεται
968 2792 1109 2844 ἑαυτὸν
1127 2796 1166 2842 ἐκ
1182 2815 1258 2843 των
1272 2790 1517 2857 ἡτοιμασμέ-

422 2887 496 2916 νων
517 2870 570 2930 τῷ
588 2865 765 2930 διαβολω
782 2890 850 2915 και
868 2889 949 2921 τοις
971 2862 1153 2930 ἀγγελοις
1174 2866 1334 2913 αυτοῧτι
1352 2868 1516 2930 μωριῶν.

492 2941 583 2992 Πας
615 2940 633 2986 3
664 2959 899 2992 κοινωνησας
923 2959 973 3000 τῃ
996 2957 1133 2996 κακιᾳ,
1165 2956 1302 2998 μοιχος
1344 2938 1427 2984 ἐστι
1452 2958 1518 2985 του

425 3006 615 3069 διαβόλου
646 3031 687 3058 τε
693 3012 715 3056 ῧ
743 3006 887 3098 πρώτου
917 3027 1120 3072 γημαντος
1158 3002 1227 3056 τῆν
1258 3002 1417 3064 κακίαν,
1454 3005 1518 3053 καὶ

425 3081 488 3129 ἀπ
523 3082 651 3146 ἀρχῆς
675 3075 880 3144 γεγονότος
904 3074 1236 3142 ἀνθρωποκτονου·
1263 3098 1331 3124 και
1355 3095 1424 3125 συν
1447 3078 1521 3125 αὖ·

428 3151 484 3209 τῷ
513 3147 708 3201 ἀπωλειαν
740 3153 789 3214 τῇ
821 3151 935 3215 ψυχῇ
965 3149 1085 3197 αυτου
1121 3167 1391 3213 περιποιειται.

1431 242 1632 276 calceum

1564 331 1714 375 fratres
1744 335 1842 374 sunt
1857 361 1869 385 ‚
1893 331 1968 387 qui
1992 330 2237 386 adoptionis
2266 331 2448 385 gratiam
2475 331 2637 376 habent
2655 364 2668 388 ‚

1573 407 1615 445 et
1641 402 1721 445 sub
1748 415 1836 445 uno
1853 407 1952 446 sunt
1968 407 2088 458 patre
2118 403 2315 457 Christo;
2349 415 2459 458 quos
2485 404 2669 455 invicem

1574 474 1804 518 distrahere
1838 480 2018 517 conatur
2046 476 2162 518 testis
2195 476 2427 530 iniquitatis
2442 509 2453 531 ‚
2493 480 2670 532 pertur-

1571 545 1769 588 bationes
1797 547 1898 601 ipsis
1927 547 2156 589 immittens
2193 551 2234 589 et
2265 547 2438 590 iudicia.
2479 547 2672 591 Verbum

1573 620 1716 659 autem
1749 635 1766 652 «
1788 617 2017 659 accendit»
2049 618 2306 672 apponitur,
2340 622 2388 660 ut
2410 617 2539 660 credo
2563 631 2670 674 pro-

1574 691 1670 742 pter
1706 687 1879 729 vitiosas
1909 689 2187 742 cogitationes
2203 719 2215 742 ‚
2246 701 2356 744 quae
2396 690 2586 732 animum
2618 690 2674 733 a'd

1574 757 1680 799 iram
1708 757 1939 813 odiumque
1977 758 2239 802 inflammant
2276 760 2554 815 cupiditatem
2592 773 2672 804 au-

1574 832 1661 870 tem
1689 827 1744 870 ad
1760 830 1902 883 turpia
1930 840 2076 884 opera.
2104 831 2362 874 Huiusmodi
2391 832 2673 886 cogitationes

1576 898 1733 940 Paulus
1755 910 1929 954 quoque
1958 900 2189 954 appellavit
2214 902 2388 956 maligni
2409 902 2495 945 tela
2520 903 2672 957 ignea,

1578 981 1687 1024 quae
1708 969 1891 1012 animam
1906 970 2129 1014 vulnerant
2145 976 2416 1028 mortemque
2438 973 2671 1018 adducunt.

1637 1041 1813 1082 Matrem
1844 1052 1988 1083 secum
2007 1040 2282 1090 habereeum
2298 1043 2418 1086 iubet
2433 1076 2445 1096 ,
2460 1044 2580 1099 'quae
2609 1048 2675 1087 est

1578 1110 1782 1165 sapientia
1793 1122 2013 1166 generans,
2025 1124 2178 1167 nempe
2189 1113 2263 1156 illa
2275 1114 2506 1156 secundum
2518 1115 2672 1158 Deum.

1579 1181 1711 1236 Atqui
1741 1182 2000 1235 oportuisset
2034 1187 2198 1236 patrem
2239 1186 2381 1238 potius
2423 1185 2646 1228 nominare
2662 1216 2678 1240 ,

1579 1263 1763 1306 namque
1789 1251 1859 1293 hic
1884 1251 1938 1294 ad
1958 1251 2035 1294 filii
2069 1253 2327 1296 existentiam
2359 1256 2456 1311 plus
2492 1256 2675 1300 confert.

1579 1322 1660 1366 Sed
1678 1323 1778 1378 quia
1795 1323 1888 1366 fieri
1912 1324 2061 1378 nequit
2077 1355 2089 1378 ,
2109 1329 2159 1366 ut
2177 1325 2269 1379 ipse
2289 1327 2426 1369 Deum
2447 1332 2679 1383 cognoscat

1579 1397 1674 1436 ante
1703 1394 1909 1436 factarum
1937 1406 2081 1436 rerum
2111 1395 2307 1438 notitiam
2323 1428 2335 1450 ‚
2366 1396 2465 1439 ideo
2496 1402 2678 1441 matrem

1579 1464 1724 1519 potius
1756 1477 1885 1519 quam
1914 1469 2082 1520 patrem
2110 1478 2255 1508 secum
2283 1466 2440 1510 habere
2459 1467 2607 1523 iubet3
2629 1473 2680 1512 ut

1580 1547 1658 1590 per
1686 1539 1866 1578 matrem
1885 1534 1998 1578 filius
2013 1540 2182 1591 patrem
2199 1541 2446 1591 cognoscat.
2471 1538 2580 1580 Nam
2597 1538 2680 1582 nisi

1579 1606 1672 1661 ipsa
1700 1618 1797 1648 eum
1825 1607 2041 1662 pepererit
2060 1637 2072 1660 ‚
2096 1607 2237 1649 lucem
2259 1620 2349 1651 non
2370 1608 2541 1664 aspicit,
2566 1619 2680 1664 quae

1580 1676 1777 1719 videlicet
1803 1677 1937 1732 ipsius
1965 1678 2046 1720 Dei
2077 1679 2237 1732 agnitio
2269 1682 2348 1720 est.

1641 1748 1748 1801 Quia
1768 1748 2018 1791 mandatum
2038 1748 2141 1803 legis
2153 1779 2166 1803 ,
2185 1749 2360 1792 lucerna
2379 1754 2441 1792 est
2462 1754 2505 1792 et
2522 1750 2612 1794 lux.
2629 1751 2683 1793 Et

1590 1818 1771 1861 fortasse
1798 1819 1969 1862 lucerna
1997 1823 2297 1862 testamentum
2316 1824 2439 1863 vetus
2459 1825 2548 1863 est:
2572 1820 2682 1864 illud

1584 1890 1697 1932 enim
1735 1894 1823 1932 erat
1858 1891 1980 1945 quasi
2024 1890 2194 1933 lucerna
2233 1903 2343 1946 quae
2379 1890 2683 1935 incendebatur
2722 1910 2729 1916 ·

1584 1965 1626 2003 et
1656 1960 1903 2017 apparebat.
1935 1962 2028 2004 Lux
2050 1973 2152 2004 vero
2167 1992 2179 2015 ‚
2202 1973 2364 2004 novum
2381 1965 2683 2009 testamentum
2708 1997 2710 1999 .

1583 2037 1671 2087 cst3
1703 2044 1783 2088 ego
1814 2033 1924 2075 enim
1940 2063 1953 2088 ‚
1985 2033 2151 2087 inquit,
2182 2032 2255 2075 lux
2277 2045 2372 2075 sum
2400 2032 2579 2087 mundi;
2605 2033 2684 2076 im-

1583 2105 1824 2161 proborum
1840 2106 2086 2160 redargutio
2101 2138 2113 2160 ,
2131 2105 2347 2148 bonorum
2365 2105 2566 2149 eruditio.
2578 2106 2684 2148 Nam

1584 2189 1660 2232 per
1688 2177 1827 2231 legem
1859 2176 2048 2231 cognitio
2079 2177 2257 2231 peccati.
2376 2187 2393 2205 N

1642 2250 1776 2291 Tanta
1806 2253 1869 2292 est
1897 2249 2008 2291 enim
2037 2248 2250 2303 nequitiae
2271 2248 2470 2303 voluptas
2486 2279 2498 2302 ‚
2524 2251 2686 2304 quanta

1585 2320 1699 2361 unici
1728 2319 1866 2375 panis.

1644 2391 1685 2432 Si
1726 2403 1751 2432 a
1778 2383 1893 2432 ⁷vera
1931 2390 2103 2432 scientia
2141 2389 2398 2444 corripietur
2414 2420 2426 2442 ,
2464 2389 2681 2431 scientiam

1587 2461 1822 2517 quamlibet
1850 2462 1997 2505 falsam
2026 2461 2193 2503 abiiciet
2211 2491 2224 2514 ‚
2257 2461 2334 2515 qui
2363 2464 2487 2503 antea
2506 2459 2683 2503 furaba-

1586 2538 1657 2576 tur
1676 2564 1687 2586 ‚
1727 2533 1784 2575 ob
1815 2533 2008 2576 scientiae
2043 2531 2321 2586 indigentiam
2339 2562 2351 2585 ‚
2393 2544 2444 2573 ex
2472 2530 2682 2574 infatuata

1586 2616 1611 2646 a
1641 2604 1863 2646 Servatore
1885 2607 2033 2645 nostro
2058 2602 2232 2645 scientia
2253 2614 2303 2644 ac
2328 2602 2542 2656 sapientia.
2568 2601 2685 2644 Red-

1587 2674 1754 2718 diturus
1776 2679 1918 2717 autem
1939 2673 2185 2729 septuplum
2205 2673 2360 2716 dicitur
2377 2703 2389 2726 ,
2413 2673 2512 2727 quia
2533 2673 2689 2727 septies

1586 2746 1633 2788 in
1671 2745 1739 2789 die
1779 2745 1972 2788 laudabit
2010 2746 2178 2787 Deum:
2213 2748 2256 2786 et
2294 2743 2458 2786 cunctis
2496 2743 2688 2786 sensibus

1587 2818 1675 2859 suis
1703 2818 1794 2859 Deo
1825 2816 1993 2859 traditis
2006 2847 2018 2869 ‚
2049 2815 2249 2858 liberabit
2277 2827 2321 2857 se
2350 2827 2374 2857 a
2402 2814 2561 2869 paratis
2591 2813 2686 2858 dia-

1588 2887 1692 2930 bolo
1723 2892 1766 2930 et
1796 2887 1954 2941 angelis
1984 2887 2072 2929 eius
2102 2885 2332 2941 suppliciis.

1650 2959 1794 3001 Omnis
1812 2958 1888 3013 qui
1904 2958 2120 3012 iniquitati
2148 2956 2461 3008 communicat,
2483 2952 2685 2999 moechus

1590 3034 1653 3072 est
1668 3062 1680 3084 ‚
1714 3028 1875 3071 diaboli
1905 3028 2062 3071 scilicet
2082 3028 2157 3083 qui
2176 3029 2340 3083 primus
2359 3039 2535 3070 uxorem
2566 3026 2692 3069 duxit

1591 3101 1852 3155 nequitiam,
1886 3104 1928 3142 et
1957 3099 2011 3143 ab
2041 3100 2165 3142 initio
2196 3098 2409 3158 homicida
2438 3098 2533 3140 fuit.
2567 3097 2688 3140 Idem

1593 3171 1691 3212 cum
1720 3170 1795 3212 illo
1828 3171 1992 3213 animae
2021 3170 2223 3226 propriae
2252 3169 2426 3212 exitium
2455 3168 2613 3211 infert.»

1388 3294 1420 3336 C
1451 3295 1486 3336 Α
1519 3296 1567 3337 Ρ.
1630 3296 1727 3338 VII.

436 3524 507 3579 τήν
538 3546 747 3588 ασωματῦν
780 3546 891 3591 φυσιν
923 3546 1077 3591 παῖηρ,
1111 3546 1176 3572 καί
1210 3544 1357 3574 ταυΐῆν
1389 3544 1488 3572 ‘item
1493 3545 1530 3569 l-

435 3614 538 3649 ηκεν·
579 3615 720 3681 σοφιαν
752 3593 794 3643 ὂὲ
825 3597 1005 3644 ἐνταυθα
1038 3592 1143 3661 λεγει
1176 3616 1219 3643 ου
1251 3591 1318 3644 τὸν
1349 3591 1432 3642 m3v
1467 3614 1533 3642 του

435 3670 557 3727 Ξεοῧ,
590 3663 696 3716 ἀλλα
722 3686 789 3716 την
813 3663 985 3733 θεωριαν
1019 3686 1093 3715 των
1111 3661 1317 3750 Ησωμάτων
1332 3686 1397 3712 και
1422 3665 1533 3712 ἀσω-

437 3758 571 3801 ματων
591 3775 604 3794 ,
637 3758 705 3785 και
738 3739 811 3791 τῆς
845 3756 884 3784 εν
921 3737 1025 3801 αυτῇ
1061 3756 1218 3803 κρισεως
1253 3756 1319 3783 και
1357 3755 1427 3801 προ
1412 3755 1536 3789 νοιας

439 3805 660 3876 ἐγκειμενα-

314 3492 342 3513 ,
362 3489 390 3514 4
433 3418 648 3522 Ἀδελφη
681 3456 789 3517 ἦμῶν
836 3451 953 3521 σοφία
998 3452 1120 3513 ἐστὶ,
1164 3449 1262 3502 διὲτι
1297 3451 1319 3500 o‘
1360 3473 1529 3507 ωοιησας
1603 3415 1766 3504 Soror
1804 3462 1948 3500 nostra
1994 3456 2201 3512 sapientia
2238 3458 2329 3507 est,
2378 3454 2585 3507 quatenus
2620 3448 2693 3491 ille

1603 3530 1679 3584 qui
1707 3530 2005 3583 incorpoream
2042 3531 2236 3570 naturam
2271 3523 2374 3566 fecit
2401 3525 2547 3577 pater,
2581 3518 2692 3562 hanc

1604 3612 1778 3655 quoque
1807 3599 1922 3641 fecit.
1957 3598 2214 3653 Sapientiam
2243 3599 2384 3638 autem
2403 3590 2605 3634 hocloco
2626 3589 2694 3632 di-

1607 3670 1663 3713 cit
1695 3683 1783 3712 non
1817 3669 1951 3712 filium
1990 3668 2098 3722 Dei,
2133 3666 2207 3709 sed
2236 3661 2520 3719 corporalium
2547 3665 2589 3703 et
2621 3660 2694 3702 in-

1609 3726 1896 3796 corporalium
1923 3740 2144 3782 notionem
2166 3735 2364 3790 insitique
2393 3732 2525 3776 divini
2551 3730 2695 3774 iudicii

1611 3825 1660 3855 ac
1686 3810 1995 3868 providentiae.
