2944 4426
1180 235 1225 267 m
1259 235 1524 268 novenam.
1679 266 1689 276 χ
2418 229 2480 274 43

224 323 364 364 tamen
400 319 484 364 hoc
521 324 617 364 ante
648 320 880 364 Servatoris
908 319 1138 363 adventum
1169 319 1318 364 fiebat.

224 390 346 435 Nunc
384 403 488 434 vero
514 391 670 435 Paulus
697 390 824 434 dicit:
867 391 942 445 qui
970 390 1213 444 furabatur,
1239 393 1322 434 iam

225 472 312 511 non
353 461 546 514 furetur,
582 460 658 504 sed
692 465 892 516 operetur
926 455 1069 516 potius
1094 461 1320 516 iustitiam,

227 536 275 574 ut
303 531 480 586 adeptus
506 531 720 573 scientiam
736 563 748 586 ‚
779 531 1065 574 communicet
1094 533 1221 575 etiam
1242 545 1320 576 ne-

228 604 458 645 cessitatem
477 602 666 645 babenti.
697 602 808 655 Quid
835 604 946 645 enim
977 607 1067 656 est,
1089 603 1208 658 quod
1242 616 1322 646 no-

229 678 364 717 strum
385 685 472 718 non
491 675 567 726 sit,
597 677 646 715 ut
671 674 804 716 furari
819 686 928 729 opus
949 674 1005 716 sit
1033 675 1159 718 nobis
1183 676 1257 730 qui
1279 676 1323 718 in

227 746 394 789 Christo
414 744 699 788 credidimus?
723 745 873 789 Omnia
892 747 1002 789 enim
1032 752 1180 790 nostra
1198 752 1320 808 sunt,

226 829 307 860 nos
334 820 475 859 autem
511 816 689 871 Christi,
722 829 800 872 per
832 829 961 872 quem
990 819 1134 861 omnia
1147 823 1246 861 sunt
1260 819 1323 861 fa-

227 891 308 930 cta.
338 887 527 930 Christus
554 892 693 931 autem
709 919 723 940 ‚
749 889 828 931 Dei
849 890 1171 932 est.-Mentem
1198 903 1221 933 a
1247 904 1324 933 ne-

226 958 361 1014 quitia
387 959 612 1014 profugam
629 990 642 1013 ‚
667 972 722 1002 ne
743 959 884 1003 denuo
912 962 1124 1016 nequitiae
1154 961 1328 1004 tradasr

224 1028 433 1085 siquidem
460 1030 596 1073 omnis
624 1031 699 1086 qui
719 1031 822 1074 facit
834 1036 1053 1086 peccatum
1067 1065 1078 1087 ,
1094 1045 1239 1076 servus
1261 1037 1325 1076 est

224 1100 403 1156 peccati.
419 1102 644 1144 Peccatum
659 1113 764 1144 vero
782 1115 895 1145 nunc
918 1104 1158 1159 appellatur
1169 1136 1180 1158 ,
1198 1105 1233 1147 is
1251 1106 1325 1159 qui

224 1175 448 1226 peccatum
463 1176 666 1226 operatur
677 1171 889 1230 diabolus.
898 1174 1081 1216 —Filius
1095 1175 1229 1218 malus
1239 1180 1321 1218 etc.

224 1241 491 1298 Blasphemia
518 1244 669 1298 menti,
691 1255 799 1299 quae
821 1244 958 1301 ipsam
982 1244 1214 1301 depromit,
1233 1259 1324 1288 ma-

223 1313 393 1369 ledicit3
423 1319 465 1358 et
494 1317 645 1358 mentis
674 1317 829 1371 matri,
852 1316 904 1359 *id
928 1321 992 1359 est
1013 1318 1174 1360 animae
1195 1349 1206 1371 ,
1237 1330 1323 1360 non

222 1385 627 1431 benedicit.—Vana
655 1388 791 1443 gloria
818 1401 1056 1444 possessum
1087 1403 1112 1432 a
1142 1402 1186 1433 se
1217 1390 1323 1432 sub-

223 1458 352 1500 vertit
365 1458 641 1514 ludificatque
657 1474 683 1512 ,·
695 1464 744 1502 ut
766 1461 923 1503 iustum
943 1465 1072 1504 semet
1091 1462 1320 1514 existimet,

225 1541 364 1585 neque
390 1530 499 1574 mala
518 1543 594 1574 sua
616 1532 880 1587 consideret,
909 1532 986 1576 sed
1013 1546 1136 1589 saepe
1166 1546 1210 1576 se
1248 1546 1322 1576 so-

224 1599 314 1642 lum
356 1600 463 1643 bene
488 1610 625 1656 >agere
662 1603 1151 1659 existimet.—Superbia
1189 1617 1287 1647 eum
1308 1636 1322 1660 ,

225 1671 296 1712 cui
320 1671 456 1726 inest,
491 1671 594 1715 facit
628 1677 677 1716 ut
707 1674 866 1717 amicos
893 1675 1045 1730 inopes
1080 1675 1285 1731 despiciat
1309 1707 1321 1730 ,

225 1745 418 1796 parentes
448 1746 497 1784 ut
528 1742 708 1797 molesta
739 1744 880 1788 edulia
910 1745 1079 1801 abigat,
1107 1746 1244 1790 iustos
1277 1752 1326 1799 ,et

223 1811 319 1868 pios
341 1811 611 1856 abominetur
626 1844 639 1868 ‚
662 1814 858 1858 subditos
885 1829 986 1860 suos
1003 1816 1254 1871 subvertat,
1282 1823 1325 1861 et

223 1882 315 1938 ipse
345 1887 476 1926 semet
502 1885 746 1939 superaltet.
770 1887 841 1929 Ira
866 1900 1211 1944 omnem,.quem
1229 1889 1324 1945 ipsa

225 1954 461 2010 corripuit,
485 1955 593 1998 nihil
617 1957 732 1999 aliud
765 1970 891 2013 quam
922 1959 1029 2002 alios
1051 1960 1254 2015 adfligere
1281 1966 1324 2004 et

223 2026 431 2082 castigare
461 2028 600 2081 cogit:
642 2027 909 2075 obtrectandi
939 2043 1113 2094 quoque
1144 2037 1188 2075 et
1214 2045 1321 2075 con-

224 2096 410 2140 viciandi
439 2099 814 2156 calumniandique
839 2102 1004 2146 nullum
1039 2103 1170 2147 finem
1202 2105 1319 2148 facit.

281 2167 364 2221 Qui
389 2169 607 2212 hominem
631 2173 751 2226 praxi
779 2177 823 2214 et
853 2174 1022 2235 theoria
1049 2177 1156 2218 male
1187 2176 1323 2221 medi-

220 2243 382 2288 tantem
398 2273 411 2294 ,
444 2244 488 2284 et
516 2245 703 2284 mentem
732 2255 852 2286 suam
877 2245 924 2287 in
955 2257 1066 2301 opus
1093 2247 1321 2290 conferen-

220 2313 309 2364 tem
322 2342 335 2364 ,
353 2311 586 2355 admiratur
601 2345 613 2367 ‚
631 2313 882 2357 maledictus
897 2315 980 2358 erit
1001 2316 1056 2358 ab
1073 2311 1323 2373 angelorum

221 2381 424 2436 populis,
451 2386 494 2424 et
519 2382 571 2425 iis
589 2383 665 2438 qui
691 2396 742 2426 ex
759 2384 951 2429 ethnicis
975 2386 1029 2429 ad
1052 2387 1232 2431 salutem
1253 2402 1323 2432 ac-

223 2449 438 2496 cesserunt
461 2453 623 2496 invisus
641 2485 654 2508 ,
690 2455 864 2510 quando
898 2469 1046 2501 omnes
1075 2471 1186 2502 unus
1218 2471 1322 2514 grex

222 2521 326 2564 fient
353 2527 396 2565 et
413 2536 523 2567 unus
547 2529 711 2580 pastor.
732 2526 815 2579 Qui
846 2532 989 2571 autem
1014 2529 1259 2585 vituperant
1279 2537 1322 2574 et

223 2593 272 2634 in
304 2593 490 2637 medium
523 2596 718 2639 deferunt
756 2610 833 2653 per
867 2599 1173 2645 confessionem
1202 2607 1320 2646 actus

224 2658 351 2716 suos,
385 2668 428 2706 et
453 2664 637 2709 melioris
661 2667 747 2709 iam
774 2669 927 2712 mentis
964 2670 1312 2726 deliberationes,

227 2733 382 2776 excelsi
399 2734 659 2780 videbuntur
689 2740 872 2783 Domino
889 2773 902 2796 ‚
929 2746 971 2784 et
995 2754 1096 2797 prae
1123 2744 1320 2788 omnibus

223 2804 520 2848 commendati.
542 2807 906 2866 Supervenietque
923 2812 1027 2867 ipsis
1041 2813 1085 2855 in
1105 2816 1319 2868 praesenti

225 2873 400 2929 quidem
418 2877 587 2921 saeculo
606 2879 720 2923 bona
735 2881 976 2927 benedictio
997 2889 1167 2928 actuum
1188 2890 1317 2942 atque

223 2946 446 3002 laborum,
476 2954 520 2991 et
541 2950 837 2997 intellectualis
865 2955 1032 2999 theoria
1059 2958 1313 3016 sapientiae:

222 3018 268 3060 in
296 3018 443 3062 futuro
477 3025 644 3075 autem,
671 3035 697 3065 a
725 3025 910 3070 Domino
937 3029 1190 3083 praemium.

282 3089 366 3142 Qui
390 3090 576 3134 ambulat
599 3098 697 3147 post
721 3095 799 3137 Dei
815 3097 1035 3152 mandata,
1057 3098 1319 3144 instauratur

222 3157 278 3202 ad
303 3160 509 3202 iustitiam
534 3165 577 3203 et
605 3163 997 3210 sanctificationem.
1033 3170 1198 3213 Etenim
1221 3184 1319 3214 cum

223 3229 426 3285 sapientia
451 3230 694 3276 aedificatur
718 3233 892 3290 domus,
921 3250 1030 3293 quae
1052 3253 1103 3282 ex
1121 3242 1262 3285 anima
1278 3247 1320 3285 et

224 3312 406 3356 corpore
424 3307 590 3344 constat
606 3333 618 3356 ,
637 3303 691 3346 ad
707 3305 785 3347 Dei
807 3306 1112 3353 habitaculum.
1128 3312 1178 3354 In
1194 3312 1317 3355 mali-

225 3371 376 3414 tiosam
392 3376 533 3415 autem
549 3373 728 3416 animam
745 3363 1043 3420 non'introibit
1063 3381 1280 3435 sapientia.

280 3444 386 3487 Tum
404 3445 550 3499 spinae
574 3449 666 3488 tum
691 3459 847 3501 pecora
866 3450 1142 3503 pessumdant
1170 3464 1319 3507 agrum

222 3514 303 3557 nisi
312 3514 405 3558 illas
417 3515 567 3571 aliquis
581 3522 735 3572 purget
747 3548 760 3572 ,
775 3518 881 3562 haec
893 3532 994 3563 vero
1008 3522 1237 3566 custodiat.
1253 3525 1319 3567 Ita

224 3590 267 3628 et
286 3586 331 3629 in
347 3587 519 3630 homine
539 3587 676 3632 bardo
692 3589 873 3633 accidit:
895 3592 1084 3647 nequitia
1100 3594 1319 3638 extimulat

223 3669 320 3700 eum
332 3658 386 3701 ad
402 3659 474 3702 illa
487 3659 712 3702 ambienda
725 3660 880 3716 quibus
892 3674 1070 3717 regnum
1083 3663 1312 3708 obtinetur.

223 3748 229 3751 ε
280 3729 405 3784 Sepes
430 3734 493 3772 est
520 3731 804 3785 tranquillitas
827 3732 990 3775 animae
1019 3735 1237 3778 rationalis
1266 3749 1315 3790 ex

298 3815 327 3857 ι)
350 3815 467 3849 Adhuc
489 3818 641 3851 laudatur
666 3818 706 3851 ab
731 3819 868 3862 Origene
890 3804 1096 3862 peccatorum
1121 3823 1294 3857 contessio.

1392 314 1542 383 μάτων·
1575 317 1732 385 κλέπτει
1762 320 1836 388 γάρ
1875 345 1934 379 τις
1971 323 2164 413 ἀλλοτρια
2199 325 2447 394 θεωρήματα
2468 367 2482 385 .,
2546 328 2554 342 '‘

1390 393 1458 439 ἵνα
1488 394 1575 439 νοῦν
1609 382 1791 456 ἐμπλνῖσῃ
1816 397 2020 445 πεινῶντα·
2046 393 2157 445 ἀλλὰ
2178 400 2293 448 τοῦτο
2315 397 2389 462 μὲν
2413 398 2483 464 πρὸ

1395 463 1468 516 τῆς
1493 459 1703 525 ἐπιδημίας
1727 465 1794 511 τοῦ
1817 467 1989 530 σωτῆρος
2013 462 2181 531 ἐγένετο·
2202 488 2282 516 νυνι
2307 467 2349 517 δὲ
2373 473 2488 518 Παῧ-

1394 535 1462 586 λος
1487 553 1601 599 φησιν
1620 530 1657 560 *⁴
1684 555 1704 580 0
1727 529 1926 592 κλεπτων,
1960 536 2094 597 μηκέτι
2125 538 2348 600 κλεπτέτω,
2380 544 2487 603 μᾶλ-

1396 607 1462 654 λον
1494 600 1540 651 δε
1572 600 1794 668 ἑργαζέσθω
1825 607 1945 652 demes
1929 604 2090 662 witam,
2123 608 2189 654 ἵνα
2221 612 2361 672 γνῶσιν
2392 633 2490 662 κτη-

1395 670 1586 736 σάμενος,
1610 676 1770 739 μεταδῷ
1782 696 1850 722 και
1872 678 1927 739 τῷ
1943 674 2081 742 χρείαν
2100 674 2246 740 ἔχοντι·
2271 678 2309 728 τῖ
2329 678 2404 749 γὰρ
2421 704 2491 730 και

1397 742 1505 800 ἔςιν,
1534 743 1553 792 ὃ
1577 766 1635 806 μη
1661 742 1745 800 ’ές-ιν
1770 767 1981 812 ημετερον,
2000 748 2071 795 ἵνα
2094 746 2294 810 κλέψωμεν
2319 753 2352 798 οἱ
2376 773 2492 802 πεπι-

1396 811 1582 870 ςευκᾶτες
1608 818 1768 880 Χριςῷς
1796 837 1930 867 παντα
1953 816 2030 902 γὰρ
2051 819 2160 879 ἡμων
2185 817 2286 873 ’ές-ιν·
2311 842 2421 882 -ημεις
2448 823 2491 871 οὲ

1397 891 1472 950 Χρ;
1477 888 1571 944 ςοῢ,
1593 886 1638 933 δι’
1660 908 1701 934 ου
1727 884 1776 936 zoi
1794 885 1925 937 πάντα
1949 887 2116 974 ἔγὲνετο’
2138 885 2288 954 Χριςος
2309 890 2368 949 δὲ,
2389 897 2502 940 θεοῦ·

1396 954 1651 1033 -Φυγοντα
1683 978 1770 1006 νουν
1796 977 1868 1010 την
1892 981 2056 1018 κακιαν,
2083 981 2140 1020 μη
2168 957 2283 1009 πάλιν
2309 965 2494 1028 παραόᾧς

1397 1049 1444 1078 τη
1456 1047 1601 1116 noemqe·
1623 1025 1731 1093 εἴπερ
1751 1050 1826 1084 πας
1845 1031 1864 1077 o‘
1885 1032 2000 1079 ποιῶν
2021 1051 2093 1082 την
2113 1028 2336 1096 ἁμαρτιαν,
2358 1035 2398 1080 δε
2402 1036 2494 1087 ῧλοιξ.

1397 1095 1466 1154 (ἔς-ι
1497 1100 1572 1152 τῆς
1604 1096 1820 1164 οἶμαρτὶας·
1855 1097 2037 1166 ἇμαρτια
2061 1097 2102 1148 δε
2127 1103 2192 1148 ν’ὖν
2215 1100 2493 1165 ὀνομοῖζιεταις
2475 1127 2493 1152 ο

1398 1170 1555 1237 ἐνεργῶν
1587 1190 1656 1221 την
1682 1169 1879 1237 ἁμαρτίαν
1904 1170 2100 1231 διάβολος·
2103 1171 2352 1237 -ῘΈκγονον
2376 1195 2495 1223 κακον

1395 1262 1431 1288 κ.
1454 1262 1494 1291 τ.
1517 1244 1556 1287 λ.
1578 1242 1629 1288 Ἡ
1662 1231 1897 1308 βλασφημῖα
1930 1263 1995 1291 τον
2029 1240 2156 1294 αὐτην
2182 1263 2384 1310 εκφεροντα
2407 1265 2494 1294 νουν

1395 1312 1636 1375 καταρᾶται·
1659 1332 1729 1363 την
1753 1310 1795 1361 δε
1816 1335 1952 1362 τουτου
1974 1334 2155 1378 μητερα,
2183 1313 2302 1379 ἤγουν
2328 1335 2396 1380 τῃν
2420 1323 2495 1380 ψυ-

1396 1403 1492 1445 χην,
1505 1382 1572 1429 οὐκ
1591 1384 1757 1446 εὐλογει.
1759 1387 1883 1432 —‘H
1902 1381 2096 1439 κενοδοξία
2116 1405 2182 1432 τον
2200 1407 2326 1438 αυτην
2348 1386 2496 1450 ἔχοντα
2539 1407 2607 1437 cod.
2625 1407 2646 1436 f.
2667 1412 2728 1438 me.
2742 1408 2772 1437 b

1397 1448 1615 1512 ὑποβάλλει
1650 1475 1717 1501 και
1747 1460 1802 1517 χ)
1809 1453 1959 1514 ευαζει,
1995 1451 2189 1503 δι’καιον“
2173 1477 2311 1506 εαυτον
2343 1462 2503 1523 λογιζε-

1398 1529 1528 1582 σθαι,
1561 1545 1616 1585 μη
1652 1525 1731 1572 ε’ννε
1735 1547 1786 1572 ων
1811 1548 1861 1575 τα
1885 1522 2001 1574 κακά·
2029 1524 2137 1574 ἀλλα
2160 1527 2352 1582 πολλάκις
2383 1527 2498 1614 μόνον

1395 1592 1503 1643 καλὰ
1525 1596 1660 1644 ποιεῖν.
1663 1597 1833 1644 —-“H
1813 1617 2055 1682 υπερηφανια
2081 1618 2146 1645 τον
2171 1596 2403 1660 κεκτημένον·
2428 1603 2501 1649 αὐ·

1397 1684 1470 1717 την
1490 1667 1589 1715 ποιέῖ
1610 1668 1781 1732 παρορᾷν
1813 1664 1945 1734 φίλους
1979 1689 2164 1731 πτωχσυς
2179 1706 2192 1725 ,
2220 1672 2347 1733 γονεῖς
2371 1693 2502 1719 ωσαυ-

1397 1756 1470 1790 τως
1503 1734 1697 1802 βρώματα
1734 1735 1868 1803 einp&
1904 1740 1980 1789 ἀπε
1983 1735 2166 1787 σειεσὲαι
2206 1762 2295 1793 τους
2333 1739 2501 1798 δικαιους

1395 1827 1462 1854 και
1497 1807 1674 1865 ευσεβεις
1697 1806 2013 1868 βδελυττεσθοιι,
2049 1810 2138 1864 τοὺς
2162 1833 2236 1860 υπο
2262 1813 2378 1877 χεῖρα
2408 1814 2505 1861 ἑπο-

1397 1875 1604 1932 σκελὶσαι..
1638 1899 1704 1925 και
1741 1876 1863 1934 αὐτος
1902 1883 2335 1945 ὑπεραναβῆναι.--“Ο
2366 1881 2500 1944 θυμος

1397 1950 1533 1998 πάντα
1560 1970 1625 1997 τον
1650 1946 1803 2012 ἔχοντα
1822 1947 1967 2008 αὐτον,
1988 1951 2094 1999 ουόὲν
2119 1948 2283 2010 amo,
2263 1976 2287 2003 r:
2307 1953 2366 2000 ὅτι
2385 1976 2501 2002 κακο-

1398 2039 1518 2068 ποιειν
1555 2040 1636 2067 και
1660 2042 1708 2069 πο
1712 2017 1898 2076 ιναλῖζειν
1935 2020 2142 2082 βιάζεται,
2180 2022 2497 2073 καταλαλεῖνῆτὲ

1397 2111 1463 2136 και
1495 2086 1703 2154 ὑβρῖζειν,
1736 2113 1805 2138 και
1836 2114 2090 2182 συκοφαντειν
2123 2116 2166 2140 ου
2195 2091 2380 2142 παύεται·

1465 2161 1518 2208 ‘O
1550 2157 1621 2209 τόν
1651 2159 1784 2228 πράξει
1816 2183 1880 2210 και
1917 2161 2067 2228 θεωρίᾳ
2102 2166 2225 2218 κακῶς
2259 2166 2460 2215 ἐννοοῦντα
2482 2204 2495 2225 ‚

1397 2251 1462 2277 και
1499 2234 1763 2317 τελεσιουργῖν
1741 2253 1840 2282 υντα
1871 2237 1958 2282 νοῧν
1997 2232 2160 2290 ἑαυτου,
2194 2257 2219 2285 η
2248 2234 2372 2284 ἄλλον
2411 2235 2498 2285 τινα

1397 2303 1472 2348 τῶν
1491 2299 1734 2367 ἁνθρῶπων’
1721 2323 1784 2370 eq>
1770 2324 1966 2369 ρωμενος,
1991 2302 2281 2391 ἐπικατάρατος
2301 2305 2394 2362 ἔςαι
2415 2330 2496 2357 πα-

1393 2367 1446 2436 ρὰ
1465 2374 1546 2427 τοῖς
1567 2392 1645 2421 των
1666 2371 1843 2438 ἀγγέλων
1866 2378 2003 2434 λαοῖς,
2028 2397 2095 2423 και
2121 2397 2230 2440 παρα
2254 2397 2336 2431 τοις
2358 2380 2434 2427 τῶν
2454 2380 2495 2434 ἐξ

1395 2444 1512 2490 ἐθνῶν
1531 2464 1794 2506 σεσωσμενοις
1818 2467 2010 2508 μισητος,
2031 2468 2132 2496 οταν
2150 2444 2296 2501 πάντες
2316 2470 2391 2509 μια
2410 2471 2496 2498 ποι-

1392 2534 1469 2573 μνη
1503 2534 1712 2578 γενησεται
1745 2538 1810 2563 και
1845 2538 1904 2571 εις
1936 2536 2092 2580 ποιμην·
2129 2540 2162 2564 ει
2195 2514 2236 2566 δὲ
2261 2515 2495 2584 ἐλέγχοντες

1392 2604 1459 2630 και
1501 2588 1773 2651 φρατριοῧντες
1815 2589 1861 2635 δι’
1904 2586 2183 2654 ἐξαγορεύσεως
2228 2585 2304 2643 τοὶς
2343 2590 2496 2638 ἑαυτων

1391 2651 1553 2718 πράξεις
1576 2658 1638 2721 1),
1661 2677 1728 2704 και
1755 2679 1830 2713 τας
1857 2679 1923 2707 του
1953 2657 2112 2719 βελτίου
2143 2662 2209 2709 νοῧ
2234 2657 2460 2722 ἐνθυμήσεις
2483 2699 2495 2721 ,

1391 2744 1603 2789 φανουνται
1635 2723 1782 2790 ὖψηλοι
1812 2727 1921 2796 παρὰ
1948 2751 2052 2794 xvpe:
2036 2752 2106 2787 υ,
2143 2728 2206 2780 ἔπι
2241 2734 2361 2780 πᾶσιν
2393 2734 2493 2779 ἀνα-

1389 2816 1680 2860 κηρυττομενον
1707 2799 1765 2848 ἐπ’
1789 2820 1934 2855 αυτους
1961 2797 2002 2848 δε
2032 2802 2188 2857 γιξει,’
2174 2822 2213 2849 εν
2243 2822 2316 2864 μεν
2347 2805 2403 2866 τῷ
2426 2805 2491 2850 νῦν

1390 2866 1502 2914 αἰῶνι
1533 2865 1558 2914 ἦ
1589 2865 1733 2932 &yae-371
1757 2867 1918 2934 εὐλογια
1945 2874 2018 2929 τῶν
2044 2867 2219 2956 πραξεων
2251 2875 2327 2922 τῶν
2352 2872 2488 2938 ἔργων,

1390 2957 1456 2983 και
1488 2936 1514 2987 ἦ
1546 2934 1662 2988 νοητῆ
1694 2942 1765 2994 τῆς
1798 2938 1937 3006 σοφίας
1971 2949 2014 2988 θε
1999 2940 2127 3006 εωρία·
2163 2943 2202 2988 ἐν
2235 2940 2277 2990 δὲ
2315 2947 2369 3006 τῷ
2392 2941 2490 3006 μέλ-

1390 3009 1498 3055 λοντι
1518 3044 1531 3066 ,
1565 3008 1591 3059 ἦ
1621 3029 1732 3073 παρα
1761 3013 1830 3058 toz
1858 3032 1960 3076 κυριε
1946 3034 1987 3059 υ
2019 3009 2199 3073 διανομη.

1460 3078 1512 3126 Ὁ
1535 3075 1779 3142 πορευόμενος
1804 3080 1966 3130 ὄπισθεν
1990 3086 2068 3131 τῶν
2093 3103 2162 3131 του
2183 3085 2271 3130 θεοῧ
2288 3105 2488 3150 προσταγ-

1389 3146 1547 3211 μάτων,
1571 3148 1880 3211 ἀνοικοδομειτοιι
1902 3154 1958 3206 εἰς
1983 3149 2226 3205 ὂικαιοσυνην
2250 3174 2315 3202 και
2341 3157 2486 3220 ἁγιασ-

1389 3215 1479 3280 μὸν·
1512 3216 1617 3281 μετὰ
1646 3217 1723 3285 γὰρ
1754 3242 1895 3288 σοφιας
1932 3225 2186 3286 οἰκοδομεῖται
2219 3217 2320 3279 οἰκος
2340 3263 2355 3286 ,
2393 3250 2412 3274 0
2451 3229 2488 3275 ἔν

1390 3292 1503 3354 ψυχῇ
1537 3311 1602 3337 και
1640 3312 1792 3353 σωματι
1839 3295 1895 3348 εἷς
1938 3313 2163 3346 κατοικησιν
2206 3298 2317 3343 θεον·
2357 3298 2413 3352 εἰς
2449 3295 2489 3346 δε

1388 3360 1625 3424 κακότεχνον
1656 3360 1791 3424 ψυχην
1825 3384 1890 3410 cvr.
1924 3361 2189 3415 eice-:ieiunae
2223 3388 2355 3432 σοφια.

1458 3429 1515 3478 Εἴ
1546 3452 1589 3480 τε
1623 3432 1696 3496 γὰρ
1729 3432 1930 3493 ἄκανθαι,
1966 3435 2002 3483 εἴ
2033 3457 2074 3484 τε
2096 3457 2241 3495 κτήνη,
2267 3434 2485 3487 animvm
2533 3468 2561 3489 v.
2583 3463 2627 3490 30

1389 3497 1513 3560 αὐτο,
1529 3498 1615 3548 ἓαν
1647 3524 1704 3562 μη
1726 3523 1783 3554 ειη
1809 3503 1828 3551 o‘
1860 3503 2136 3572 περικαθαιρων
2167 3529 2231 3555 και
2260 3506 2483 3573 φυλαττων·

1389 3565 1577 3624 ὦσαυτως
1609 3593 1669 3617 και
1704 3571 1848 3638 ἄφρων·
1875 3596 1900 3624 η
1922 3595 2043 3624 κακια
2075 3597 2161 3632 εςιν
2183 3577 2206 3626 o‘
2228 3598 2378 3628 νυσσων
2410 3582 2486 3627 αὐ-

1391 3658 1458 3685 τον
1481 3676 1493 3696 ,
1529 3641 1586 3694 εἰς
1618 3638 1668 3690 τοὶ
1700 3663 1772 3693 την
1802 3642 2018 3704 βασιλεῖαν
2051 3651 2229 3713 προξενέ
2207 3671 2322 3699 υντα.

1458 3707 1679 3775 Φραγμοςέ
1662 3732 1749 3768 -ςιν
1770 3710 1940 3764 ἀπάθεια
1969 3721 2106 3780 ψυχῆς
2131 3721 2351 3784 λογικης,
2340 3740 2378 3766 εκ
2403 3721 2483 3766 τῶν

2538 558 2677 595 Ephes.
2698 559 2747 587 lv.
2769 563 2813 588 28».

2541 2176 2569 2197 v.
2590 2174 2636 2199 24.
2649 2177 2715 2207 cap.
2736 2174 2782 2200 30.

2538 2205 2779 2236 cod.f.107.a.

2529 3097 2559 3118 v.
2579 3093 2622 3119 27.

2531 3125 2600 3155 cod.
2612 3125 2636 3154 f.
2656 3128 2714 3155 107.
2728 3124 2760 3154 b.

2340 3888 2357 3903 t
