2996 4432
1184 286 1422 320 nomzoms.
2365 274 2422 320 19

302 375 385 446 39.
415 374 475 426 In
514 364 673 426 caena
707 370 918 422 Domini
955 370 1171 441 antiqua
1202 369 1480 422 traditione
1505 387 1534 421 a
1559 372 1747 423 sanctis
1772 372 2007 443 patribus
2032 372 2323 442 accepimus
2348 391 2421 424 re·
2468 388 2536 417 cod·
2557 388 2577 417 s.
2602 392 2642 418 ιτ.
2660 389 2689 418 ¹».

195 457 460 510 conciliari
495 453 786 526 specialiter
828 451 1019 505 debere
1065 454 1415 524 paenitenteS,
1455 452 1574 505 ideo
1611 456 1735 524 quia
1783 455 1836 505 in
1883 473 1942 506 ea
1975 466 2418 507 sacramentorum

195 529 438 610 baptismi
471 539 516 606 1)
541 535 736 590 scilicet
769 546 822 587 et
858 535 1124 605 sanguinis
1160 535 1372 587 Domini
1408 537 1654 606 apostolis
1680 556 1709 588 a
1734 534 1948 589 domino
1985 538 2192 590 Christo
2228 537 2419 590 donata

191 621 289 673 fuit
313 619 540 673 traditio.
581 620 648 670 Et
683 618 806 690 quia
841 618 943 669 ho'c
978 617 1236 680 officium,
1265 618 1458 671 scilicet
1492 618 1846 671 reconciliatio
1872 630 1921 670 et
1946 621 2264 682 consecratio
2291 621 2419 672 chri·
2479 612 2483 616 ¹

193 705 390 766 sinatiS,
414 703 532 756 solis
556 701 777 754 debetur
799 701 1083 772 episcopiS,
1112 718 1309 772 operae·
1325 695 1560 772 pretium⁴
1577 702 1746 752 visum
1769 713 1845 753 est
1868 703 2114 771 apostolis
2139 715 2191 755 et
2214 715 2417 773 aposto·

193 788 303 840 licis
329 787 450 839 viris
467 827 480 849 ,
510 780 634 857 quia
660 803 813 837 nemo
839 795 1013 855 potest
1037 784 1280 837 ecclesiae
1305 785 1398 837 Dei
1424 784 1641 846 sociari,
1676 785 1776 836 nisi
1802 784 2007 836 divinae
2040 804 2244 838 mensae
2272 785 2430 837 fuerit

192 869 435 922 convivio
473 869 726 929 sociatu3‚
756 885 819 919 eo
853 866 939 917 die
971 866 1161 918 debere
1194 867 1446 920 celebrari
1470 862 1771 937 mysterium
1790 905 1803 928 ‚
1840 884 1948 936 quo
1981 880 2418 919 sacramentorum

191 951 400 1003 traditio
437 951 656 1021 sumpsit
691 947 984 1001 exordium.
1017 949 1078 1000 In
1103 950 1284 1020 primis
1309 966 1432 1001 vero
1457 947 1894 1019 dicendum'quot
1926 948 2066 1000 modi
2094 950 2196 1002 sint
2221 969 2417 1002 excom·

192 1034 590 1086 municationis:
622 1043 800 1103 postca
824 1031 1096 1102 quomodo
1120 1033 1345 1120 quisque
1371 1033 1847 1084 excommunicatus
1866 1030 2053 1084 debeat
2069 1033 2410 1085 reconciliari.
2482 1070 2485 1073 -

193 1117 919 1170 Nam-excommunicatorum
942 1115 1026 1166 alii
1051 1125 1172 1166 sunt
1194 1115 1250 1166 in
1275 1115 1443 1166 anima
1463 1156 1475 1179 ‚
1505 1115 1591 1166 alii
1614 1114 1672 1166 in
1698 1133 1950 1185 corpore,
1980 1114 2067 1166 alii
2091 1133 2147 1185 3¹¹
2171 1116 2342 1167 anima
2367 1127 2417 1167 et

193 1218 435 1271 corpore.
467 1199 902 1251 excommunicati
925 1210 1049 1250 vero
1085 1198 1140 1249 in
1177 1198 1345 1249 anima
1382 1198 1417 1249 ii
1453 1209 1608 1259 sunt,
1638 1216 1772 1268 quos
1807 1197 2081 1268 apostolos.
2108 1198 2162 1248 in
2199 1199 2417 1268 epistola

191 1302 283 1336 sua
318 1301 348 1335 a
385 1301 550 1353 regno
586 1282 683 1333 Dei
718 1280 912 1333 iudicat
957 1281 1152 1332 alienos
1195 1279 1401 1332 dicens:
1445 1281 1609 1332 nolite
1643 1299 1810 1332 errare
1826 1300 1848 1342 ,·
1889 1299 2053 1351 neque
2083 1282 2407 1350 fornicarii,

195 1385 360 1437 neque
383 1366 555 1427 avari,
602 1382 768 1436 neque
793 1362 1074 1425 maledici,
1109 1382 1274 1434 neque
1293 1365 1491 1432 fiores,
1516 1383 1681 1435 neque
1716 1375 1972 1435 raptores,
2007 1382 2171 1435 neque
2197 1364 2406 1426 molles,

194 1468 360 1521 neque
385 1449 741 1500 masculorum
777 1440 1160 1509 concubitores,
1196 1459 1369 1517 neque
1384 1446 1641 1519 adulteri,
1676 1464 1841 1517 neque
1861 1445 2130 1497 similibus
2145 1447 2416 1517 passioni-

194 1534 288 1584 bus
327 1532 558 1594 inretiti,
604 1549 820 1602 regnam
855 1530 960 1582 Dei
992 1529 1355 1601 possidebant.
1397 1529 1554 1596 Quos*
1589 1541 1761 1580 tamen
1797 1528 2007 1580 ecclesia
2050 1528 2234 1580 tolerat
2278 1530 2416 1581 velut

193 1616 383 1668 zizania
419 1630 537 1667 cum
572 1615 746 1666 tritico
792 1611 1060 1684 usquead
1097 1612 1461 1665 ventilabrum.
1513 1612 1615 1662 Alii
1651 1629 1775 1663 vero
1811 1611 1866 1662 in
1902 1611 2071 1662 anima
2107 1623 2159 1662 et
2194 1630 2415 1682 corpore

192 1698 619 1751 excommunicati
641 1737 655 1760 ,
695 1697 993 1766 evangelica
1028 1695 1157 1747 falce
1193 1696 1259 1747 ab
1284 1696 1527 1748 ecclesiae
1559 1695 1799 1746 societate
1824 1694 2039 1758 succisi3
2081 1713 2198 1746 cum
2223 1695 2415 1765 quibus

193 1800 290 1834 nec
325 1798 475 1833 orare
511 1797 607 1831 nec
630 1780 778 1844 ‚vesci
813 1779 967 1841 licet,
1009 1796 1144 1850 quos
1177 1775 1331 1830 'etiam
1370 1796 1466 1829 nec
1501 1778 1722 1830 salutare
1759 1788 1985 1847 oportet.
2026 1777 2133 1842 Qui
2157 1777 2414 1848 siquando

193 1865 357 1916 sancti
392 1862 616 1934 Spiritus
653 1863 865 1914 iuvante
898 1862 1059 1932 gratia
1096 1860 1162 1913 ad
1198 1862 1439 1914 ecclesiae
1463 1862 1723 1914 voluerint
1746 1860 1916 1912 redire
1938 1861 2226 1924 unitatem,
2257 1860 2415 1932 quali·

191 1960 271 2000 ter
294 1947 361 1999 ab
398 1947 644 2017 episcopo
681 1947 841 2016 recipi
878 1944 1134 2006 debeant,
1175 1945 1460 2015 qualiterve
1496 1944 1868 2015 redintegrari,
1909 1945 1964 1996 in
2001 1963 2140 1996 novo
2176 1944 2311 1998 libro
2339 1947 2408 2015 2),

194 2032 235 2081 si
271 2031 375 2082 vita
410 2046 582 2081 comes
617 2030 806 2091 fuerit,
848 2029 1053 2098 plenius
1089 2027 1363 2080 enarrabo.

297 2114 382 2174 [ιο.
407 2112 563 2163 Nunc
586 2130 715 2163 vero
741 2110 805 2162 de
830 2111 911 2161 his
936 2109 1205 2180 quiiuxta
1225 2109 1515 2180 apostolum
1541 2109 1715 2162 traditi
1751 2121 1873 2161 sunt
1903 2121 2110 2162 satanae
2147 2111 2202 2162 in
2239 2112 2415 2163 interi·
2462 2127 2529 2157 cod·
2554 2128 2575 2157 s.
2603 2133 2642 2158 ns.
2664 2136 2695 2157 a.

191 2179 302 2247 tum
329 2195 527 2256 carnis,
569 2205 628 2244 ut
663 2194 876 2263 spiritus
913 2190 1083 2253 salvus
1107 2193 1171 2243 sit
1194 2194 1248 2244 in
1274 2192 1357 2245 die
1393 2193 1631 2255 Domini,
1668 2193 1893 2263 qualiter
1928 2193 1984 2244 in
2020 2211 2179 2244 caena
2206 2195 2416 2245 Domini

196 2276 485 2329 secundum
523 2275 925 2328 ecclesiasticum
944 2344 946 2346 Ι
963 2293 1160 2327 morem
1184 2275 1523 2346 abepiscopo
1549 2275 1776 2328 debeant
1800 2277 2120 2328 reconciliari
2136 2298 2151 2339 s,
2191 2276 2417 2329 breviter

191 2369 506 2412 enarramus,
538 2358 796 2411 Mediante
823 2359 950 2410 hora
975 2357 1077 2426 diei
1104 2358 1270 2428 prima
1292 2358 1568 2429 episcopus
1593 2358 1900 2422 concilium,
1940 2359 2315 2429 sollempnibus
2337 2378 2418 2418 ve.

194 2444 444 2495 stimentis
479 2442 721 2506 indutUS,
749 2461 868 2493 cum
892 2442 1211 2512 presbyteris
1235 2443 1525 2513 ceterisque
1549 2439 1616 2494 ad
1643 2443 1742 2494 hoc
1766 2441 2028 2511 dispositis
2045 2482 2058 2503 ‚
2089 2442 2312 2494 celebret
2342 2461 2418 2494 se·
2452 2437 2457 2440 ’

195 2527 433 2579 eundum
462 2544 722 2578 canonum
758 2526 1010 2577 instituta.
1041 2526 1257 2577 Peracto
1293 2537 1465 2577 autem
1502 2526 1753 2587 concilio,
1790 2525 1998 2577 sedente
2034 2525 2280 2596 episcopo
2318 2544 2415 2595 pro

194 2611 397 2661 foribus
421 2609 664 2661 ecclesiae
683 2649 696 2671 ,
725 2608 1114 2679 paenitentibus
1138 2609 1487 2671 eminentibus
1510 2625 1630 2660 cum
1661 2607 2027 2660 archidiacono
2057 2609 2252 2660 iussum
2283 2607 2418 2660 illius

192 2690 629 2763 praestolantibus
653 2690 790 2743 dicat
816 2691 1055 2761 pontifex
1080 2692 1447 2762 antiphonam:
1472 2692 1637 2742 venite
1645 2691 1783 2761 filii.
1817 2690 2151 2743 Etd'iaconus
2175 2709 2241 2741 ex
2271 2702 2418 2761 parte

194 2775 598 2846 paenitentium:
620 2774 907 2843 flectamus
935 2791 1127 2844 genua.
1166 2773 1318 2826 Tunc
1355 2767 1534 2826 omnes
1565 2785 1758 2825 stantes
1791 2790 1958 2843 genua
1989 2772 2208 2824 flectunt
2242 2773 2421 2843 paeni-

194 2870 376 2910 tentes.
413 2858 535 2924 Quo
566 2857 734 2919 fact0,
768 2856 906 2908 dicat
939 2856 1191 2908 diaconus
1223 2873 1288 2907 ex
1322 2867 1470 2926 parte
1501 2857 1792 2927 pontificis:
1824 2857 1998 2907 levate.
2035 2855 2277 2907 Similiter
2301 2874 2418 2926 aga-

192 2954 281 2992 tur
315 2939 576 3004 secund0,
612 2950 879 3011 repetente
912 2939 1160 3010 episcopo
1197 2940 1576 3010 antiphonam:
1614 2939 1776 2991 venite
1797 2939 1935 3008 filii.
1975 2939 2039 2990 Et
2067 2937 2320 2990 diaconus
2354 2957 2416 2990 ex

194 3035 343 3093 parte
380 3022 793 3093 paenitentium:
814 3023 1101 3095 flectamus
1136 3038 1340 3092 genua,
1390 3032 1449 3073 ut
1481 3033 1650 3074 antea.
1693 3023 1864 3079 Etsic
1897 3020 1964 3073 ad
2005 3019 2233 3072 medium
2268 3022 2416 3091 pavi-

193 3118 425 3158 mentum
455 3105 567 3157 solo
591 3117 743 3156 tenus
772 3104 1001 3156 veniant.
1035 3102 1263 3169 Quando
1292 3114 1464 3156 autem
1487 3105 1642 3156 tertio
1673 3103 1895 3156 domnus
1920 3104 2195 3175 episcopus
2217 3118 2417 3154 annun-

196 3189 400 3240 tiaverit
441 3188 780 3258 antiphonam
821 3187 1012 3248 venite,
1066 3195 1417 3257 prosequatur
1449 3184 1701 3238 diaconus
1724 3188 2010 3257 flectamus
2048 3204 2243 3256 genua.
2293 3183 2419 3237 Mox

171 3291 314 3322 xcum
348 3270 571 3332 diacono
606 3270 930 3340 paenitentes
963 3278 1208 3320 corruant
1246 3267 1312 3320 ad
1354 3268 1513 3339 pedes
1548 3269 1812 3340 episcopi,
1852 3270 2028 3340 sicque
2064 3257 2314 3339 prostrati
2345 3269 2417 3320 ia-

194 3365 370 3418 ceant,
401 3372 563 3424 usque
588 3352 714 3404 dum
734 3351 960 3404 domnus
984 3352 1261 3422 episcopus
1284 3352 1468 3404 innuat
1489 3351 1635 3403 alteri
1663 3351 1915 3404 diacono:
1941 3351 2115 3403 levate.
2136 3351 2418 3421 Prosequa-

193 3448 280 3486 tur
310 3436 509 3487 clerus:
540 3435 704 3486 venite
720 3434 865 3503 filii,
904 3444 955 3487 et
978 3432 1231 3504 psalmum
1256 3432 1558 3485 benedicam
1582 3434 1881 3485 Dominum
1907 3434 1966 3485 ιἰι
1991 3432 2142 3485 omni
2169 3444 2413 3503 tempore.

196 3519 321 3570 Item
362 3518 704 3587 antiphonam
741 3517 904 3567 venite
968 3517 1152 3568 Postea
1185 3514 1252 3568 ab
1288 3505 1659 3568 archidiacono
1698 3514 1901 3568 dicatur
1938 3516 2066 3568 haec
2102 3514 2417 3586 praefatiun-

195 3601 343 3652 cula:
384 3600 562 3651 adesto
585 3597 892 3650 venerahilis
908 3598 1191 3669 pontq'fex,
1230 3609 1282 3650 et
1312 3609 1501 3651 cetera.
1537 3597 1767 3669 Moxque
1802 3610 1979 3669 surgat
2014 3598 2314 3669 episcopus,
2342 3595 2417 3648 fa-

195 3683 406 3752 ciatque
441 3699 622 3734 omnes
663 3681 991 3751 paenitentes
1029 3691 1148 3733 ante
1187 3697 1242 3734 se
1276 3691 1633 3752 prosternere,
1677 3681 1937 3753 simulque
1978 3699 2096 3733 cum
2129 3678 2415 3731 astantibus

242 3805 247 3807 “
280 3815 311 3854 ¹)
337 3795 531 3859 Quomodo
563 3809 773 3860 baptismi?
798 3810 961 3858 Nempe,
984 3814 1028 3847 ut
1051 3808 1219 3854 videtur,
1247 3808 1350 3860 quasi
1376 3808 1417 3848 in
1439 3808 1602 3859 exemplo
1627 3819 1670 3847 ac
1695 3813 1781 3859 typo
1804 3807 1954 3849 lotionis
1979 3808 2126 3858 pedum.

277 3874 313 3913 2>
340 3868 682 3907 Animadvertamus
708 3868 926 3918 promissum
950 3869 1086 3907 novum
1112 3879 1133 3906 a
1159 3867 1341 3907 Bonizone
1364 3863 1524 3914 lihrum,
1551 3866 1618 3917 qui
1643 3873 1740 3907 certe
1763 3877 1839 3907 non
1865 3873 2026 3918 apparet.
