2996 4432
1186 292 1230 321 IN

240 383 384 437 catis,
417 387 460 425 et
481 395 507 425 a
536 380 808 426 causantibus
829 377 936 421 haec
966 377 1088 463 malis
1108 377 1340 433 potcstati-

240 452 343 495 bus.

309 524 402 576 Qui
411 524 637 579 opinantur
649 521 735 564 dici
750 520 854 563 haec
874 519 927 562 de
948 520 1164 562 communi
1182 524 1338 574 morte,

248 594 452 653 fallpntur
482 592 716 652 vel-potius
734 591 970 645 irreligiose
998 591 1200 633 sentiunt.
1234 592 1343 633 Nam

238 666 393 708 sancti
412 665 630 716 homines,
663 675 752 705 non
789 667 894 704 tunc
932 661 1231 705 tantummodo
1261 663 1343 705 Dei

235 740 345 778 sunt
365 747 588 787 memores,
603 745 700 776 cum
718 745 984 775 communem
1005 733 1116 776 hanc
1130 734 1262 776 vitam
1278 745 1342 776 re·

240 807 389 850 -tinent
399 837 412 858 ,
427 805 503 848 sed
514 805 768 847 multo-tunc
779 804 914 858 magis
926 817 1022 846 cum
1036 817 1062 847 a
1074 803 1344 859 corruptibili

245 878 333 921 hoc
358 888 540 932 corpore
569 879 835 931 separantur.
855 875 974 928 vQuid
997 888 1101 931 ergo
1128 876 1185 918 ait
1200 876 1222 918 ’.Ρ
1243 876 1343 932 quia

191 998 195 1003 ,
237 960 394 1002 nemo,
410 947 494 1003 qui
514 948 579 990 tui
598 947 838 990 meminerit
851 977 864 1000 ‚
883 947 931 990 in
944 952 1126 991 mortem
1145 948 1258 990 illam
1277 947 1343 990 in-

235 1017 374 1071 cidit,
398 1029 529 1073 quam
548 1017 660 1073 parit
680 1022 927 1073 peccatum3
952 1018 1057 1062 haec
1085 1020 1198 1062 enim
1226 1017 1343 1062 mors

242 1088 316 1131 illa
338 1093 403 1131 est
423 1101 532 1144 quae
558 1094 806 1145 peccantem
833 1090 1015 1133 animam
1036 1103 1062 1133 a
1081 1090 1250 1134 virtutis
1279 1090 1343 1133 vi-

241 1163 287 1202 ta
306 1162 517 1215 separat);
549 1173 629 1216 ego
658 1173 760 1203 vero
782 1161 911 1217 cupio
939 1174 1104 1205 memor
1134 1174 1222 1204 esse
1249 1161 1314 1204 tui
1327 1192 1340 1215 ,

242 1231 286 1273 in
314 1231 385 1274 id
374 1243 513 1287 ipsum
536 1244 716 1286 vergens
734 1232 1066 1276 benivolentiam
1085 1237 1235 1286 tuam,
1259 1233 1341 1276 sal-

242 1314 296 1345 va
326 1315 420 1357 me,
452 1315 507 1345 ne
534 1304 803 1358 praevalente
831 1304 1034 1348 adversus
1064 1318 1132 1348 me
1162 1304 1343 1348 infirmi-

243 1378 333 1416 tate
358 1387 454 1417 mea
474 1379 601 1430 atque
630 1376 761 1418 animi
782 1376 1135 1431 perturbatione,
1159 1377 1206 1419 in
1225 1388 1345 1419 mor-

240 1449 328 1488 tem
357 1445 606 1489 absorbear.
639 1448 736 1489 Non
758 1448 904 1503 itaque
934 1447 1095 1490 dictum
1126 1452 1216 1490 est:
1253 1460 1343 1491 non

229 1521 308 1559 ⁴est
324 1529 488 1560 memor
503 1519 568 1560 tui
585 1518 661 1573 qui
678 1520 861 1562 moritur
877 1533 890 1572 3
911 1519 987 1562 sed
1007 1521 1082 1575 qui
1098 1532 1265 1563 memor
1279 1524 1344 1562 est

241 1589 332 1643 tui,
355 1589 399 1631 in
420 1588 537 1631 illam
557 1594 740 1632 mortem
761 1602 852 1632 non
871 1590 1048 1645 incidit,
1070 1590 1124 1634 de
1149 1603 1236 1646 qua
1251 1592 1345 1634 Ser-

241 1663 365 1701 vator
380 1659 540 1702 aiebat:
559 1660 633 1715 qui
649 1672 892 1703 sermonem
900 1674 1046 1704 ‚meum
1061 1661 1205 1717 audit,
1224 1675 1343 1705 mor-

242 1734 329 1772 tem
351 1744 443 1794 non
460 1731 623 1774 videbit
646 1733 690 1774 in
711 1736 946 1776 aeternnm.

301 1801 493 1855 videsis,
520 1815 575 1844 an
603 1807 647 1845 et
676 1803 782 1846 alius
811 1816 957 1846 sensus
976 1817 1066 1847 esse
1083 1805 1223 1860 possit
1246 1818 1343 1848 ver·
1365 1834 1368 1840 «

199 1897 208 1910 ι
241 1871 424 1915 borum:
458 1874 691 1916 inveteravi
707 1875 819 1916 inter
847 1875 1041 1918 inimicos
1067 1888 1206 1918 meos.
1238 1877 1344 1919 Cum

240 1942 350 1996 iuste
365 1945 559 1987 vivebam
571 1977 583 1999 ,
600 1946 922 1989 iuvenescebam
931 1959 1104 2002 semper
1115 1950 1263 1990 vivens
1277 1961 1344 1991 se-

241 2015 431 2059 cundum
462 2017 697 2059 novitatem
725 2018 898 2072 spiritus
912 2022 960 2060 et
985 2029 1149 2060 novum
1170 2018 1338 2062 foedus.

239 2087 476 2142 Postquam
511 2099 613 2130 vero
647 2087 704 2130 ob
737 2088 969 2131 humanam
1006 2089 1255 2132 'socordiam
1271 2123 1284 2144 ‚
1318 2102 1344 2132 a

238 2157 382 2212 probo
409 2157 520 2200 vitae
547 2169 700 2212 genere
729 2158 896 2213 excidi,
925 2159 1157 2202 inveteravi
1187 2170 1342 2203 secun—

239 2228 344 2271 dum
374 2229 487 2272 illius
516 2229 705 2272 hominis
738 2233 994 2273 vetustatem
1028 2239 1158 2285 quam
1189 2243 1342 2274 exuere

241 2300 397 2343 Paulus
427 2301 627 2343 hortatur
663 2301 877 2356 (loquitur
909 2302 1069 2345 scilicet
1099 2301 1154 2344 de
1188 2303 1343 2345 vitiosa

242 2372 355 2424 vita)
386 2376 437 2414 ut
465 2371 692 2415 induamur
719 2384 836 2415 novo
864 2373 1063 2428 homine,
1086 2374 1162 2428 qui
1185 2371 1250 2416 est
1271 2385 1341 2416 se-

241 2443 430 2486 eundum
458 2444 598 2486 Deum
635 2449 803 2487 creatus
835 2445 880 2487 in
913 2446 1144 2488 sanctitate
1183 2450 1226 2488 et
1263 2458 1340 2488 ve-

235 2514 375 2556 ritatis
403 2515 640 2580 agnitionex
664 2517 740 2557 Est
770 2519 913 2558 autem
939 2515 1049 2558 ‘haec
1079 2517 1166 2558 vita
1193 2517 1342 2559 imma-

240 2585 398 2628 eulata.

298 2658 416 2699 Haec
451 2657 536 2700 dici
572 2658 785 2713 intelliges
819 2659 947 2701 etiam
983 2664 1135 2703 contra
1168 2657 1341 2703 insidias
1399 2698 1407 2714 ,

238 2727 303 2770 illi
330 2732 542 2771 struentes
571 2729 805 2771 invisibiles
834 2730 981 2773 hostes
1003 2735 1047 2773 et
1064 2731 1196 2773 malas
1213 2736 1340 2786 pote—

239 2802 368 2841 states
382 2829 395 2852 ,
427 2811 536 2855 quae
564 2800 699 2855 ipsius
727 2812 832 2855 erga
859 2802 999 2844 Deum
1028 2802 1244 2857 profectui
1273 2799 1342 2845 in-

240 2868 444 2911 videbant
458 2899 470 2922 ,
511 2873 556 2912 et
592 2874 694 2925 post
722 2875 938 2926 patratum
977 2877 1202 2927 peccatum
1237 2886 1340 2928 per·
1377 2903 1380 2906 Δ

240 2953 364 2982 verso
396 2953 494 2983 cnm
524 2942 679 2995 gaudio
711 2942 907 2985 aiebant:
929 2955 1017 2986 non
1033 2948 1102 2986 ‹est
1128 2944 1238 2987 salus
1259 2945 1343 2999 ipsi

238 3013 281 3054 in
312 3013 403 3054 Deo
434 3013 540 3056 eins.

296 3082 521 3125 Laudabili
565 3069 716 3126 mentis
764 3085 990 3148 proposito
1033 3097 1114 3140 pro
1161 3085 1340 3128 inimicis

240 3158 362 3196 orat:
401 3154 494 3197 vult
525 3155 637 3197 enim
674 3155 792 3209 ipsos
831 3155 991 3210 pudere
1022 3160 1194 3199 actuum
1234 3169 1339 3199 suo-

231 3237 360 3282 -rum,
393 3224 550 3280 quibus
579 3229 621 3267 et
642 3225 853 3268 iustorum
881 3231 923 3269 et
941 3227 1018 3269 Dei
1039 3227 1183 3270 hostes
1201 3232 1337 3270 erant.

239 3294 291 3337 Id
328 3300 472 3338 antem
503 3295 608 3350 ipsis
640 3295 745 3338 utile
774 3295 967 3340 futurum
987 3302 1104 3340 erat:
1139 3311 1233 3341 nam
1265 3299 1342 3354 qui

237 3378 288 3408 ex
323 3378 448 3409 sensu
485 3367 637 3409 intimo
672 3366 883 3422 pudorem
912 3369 1143 3411 contrahit
1158 3400 1170 3422 ,
1209 3374 1253 3412 et
1283 3368 1340 3412 ob

236 3441 450 3492 patratum
479 3450 504 3480 a
533 3450 577 3480 se
607 3437 744 3481 scelus
774 3439 1085 3494 perhorrescit,
1125 3441 1342 3496 ‚paeniten-

236 3511 297 3552 tia
333 3514 474 3554 tactus
505 3523 682 3566 peccare
710 3511 889 3554 ulterius
911 3511 1092 3554 desinet.
1125 3499 1339 3567 Explana-

235 3581 299 3623 tio
336 3580 444 3624 haec
470 3581 749 3624 confirmatur
779 3594 805 3624 a
832 3581 1118 3637 subsequente
1148 3594 1341 3626 comma-

234 3656 294 3694 te:
319 3657 625 3696 convertantur
642 3652 885 3696 eonturbati
908 3653 1053 3696 hostes
1078 3658 1310 3696 retrorsum
1326 3684 1339 3708 ‚

204 3752 209 3756 2
236 3722 354 3766 haud
391 3724 570 3767 ulterius
607 3724 770 3766 malitia
807 3725 885 3766 sna
919 3724 1142 3779 provecti,
1181 3723 1255 3766 sed
1288 3723 1342 3766 ad

236 3793 421 3851 probam
449 3795 566 3838 illam
597 3806 724 3850 quam
751 3793 1021 3838 deseruerant
1043 3795 1172 3837 vitam
1193 3807 1339 3838 rever-

236 3865 288 3908 si.
312 3865 440 3924 Quod
458 3867 620 3910 utinam
642 3867 806 3910 bonum
827 3867 956 3924 ipsis,
982 3866 1100 3910 haud
1118 3871 1219 3924 post
1245 3866 1340 3911 diu-

1265 267 1371 322 rsat.
1373 291 1470 322 nun
1506 291 1569 322 vc.

2429 284 2519 329 143

1414 374 1600 439 τημάτων
1625 373 1689 425 καὶ
1723 381 1798 426 τῶν
1823 379 2056 446 ἐνεργευσῶν
2081 377 2186 432 αὐτοὶ
2209 385 2379 448 πονηρῶν
2404 383 2521 432 δυνά-

1414 467 1534 509 μεων.

1486 519 1541 566 Οἱ
1573 515 1660 584 περὶ
1695 520 1762 567 τοῧ
1792 524 1917 567 κοινοῦ
1950 521 2138 572 θανάτου
2168 527 2419 580 ὑπονοοῦντες
2458 528 2519 573 εἱ·

1413 589 1564 652 ρῆσθαι
1598 585 1652 637 τὰ
1683 586 1950 680 προκείμενα,
1984 590 2130 658 σφάλλ
2118 613 2249 653 νται,
2287 598 2442 655 μᾶλλον
2476 594 2517 645 δὲ

1415 659 1642 718 ἀσεβοῦσιν·
1689 661 1723 706 οἳ
1761 657 1836 725 γὰρ
1880 660 1982 724 ἅγιοι
2020 661 2154 728 ἄνδρες
2191 666 2234 711 οὐ
2275 662 2364 714 τέτε
2407 663 2496 729 μένε
2500 688 2521 714 ν

1413 727 1569 792 μνήμην
1602 728 1738 792 ἔχουσι
1770 732 1938 790 θεεῧ,”
1917 752 1984 781 ore
2017 753 2090 784 την
2114 731 2239 785 κοινῆν
2266 733 2369 788 ζωην
2403 737 2471 800 ἔχε
2475 761 2520 785 υ-

1415 820 1514 859 σιν,
1553 798 1659 848 ἀλλα
1703 822 1757 849 ωε
1743 804 1845 849 λλῶ
1886 804 2096 864 μαλλσν“
2076 818 2144 852 στε
2182 801 2414 870 χωριζονται
2455 811 2525 857 τοῦ

1415 873 1588 936 φθαρτοῦ
1611 867 1810 936 σώματος·
1837 893 1875 921 τι
1903 876 1968 921 οὖν
1993 875 2132 940 φησίν;
2161 872 2246 923 ἐπει
2271 874 2397 932 ονὸεις
2421 899 2523 940 μεμ-

1414 938 1580 1004 νημὲνος
1617 963 1688 991 σου
1725 943 1763 990 ἐν
1800 939 1962 1006 θανατῳ
1990 965 2168 1009 γινεται,
2203 965 2247 992 ον
2282 944 2308 996 ἦ
2345 946 2525 1013 ἁμαρτῖα

1416 1009 1635 1062 ἀποτικτει·
1665 1034 1814 1098 fvt-013
1827 1010 1928 1060 δι’1
1908 1035 2020 1063 εστιν
2059 1015 2077 1063 ὅ
2115 1013 2293 1082 χωρέζων
2339 1015 2524 1103 ἐναρέτου

1415 1086 1516 1139 lgm-ag
1548 1105 1619 1135 την
1651 1076 1960 1150 ἆμαρτανονσαν
1984 1084 2134 1149 ψυχην·
2162 1089 2267 1136 πεθω
2297 1085 2338 1134 &a
2371 1108 2522 1151 μνομην

1417 1175 1489 1202 σου
1521 1154 1651 1217 ἔχειν,
1688 1176 1746 1209 εις
1779 1157 1882 1205 τοῦτ’
1906 1155 2002 1206 αντε)
2027 1155 2152 1223 ρέψας
2185 1176 2257 1208 την
2290 1157 2525 1222 ἀγαθότητά

1416 1247 1459 1274 σε
1463 1246 1518 1282 ν,
1554 1223 1681 1275 σὸσὲν
1712 1247 1795 1288 με,
1826 1228 1897 1274 ἵνα
1927 1249 1985 1290 μη
2028 1226 2257 1292 ἶσχνσάσης
2299 1230 2388 1278 κατ’
2431 1232 2525 1291 ἐμοῦ

1415 1298 1486 1350 τῆς
1518 1317 1735 1361 προσουσης
1772 1295 1992 1353 ἀσθενείας
2027 1298 2096 1347 καὶ
2135 1303 2320 1365 ταραχῆς
2342 1336 2356 1358 ,
2393 1322 2524 1349 κατα-

1415 1369 1523 1415 moe.»
1551 1389 1626 1418 νπο
1662 1370 1730 1416 τοῦ
1759 1365 1946 1417 θανάτου·
1972 1371 2016 1417 οὐ
2037 1369 2112 1438 γὰρ
2144 1368 2320 1438 εἴρηται,
2355 1372 2399 1417 οὐ
2419 1369 2525 1433 μέμ-

1416 1457 1531 1488 νηται
1577 1441 1677 1485 θεοῦ
1711 1440 1732 1486 ὅ
1772 1440 1810 1486 ἐν
1847 1436 2050 1503 θανάτῳ,
2091 1443 2178 1488 ἀλ’λ
2216 1443 2234 1489 ὃ
2278 1461 2522 1503 μνημονενων

1416 1509 1539 1556 αὐτοῦ
1574 1510 1640 1556 οὐκ
1673 1511 1780 1559 ἔστιν
1817 1511 1858 1557 ἐν
1895 1509 2066 1574 θανάτῳ
2087 1548 2100 1571 ,
2138 1532 2232 1577 ωερι
2270 1509 2316 1559 οὑ
2352 1533 2469 1577 φησιν
2503 1512 2522 1560 0‘

1416 1598 1564 1643 σωτηρ·
1602 1581 1623 1627 ὅ
1662 1600 1730 1628 τον
1764 1578 1883 1645 λόγον
1926 1603 2000 1642 μου
2043 1602 2189 1631 οτιευων
2213 1620 2225 1641 ,
2263 1581 2444 1631 θάνατον
2482 1585 2525 1630 εὖ

1414 1645 1560 1714 θεωρει
1593 1651 1650 1705 εἰς
1683 1671 1751 1701 τον
1785 1653 1927 1699 αἰῶνα.

1472 1793 1585 1855 ”Ορα
1618 1793 1650 1840 εἷ
1681 1789 1845 1842 δύναται
1871 1789 1914 1841 τὸ
1948 1787 2196 1845 ἑπαλαιῶθην
2231 1795 2271 1841 ἐν
2304 1797 2405 1845 πᾶσι
2439 1798 2520 1850 τοῖς

1417 1861 1586 1930 ἐχθραῖς
1617 1885 1713 1926 μου,
1747 1860 1816 1910 καὶ
1849 1858 1984 1928 ἑτέραν
2017 1860 2148 1914 νόησιν
2183 1863 2308 1927 ἔχειν·
2346 1867 2414 1914 ὅτε
2449 1864 2521 1915 σὺν

1415 1931 1634 1999 δικαιοσύνῃ
1665 1932 1789 1991 ἔζων,
1815 1930 1969 1988 ἐνέαζον
2002 1931 2063 1982 ἀεὶ
2094 1938 2170 1990 ζῶν
2193 1932 2301 1983 κατὰ
2332 1932 2406 1987 τῆν
2437 1958 2521 1984 και-

1414 2002 1563 2056 νᾶτητα
1594 2008 1664 2053 τοῦ
1695 2001 1912 2068 πνενματος
1941 2003 2008 2053 καὶ
2044 2003 2117 2057 τῆν
2144 2003 2290 2057 καινὴν
2315 2005 2519 2059 διαθήκην·

1419 2071 1550 2127 ἐπειδὴ
1583 2072 1625 2123 δὲ
1657 2078 1699 2132 ἐξ
1730 2072 1970 2141 ἀπρεσεξῖας
2006 2073 2204 2142 ἡμετέρας
2242 2074 2417 2139 μετὲςην
2451 2081 2519 2127 τοῧ

1417 2147 1638 2200 ἐσαινετῶς
1675 2150 1746 2212 ζῇν
1783 2143 1901 2212 παρὰ
1937 2149 2034 2201 τοῖς·
2059 2148 2227 2212 ἐχθρέἶς
2272 2146 2483 2213 γενάμενος
2505 2186 2519 2208 ,

1415 2214 1700 2280 πεπαλαίωμαι
1722 2255 1735 2277 ,
1773 2214 1881 2266 κατὰ
1917 2215 1988 2267 τὴν
2022 2221 2090 2266 τοῦ
2126 2215 2341 2283 οἱνθρῶωευ
2378 2215 2520 2267 ἐκείνου

1415 2285 1680 2339 σαλαιότητα
1701 2327 1713 2344 ,
1754 2285 1795 2336 ἓν
1833 2284 2083 2338 ἐνδύσασθαι
2116 2292 2282 2344 Παῦλος
2314 2293 2518 2354 παραινεῖ·

1415 2362 1563 2422 φαυλος
1594 2356 1638 2407 δὲ
1668 2357 1752 2419 βιος
1784 2380 1852 2407 ουτ
1857 2381 1895 2413 ος
1916 2397 1929 2414 .‚
1957 2361 2010 2406 ιν’
2045 2357 2304 2421 ἑνόνσωμεθα
2338 2380 2404 2409 τον
2438 2357 2520 2408 νέον

1413 2428 1631 2498 ἄνθρωπον
1652 2467 1666 2486 .,
1704 2450 1772 2479 τον
1809 2450 1916 2477 κατα
1952 2427 2049 2477 θεον
2082 2430 2304 2479 κτισθέντα
2338 2431 2377 2477 ἐν
2410 2428 2520 2480 omo'-

1415 2522 1502 2551 τητι
1533 2523 1598 2549 και
1632 2520 1769 2564 γνωσει
1792 2519 1867 2554 της
1898 2496 2108 2555 σῖληθειας·
2145 2497 2233 2549 οὑτο
2239 2524 2256 2556 ς
2291 2501 2373 2549 δέ
2359 2523 2467 2551 εστιν
2498 2500 2519 2550 ὅ

1414 2568 1479 2630 βιε
1482 2593 1500 2625 ς
1532 2571 1551 2619 ὃ
1583 2568 1843 2625 σἀηλᾶδωτες·

1485 2639 1658 2697 Νοησεις
1690 2638 1732 2689 δὲ
1756 2644 1889 2690 ταῦτα
1913 2637 2099 2704 λεγεσθαι
2124 2663 2192 2690 και
2218 2639 2311 2709 πρός
2334 2639 2422 2698 τοὺς
2447 2641 2519 2695 την
2585 2666 2597 2709 ζ

1415 2731 1607 2765 συσκευην
1650 2715 1770 2775 αὗτω
1798 2709 2166 2778 κατεργασαμένους
2214 2711 2401 2779 ἀοράτους
2446 2718 2521 2778 ἐχ-

1413 2779 1525 2849 θρους
1555 2804 1622 2831 και
1654 2784 1823 2848 πονηρᾶς
1856 2779 2041 2844 δυνάμεις
2063 2820 2077 2842 ,
2116 2804 2191 2838 τας
2228 2783 2521 2850 διαφθονουμέ-

1413 2875 1487 2908 νας
1520 2856 1568 2918 τῇ
1596 2874 1704 2902 κατα
1735 2850 1822 2901 θεον
1853 2854 1976 2901 αὐτοῦ
1999 2856 2194 2919 προκοπῇ,
2219 2876 2286 2902 και
2310 2852 2418 2916 μετὰ
2447 2876 2522 2906 την

1413 2921 1613 2989 ἁμαρτιαν
1651 2919 1986 2989 ἐπιχαρησικάκως
2030 2922 2225 2987 λεγονσας
2246 2962 2259 2982 ,
2299 2925 2364 2971 οὐκ
2410 2924 2522 2974 ἔστιν

1415 2998 1591 3058 σωτηρία
1623 2997 1732 3057 αὐτῷ
1763 2995 1803 3040 ἐν
1836 2996 1891 3056 τῷ
1919 2997 2005 3057 θεῷ
2033 2995 2171 3041 αὖτοῧ·

1482 3064 1649 3129 Ἀγαθῃ
1681 3060 1873 3130 προθέσει
1907 3062 2066 3126 εὔχεται
2095 3061 2199 3144 ὑπὲρ
2233 3085 2308 3112 των
2342 3066 2516 3131 ἑχθρων·

1413 3131 1530 3182 θελει
1562 3155 1639 3219 γαρ
1676 3132 1820 3188 αὐτοὺς
1853 3137 2132 3197 αἱσχυνθηναι
2171 3135 2228 3202 ἐφ’
2261 3131 2320 3190 εἷς
2358 3134 2521 3199 ἕτερατ-

1415 3225 1497 3264 τον,
1531 3206 1579 3253 δι’
1611 3227 1639 3251 α
1669 3227 1738 3252 και
1773 3202 1918 3269 ε’χθροι
1952 3226 2026 3253 των
2060 3202 2218 3253 ὂικαιων
2249 3227 2316 3254 και
2342 3210 2411 3257 τοῦ
2435 3210 2522 3254 Θε;“
2498 3229 2523 3254 υ

1412 3270 1538 3327 ἦσαν·
1576 3273 1692 3325 ἔσται
1731 3272 1774 3323 δὲ
1813 3276 1917 3325 τοῦτ’
1954 3277 2091 3330 αὐτοις
2129 3274 2349 3344 ἐσωφελὲς·
2388 3279 2408 3324 ὅ
2444 3298 2524 3343 γαρ

1413 3347 1459 3402 ἐξ
1492 3343 1727 3400 αἷσθησεως
1749 3344 2013 3409 αἰσχυνθεις
2035 3384 2048 3403 ,
2086 3369 2153 3394 και
2193 3345 2423 3412 ταραχθεις
2459 3346 2524 3397 ἐπι

1414 3420 1463 3480 τῇ
1495 3413 1753 3482 ἐνεργουμένη
1784 3415 1848 3466 νπ’
1873 3418 1997 3465 αὐτοῦ
2027 3438 2175 3478 κακιᾳ,
2195 3438 2420 3484 καταγνους
2452 3439 2526 3465 αν-

1417 3491 1489 3541 τῆς
1522 3507 1773 3537 πεπανσεται
1805 3489 1875 3536 τοῧ
1906 3488 2075 3554 ἐνεργεῖν
2108 3486 2183 3538 ἐ’τι·
2218 3490 2339 3544 οὕτως
2369 3490 2523 3549 βαβαι-

1414 3577 1529 3606 σνται
1558 3559 1585 3608 ἧ
1618 3556 1849 3622 ἔξηγησις’
1834 3578 1875 3605 εκ
1899 3560 1970 3606 τοῦ
1993 3555 2274 3644 ἐπιφερομένου
2288 3557 2431 3622 στῖχου
2462 3559 2525 3606 οὕ-

1415 3639 1493 3681 τως
1525 3626 1708 3690 ἔχοντος·
1747 3626 2081 3718 ἐπιςραφειησαν
2093 3626 2402 3715 ταραχθέντες
2393 3651 2426 3676 ει
2453 3628 2525 3690 ἐχ-

2562 530 2598 622 .==.>.<

2613 527 2630 621 ⁸3¹⁸..OE

1415 3694 1507 3764 Ξγκι
1543 3718 1599 3752 εις
1633 3719 1687 3747 τα
1721 3695 1881 3757 ὂπισω,
1920 3694 2060 3760 μηκέτι
2099 3720 2169 3755 της
2205 3721 2345 3754 κακιας
2383 3697 2527 3782 ἕμπρο-
2596 3766 2600 3770 η

1411 3774 1515 3817 σθεν
1558 3766 1792 3824 ἐλαυνοντες
1813 3807 1827 3826 ‚
1873 3770 1965 3817 ἀλλ’
2007 3767 2341 3834 ἀνακαμπτοντες
2389 3789 2440 3822 εις
2476 3788 2524 3819 ην

1414 3836 1668 3895 κατέλιπον’
1656 3837 1835 3907 ενάρετσν
1858 3837 2077 3892 πολιτεῖαν·
2103 3844 2217 3891 τοῦτο
2240 3836 2282 3888 δε
2306 3834 2404 3889 αὐτο
2431 3835 2527 3903 πρός

2627 614 2635 622 .

2654 597 2686 622 ξ
