2996 4432
204 489 272 517 cod.
295 490 314 519 s.
339 493 399 520 153.

103 2206 117 2218 ²·
137 2204 190 2233 Ed.
208 2204 360 2240 formari,

103 2277 118 2293 2
127 2277 180 2307 Ed.
191 2278 242 2307 vir
251 2278 383 2310 devotus.

202 2630 272 2662 cod.
284 2631 306 2661 s.
319 2635 379 2661 154.

452 242 542 289 108
1384 258 1513 289 CAnn.
1553 258 1790 291 nnusmzmr
1840 261 1842 264 ’

444 356 563 395 super
594 355 671 382 eos.
706 342 760 384 Et
789 342 965 384 iterum:
994 342 1175 395 paenitet
1212 355 1272 383 me
1311 345 1419 396 quod
1454 349 1718 387 constituerim
1747 346 1848 386 Saul
1884 359 2029 399 reqem.
2069 349 2133 391 De
2175 350 2420 393 sacerdotio
2454 364 2558 395 vero
2594 354 2717 409 quod

445 414 676 459 christiano
707 413 871 468 populo
904 414 1150 467 constituit,
1183 414 1366 468 iuravit,
1391 420 1434 458 et
1463 429 1551 458 non
1580 415 1813 473 paenitebit
1843 428 1965 471 eum,
1989 418 2036 461 id
2054 423 2117 462 est
2138 433 2226 463 non
2246 421 2426 464 mutabit
2444 424 2564 478 quod
2582 425 2711 468 insti-

445 486 542 527 tuit.
577 484 797 526 Paenitere
829 485 990 540 quippe
1021 486 1112 527 eius
1142 489 1233 541 est,
1267 489 1315 528 ut
1343 486 1402 529 ait
1430 487 1719 542 AugustinuS,
1754 488 2096 543 corruptibilium
2135 492 2425 536 conditionem.
2454 495 2502 538 in
2532 496 2714 539 alterum

445 559 706 598 commutare
736 558 786 609 l).
2114 578 2115 581 =

567 628 635 668 13.
670 626 747 668 His
778 627 923 682 itaque
953 628 1219 682 praemissis,
1252 628 1522 672 subiiciamus
1552 633 1797 672 sanctorum
1823 635 2007 685 patrum
2035 637 2079 675 et
2112 633 2445 679 christianorum
2464 638 2711 693 principum

442 698 793 751 constitutioneS,
825 697 944 752 quod
974 699 1129 741 saeculi
1160 699 1276 755 leges
1303 700 1592 755 praeiudicare
1621 713 1708 743 non
1735 702 1902 756 possint
1929 714 2142 746 canonum
2174 708 2440 761 auctoritati,
2477 720 2586 763 quae
2626 709 2709 752 ha-

438 769 566 812 betur
596 769 649 811 de
687 768 846 811 iudicio
881 769 1149 812 clericorum.
1186 772 1290 813 Nam
1317 771 1398 813 hac
1431 770 1485 813 de
1520 783 1644 813 causa
1677 771 1879 815 Callixtus
1908 777 1952 815 et
1982 774 2252 817 Marcellinus
2281 781 2323 819 et
2356 778 2630 832 Symmachus
2661 783 2708 821 et

439 839 675 883 Hadrianus
702 853 789 882 uno
816 852 891 882 ore
914 840 1168 884 decernunt:
1194 842 1398 884 nonlicet
1416 841 1663 896 imperatori
1681 872 1693 895 ,
1715 842 1784 884 vel
1806 843 2003 898 cuiquam
2022 844 2221 899 pietatem
2240 847 2493 890 custodienti
2506 881 2523 903 „
2543 849 2710 904 aliquid

437 913 547 954 circa
574 911 806 953 divinitatis
829 911 1027 954 mandata
1052 924 1347 967 praesumere3
1372 923 1450 954 nec
1474 913 1725 967 quicquam,
1756 912 1876 968 quod
1894 914 2146 968 evangelicis
2166 915 2710 973 propheticisque-regulis

438 981 618 1036 obviat,
654 994 790 1036 agere.
833 983 1041 1024 Iniustum
1077 983 1190 1025 enim
1222 982 1428 1025 iudicium
1459 987 1502 1025 et
1530 982 1720 1026 definitio
1750 985 1906 1027 iniusta
1937 973 2240 1041 cuiuscumque
2275 987 2465 1043 episcopi
2497 990 2568 1032 vel
2595 992 2709 1045 regis

435 1059 544 1097 nutu
573 1055 640 1096 vel
669 1055 785 1097 iussu
814 1066 838 1096 a
861 1053 1071 1097 iudicibus
1100 1054 1316 1108 ordinata,
1349 1067 1437 1097 non
1467 1055 1619 1097 valeat.
1647 1056 1734 1098 Nec
1763 1058 1993 1112 quicquam
2025 1062 2173 1101 contra
2200 1058 2477 1113 evangelicae⁹
2495 1061 2563 1102 vel
2596 1074 2705 1117 pro<

435 1128 630 1183 pheticae
656 1132 728 1169 aut
757 1127 1014 1182 apostolicae
1042 1127 1260 1171 doetrinae
1291 1127 1641 1169 constitutionem
1670 1128 1758 1170 sive
1787 1132 2032 1171 sanctorum
2067 1133 2236 1184 patrum
2268 1133 2408 1172 actum
2437 1129 2708 1184 fuerit,-sta.-

434 1197 515 1240 bit.
549 1197 630 1240 Sed
661 1202 703 1240 et
735 1197 853 1252 quod
890 1197 943 1239 ab
979 1196 1219 1239 infidelibus
1255 1201 1330 1240 aut
1361 1197 1580 1240 haereticis
1613 1202 1755 1241 actum
1781 1199 1913 1242 fuerit
1930 1229 1943 1253 ,
1980 1200 2154 1243 omnino
2189 1199 2435 1243 cessabitur.
2474 1201 2585 1243 Item
2613 1202 2702 1243 Ha-

435 1270 607 1312 drianus
623 1270 899 1324 Angilramno
923 1270 1124 1324 episcopo
1139 1270 1194 1323 2).
1224 1270 1581 1313 «constitutiones
1610 1275 1758 1313 contra
1777 1275 1923 1313 sancta
1944 1271 2111 1314 decreta
2131 1284 2405 1314 romanorum
2425 1272 2672 1315 Praesulum
2689 1305 2711 1327 ,‚

434 1342 590 1384 nullius
620 1342 704 1384 sint
733 1341 991 1383 momenti.»
1036 1341 1153 1384 Idem
1188 1341 1343 1384 eidem.
1378 1361 1395 1377 «
1418 1342 1611 1384 Generali
1641 1341 1813 1384 decreto
1844 1342 2168 1398 constituimus,
2205 1346 2249 1397 et
2280 1342 2559 1385 execrandum
2594 1355 2698 1385 ana-

433 1412 579 1454 thema
607 1411 680 1454 fiat
697 1443 710 1465 ,
742 1416 790 1454 ut
819 1412 939 1454 velut
968 1413 1280 1468 praevaricator
1310 1412 1545 1460 catholicae
1575 1412 1676 1455 fidei
1706 1426 1872 1469 semper
1901 1413 1956 1457 ad
1986 1415 2222 1457 Dominum
2250 1426 2356 1456 reus
2383 1414 2563 1466 existat,
2596 1414 2699 1470 qui-

438 1496 621 1539 cumque
659 1494 808 1538 regum
846 1483 915 1526 vel
952 1474 1194 1540 potentium
1233 1483 1434 1539 deinceps
1473 1496 1682 1526 canonum
1720 1497 1941 1527 censuram
1965 1485 2024 1527 'in
2056 1497 2330 1540 quocumque
2370 1483 2596 1539 crediderit
2634 1484 2706 1526 vel

431 1557 666 1611 permiserit
694 1556 951 1599 violandam.
977 1575 993 1592 ι»
1030 1556 1260 1612 Gregorius
1288 1555 1571 1599 Theoctistae.
1610 1575 1625 1592 τι
1651 1557 1692 1598 Si
1722 1557 1862 1611 enim,
1885 1557 2065 1611 inquit,
2109 1556 2334 1612 religionis
2364 1569 2491 1598 causa
2526 1555 2706 1598 dissolvi.

432 1628 632 1682 coniugia
664 1627 819 1670 debere
855 1628 1048 1670 dicantur
1064 1658 1077 1682 ,
1107 1627 1326 1671 sciendum
1349 1631 1443 1681 est,
1475 1630 1575 1682 quia
1599 1629 1676 1671 etsi
1702 1623 1770 1670 lex
1792 1628 1977 1670 humana
2005 1628 2091 1670 hoe
2111 1627 2348 1681 concessit,
2372 1627 2439 1669 lex
2467 1631 2606 1669 tamen
2633 1626 2701 1669 di·-

430 1701 528 1741 vina
555 1699 821 1753 prohibuit.»
856 1699 976 1742 Idem
999 1700 1228 1754 Gregorius
1249 1699 1444 1742 Ianuario
1469 1700 1685 1755 episcopo.
1717 1717 1733 1734 «
1749 1698 1963 1754 Imperiali
1991 1698 2294 1741 constitutione
2321 1701 2466 1753 aperte
2490 1697 2705 1739 sancitum.

429 1777 493 1815 est
509 1804 521 1825 ,
549 1775 597 1813 ut
628 1784 678 1814 ea
706 1783 815 1826 quae
838 1775 989 1813 contra
1010 1771 1124 1825 leges
1145 1770 1279 1825 fiunt,
1309 1783 1397 1813 non
1417 1771 1555 1814 solum
1577 1770 1741 1813 inutilia
1757 1802 1768 1823 ,
1794 1769 1869 1813 sed
1899 1771 2024 1813 etiam
2045 1782 2126 1826 pro
2156 1769 2322 1812 infectis
2342 1768 2539 1812 habenda
2566 1769 2694 1810 sint.»

429 1846 491 1886 Ex
522 1843 634 1886 libro
670 1842 844 1895 eodem,
877 1842 1181 1884 constitutione
1213 1842 1250 1885 Ι.
1290 1859 1307 1877 «
1328 1841 1609 1898 Imperatores
1636 1841 1953 1885 Valentinianus
1979 1846 2023 1885 et
2050 1842 2282 1884 Martianus
2311 1841 2477 1895 augusti
2504 1838 2704 1883 Palladio

428 1915 660 1970 praefecto.
683 1914 839 1957 Omnes
866 1926 964 1956 sane
988 1914 1267 1968 pragmaticas
1293 1913 1533 1956 sanctiones
1549 1943 1561 1966 ,
1594 1924 1703 1969 quae
1733 1916 1884 1955 contra
1913 1925 2096 1956 canones
2129 1912 2431 1955 ecclesiasticos
2458 1911 2703 1953 interventu

427 1987 585 2040 gratiae
606 1991 648 2028 et
669 1986 914 2028 ambitionis
940 1986 1101 2028 elicitae
1124 1990 1223 2028 sunt
1237 2017 1248 2039 ,
1279 1985 1437 2027 robore
1459 1997 1537 2027 suo
1568 1989 1611 2027 et
1633 1984 1831 2027 firmitate
1858 1988 2055 2026 vacuatas
2078 1995 2240 2026 cessare
2260 1983 2560 2039 praeci-pimus.
2585 1981 2703 2025 Data

429 2059 522 2100 ·1v·
556 2057 654 2100 idus
678 2057 938 2099 novembris.
978 2076 994 2092 «
1014 2058 1242 2099 Martianus
1261 2057 1494 2112 imperator
1515 2057 1559 2098 in
1594 2058 1681 2099 ·VI‘
1707 2057 1872 2099 actione
1897 2051 2245 2099 chalcedonensis
2264 2054 2457 2107 concilii,
2487 2054 2598 2096 inter
2617 2064 2689 2094 ce-

426 2133 517 2171 tera
544 2128 673 2171 dixit:
704 2127 914 2183 quaedam
944 2127 1129 2183 capitula
1151 2132 1248 2170 sunt
1269 2140 1369 2181 quae
1388 2128 1443 2168 ad
1469 2128 1653 2168 honorem
1673 2133 1825 2169 vestrae
1846 2130 2086 2171 reverentiae
2102 2127 2211 2167 vobis
2237 2128 2477 2168 servavimus
2499 2124 2538 2176 3)
2560 2122 2692 2165 deco-

427 2211 521 2242 rum
552 2213 641 2243 esse
660 2199 894 2242 iudicantes
910 2230 921 2252 ,
946 2212 969 2242 a
990 2199 1113 2242 vobis
1135 2199 1239 2241 haec
1266 2198 1511 2255 regulariter
1531 2199 1675 2253 potius
1694 2198 1862 2254 ‚firmari
1877 2198 1894 2216 '¹
1909 2211 1985 2254 per
2017 2197 2230 2255 synodum
2246 2230 2263 2252 ‚
2287 2208 2421 2252 quam
2438 2199 2584 2238 nostra
2602 2194 2704 2248 lege

427 2273 596 2316 sanciri.
630 2275 683 2315 Et
709 2273 883 2316 iubente
913 2273 1086 2326 eodem,
1122 2273 1424 2315 Beronicianus
1456 2271 1719 2314 venerandus
1735 2270 1753 2287 *
1769 2270 2018 2313 secretarius
2048 2269 2182 2312 divini
2211 2268 2483 2320 consistorii,
2511 2264 2700 2320 capitula

426 2344 619 2400 relegit.»
643 2346 904 2387 Pertractato
925 2344 1056 2398 igitur
1074 2344 1202 2386 tertio
1225 2343 1415 2399 capitulo
1437 2343 1739 2398 sexquipertita
1760 2342 1986 2403 partitione
1999 2373 2013 2396 ,
2035 2345 2155 2397 patet
2172 2353 2224 2384 ex
2240 2343 2307 2383 tot
2325 2337 2523 2394 praefatis
2543 2339 2692 2379 aucto.-

423 2416 642 2467 ritatibuS‚
672 2416 943 2458 christianum
966 2416 1176 2471 populum
1201 2416 1280 2457 Dei
1307 2427 1424 2458 sacer
1445 2413 1567 2456 dotes
1588 2418 1715 2468 atque
1738 2413 1953 2455 ministros
1975 2413 2091 2467 pasci
2111 2415 2239 2466 atque
2266 2410 2482 2453 honorare
2505 2405 2660 2449 dehere
2674 2436 2695 2458 ,⁴

422 2488 563 2542 eisque
585 2486 788 2540 obedire3
818 2500 906 2530 non
939 2487 1112 2529 eosdem
1139 2486 1207 2528 vel
1233 2486 1436 2529 infamare
1465 2486 1534 2528 vel
1564 2485 1758 2539 persequi
1789 2483 1857 2525 vel
1881 2481 2186 2538 praeiudicare.
2212 2481 2365 2529 ¹Restat
2393 2482 2592 2534 quar-tum
2620 2488 2696 2518 ca-

418 2557 599 2613 pitulum
630 2557 923 2611 tractandum,
956 2557 1075 2613 quod
1099 2556 1449 2612 quinquepartita
1476 2555 1704 2611 partitione
1734 2567 1951 2608 secamus;
1981 2553 2141 2597 scilicet
2163 2551 2283 2608 quod
2304 2548 2584 2594 saecularibus
2601 2559 2696 2591 nou

421 2628 548 2670 liceat
576 2629 621 2670 in
653 2628 873 2671 ecclesiam
899 2628 1074 2671 clericos
1111 2628 1383 2671 introducere
1400 2658 1412 2681 ,
1448 2639 1527 2669 nec
1552 2626 1757 2681 expellere
1773 2658 1786 2680 ,
1820 2638 1899 2668 nec
1933 2625 1992 2667 eis
2023 2625 2135 2667 circa
2170 2623 2383 2679 praelatos
2410 2633 2510 2664 suos
2539 2623 2690 2675 patro.-

421 2699 573 2753 cinari,
607 2712 746 2756 neque
775 2712 843 2743 res
869 2699 1167 2743 ecclesiasticas
1196 2712 1343 2755 regere
1370 2699 1438 2755 vel
1468 2700 1512 2741 in
1529 2711 1615 2747 ,sua
1637 2698 1731 2740 iura
1760 2696 2004 2740 transferre.

1170 2807 1449 2850 LIBER
1508 2803 1969 2860 QUARTUS·

1381 2926 1525 2958 PRIMA
1555 2926 1705 2957 SECTIO
1713 2946 1723 2956 .

544 3060 581 3099 l.
610 3015 679 3100 In
700 3058 812 3102 libro
841 3070 1117 3102 numerorum
1142 3058 1299 3113 legitur
1325 3058 1534 3101 Dominus
1566 3057 1717 3100 dixisse
1736 3057 1907 3100 Aaron:
1934 3057 2086 3109 fratres
2119 3051 2206 3097 tuos
2230 3057 2368 3098 levitas
2394 3067 2503 3095 sume
2532 3058 2699 3105 tecum,

411 3134 648 3183 praestoque
678 3135 758 3172 sint
787 3136 824 3173 et
848 3133 1071 3173 ministrent
1098 3131 1186 3172 tibi.
1217 3131 1270 3172 Et
1293 3129 1423 3185 paulo
1451 3134 1550 3185 post
1579 3129 1743 3172 eidem:
1777 3144 1873 3184 eqo,
1902 3131 1994 3182 ait,
2027 3131 2102 3171 tuli
2128 3129 2267 3170 levitas
2287 3129 2336 3169 de
2359 3127 2488 3169 medio
2509 3127 2685 3170 filiorum

416 3202 595 3253 Israhel,
628 3207 666 3242 et
697 3203 790 3242 dedi
819 3204 964 3244 donum
993 3204 1159 3243 Domino
1175 3233 1187 3254 ,
1219 3206 1265 3243 ut
1294 3205 1468 3242 serviant
1497 3204 1535 3242 ei
1567 3205 1609 3242 in
1637 3203 1854 3242 ministerio
1887 3201 2134 3242 tabernaculi
2153 3202 2256 3241 eius,
2278 3199 2329 3241 In
2357 3197 2517 3254 quibus>
2539 3195 2687 3239 verbis

418 3272 520 3314 satis
546 3273 709 3327 liquet,
743 3273 861 3327 quod
881 3286 968 3316 non
990 3272 1252 3328 quibuslibet
1283 3273 1594 3326 saecularibus,
1623 3273 1697 3315 sed
1722 3273 1824 3315 solis
1848 3271 2138 3316 sacerdotibus
2167 3284 2192 3314 a
2213 3270 2397 3313 Domino
2425 3270 2683 3323 imperatum

416 3348 511 3396 est,
546 3343 723 3386 clericos
754 3344 807 3387 ad
840 3345 1128 3388 famulandum
1162 3346 1201 3387 ei
1228 3346 1272 3387 in
1304 3345 1511 3401 templum
1541 3345 1673 3399 ipsius
1705 3343 1991 3387 introducere.
2024 3344 2175 3399 Itaque
2203 3354 2293 3384 non
2330 3340 2501 3383 videtur
2533 3350 2679 3382 neces-

415 3415 573 3458 sarium
601 3415 682 3457 hac
710 3416 756 3458 in
784 3428 909 3459 causa
937 3416 1094 3459 diutius
1125 3416 1345 3459 immorari
1363 3446 1375 3470 ,
1405 3420 1455 3459 ut
1486 3415 1533 3458 id
1562 3415 1682 3471 quod
1711 3416 1757 3457 in
1783 3420 1989 3471 promptu
2007 3427 2096 3459 esse
2123 3415 2285 3470 liquet,
2313 3412 2446 3467 longo
2471 3415 2515 3453 et
2540 3410 2685 3452 minus

414 3487 508 3528 utili
537 3491 717 3529 tractatu
735 3516 748 3540 ‚
783 3487 906 3541 quasi
937 3488 1152 3531 occultum
1186 3487 1292 3543 quid
1319 3488 1366 3530 in
1398 3487 1535 3530 lucem
1570 3486 1810 3542 producere
1849 3486 2085 3530 videamur.
2118 3486 2226 3529 Nam
2262 3497 2313 3527 cx
2341 3482 2571 3539 praedictis
2597 3481 2678 3523 Dei

414 3556 557 3600 verbis
585 3557 640 3600 ad
663 3559 831 3611 Aaron,
856 3562 899 3600 et
928 3571 979 3600 ex
1008 3559 1149 3613 primo
1182 3559 1308 3602 huius
1337 3558 1472 3602 libelli
1498 3558 1689 3614 capitulo
1709 3589 1721 3612 ,
1747 3559 1791 3601 in
1825 3570 1912 3614 quo
1937 3557 2080 3601 multis
2111 3556 2250 3600 modis
2283 3555 2549 3600 enucleatum
2581 3557 2643 3595 est
2660 3583 2684 3605 ,.

413 3628 552 3671 laicali
578 3628 782 3684 potestati
806 3628 1031 3684 episcopos
1051 3630 1235 3673 ecclesiis
1255 3628 1483 3686 praeficere
1505 3641 1594 3671 non
1612 3629 1740 3671 licere
1756 3659 1768 3683 ,
1791 3629 2048 3684 apertissime
2076 3627 2294 3682 colligitur
2308 3657 2321 3681 ,
2348 3625 2565 3669 inferioris
2579 3634 2680 3679 gra-

529 3750 558 3791 1)
580 3752 700 3784 Confer
721 3752 755 3784 in
778 3753 831 3784 Ps.
858 3756 928 3785 109.
954 3755 1025 3784 1:31.
1047 3752 1150 3784 Serm.
1174 3757 1226 3785 23.
1248 3754 1297 3785 De
1318 3752 1392 3785 Civ.
1415 3754 1457 3785 D.
1479 3754 1584 3786 XVII.
1608 3756 1637 3785 7.
1661 3754 1694 3786 et
1715 3752 1807 3786 alibi.

528 3805 560 3843 2)
582 3805 620 3836 In
641 3805 754 3838 codice
771 3805 914 3847 quodam
935 3805 1086 3838 vaticano
1107 3805 1251 3847 capitula
1270 3805 1328 3838 illa
1348 3805 1536 3838 scribuntur
1557 3804 1636 3847 (sed
1657 3806 1818 3848 absurde)
1840 3806 1911 3841 vice
1932 3813 2026 3840 versa
2047 3804 2088 3838 ab
2109 3803 2318 3847 angilramno
2344 3803 2387 3837 ad
2407 3802 2622 3838 Hadrianum.

527 3856 559 3898 ³)
580 3857 668 3892 Haec
688 3867 748 3893 nos
769 3858 870 3894 verba
892 3858 1117 3902 supplevimus
1136 3858 1362 3901 praetermissa
1383 3858 1418 3894 in
1435 3858 1558 3895 codice.
