2996 4432
323 1369 392 1398 cod.
412 1368 433 1398 t.
456 1373 497 1399 11.
515 1368 549 1400 h.

310 1771 319 1781 ’
337 1769 404 1798 cod.
421 1770 550 1799 rustico-

307 1813 386 1834 rum.

374 2702 389 2716 '⁸
408 2699 475 2728 cod.
495 2707 543 2729 ex.

582 260 613 303 ὅ
1549 269 1610 302 ΒΧ
1643 268 1775 303 ulmo
1806 269 1859 303 11.

592 351 912 417 didicerant3
940 360 992 404 et
1015 369 1128 403 non
1165 351 1476 406 erubescant
1499 370 1610 406 non
1634 353 1804 406 solum
1826 371 1858 406 a
1881 352 2082 407 clericis
2104 353 2198 407 sed
2227 354 2379 408 etiam
2404 373 2433 408 a
2457 357 2596 411 laicis
2628 359 2827 415 discere

590 453 654 488 ea
690 453 828 507 quae
864 433 931 487 ad
966 435 1313 489 ministerium
1338 437 1607 508 pertinent
1629 436 1974 492 sacerdotum.
2004 438 2090 492 Ad
2124 439 2464 493 ministerium
2498 442 2636 494 enim
2672 461 2832 512 sacer-

593 516 779 570 dotum
814 517 1046 588 pertinet
1081 536 1255 596 sacros
1289 519 1454 572 libros
1489 521 1769 592 utriusque
1804 522 2100 573 testamenti
2134 521 2334 593 legere,
2371 533 2423 575 et
2459 541 2685 578 canones
2719 545 2831 579 sane-

593 612 798 653 ctorum
834 611 1045 671 patrum
1080 619 1192 654 non
1230 603 1507 672 ignorare3
1547 622 1658 655 non
1692 605 1968 674 poetarum
2003 603 2194 658 fabulis
2229 604 2501 669 insudare,
2537 626 2635 660 nec
2668 607 2831 662 vdiale-

593 684 757 736 cticae
793 683 919 756 dare
954 703 1188 755 operam.
1226 686 1497 753 Quantum
1531 705 1658 738 vero
1693 687 1832 739 iusta
1868 687 2128 740 rusticitas
2163 688 2231 740 ab
2267 687 2471 741 erudita
2506 689 2715 743 differat
2749 692 2829 743 iu·-

593 767 731 819 stitia
753 808 766 832 ,
808 767 1032 820 Danihel
1069 768 1124 820 in
1160 768 1267 821 fine
1302 769 1670 821 sacratissimae
1705 768 1920 821 visionis
1956 769 2185 823 ostendit
2218 769 2397 823 dicens
2424 772 2595 825 >iustos
2631 772 2828 843 fulgere

594 862 656 903 ut
691 850 1105 928 firmamentum;
1135 863 1186 905 et
1211 853 1304 923 qui
1339 851 1408 905 ad
1442 851 1691 904 iustitiam
1714 850 1964 904 erudiunt
1999 851 2221 918 multos»,
2249 854 2400 924 quasi
2435 855 2605 907 stellas
2639 855 2699 907 in¹
2719 874 2831 927 per-

594 944 779 1004 petuas
813 935 1163 987 aeternitates,

710 1035 788 1069 10.
830 1018 957 1070 Non
982 1018 1341 1081 vinolentam,
1376 1035 1496 1069 non·
1515 1034 1891 1088 percussorem.
1932 1016 2233 1071 Virtutibus
2269 1018 2394 1071 vitia
2429 1017 2697 1090 opposuit.
2738 1020 2831 1071 Di-

595 1098 817 1152 dicimus
852 1102 1031 1173 quales
1067 1120 1176 1154 esse
1211 1101 1521 1164 debeamuS,
1570 1100 1825 1153 discamus
1869 1102 2053 1172 quales
2090 1120 2200 1154 esse
2245 1101 2485 1155 debeant.
2515 1102 2824 1157 sacerdotes.

598 1182 726 1235 Non
763 1184 1107 1236 vinolentum.
1147 1183 1448 1252 Vinolentia
1483 1201 1779 1235 scurrarum
1815 1194 1892 1236 est
1926 1195 1978 1236 et
2001 1195 2451 1249 comessatorum,
2478 1196 2662 1237 venter
2688 1187 2828 1239 enim

599 1285 745 1319 mero
781 1279 1052 1331 aestuans,
1093 1268 1198 1319 cito
1235 1265 1508 1337 despumat
1549 1267 1605 1318 in
1647 1284 1906 1319 venerem.
1957 1268 2018 1320 In
2061 1268 2186 1320 vino
2234 1267 2474 1332 luxuria,
2522 1268 2578 1320 in
2620 1268 2829 1336 luxuria

597 1349 838 1420 voluptas
857 1392 870 1414 ,
920 1350 977 1401 in
1024 1349 1290 1420 voluptate
1336 1347 1658 1420 impudicitia
1705 1361 1800 1401 est.
1845 1349 1953 1416 Qui
1995 1350 2296 1402 luxuriatur
2316 1390 2331 1414 ‚
2373 1350 2554 1402 vivens
2589 1361 2828 1403 mortuus

596 1444 690 1485 est.
732 1435 868 1504 Ergo
905 1433 998 1505 qui
1033 1432 1350 1496 inebriatur,
1390 1444 1628 1484 mortuus
1663 1443 1715 1486 et
1749 1434 1983 1504 sepultus
2020 1444 2112 1485 est.
2153 1435 2279 1487 Non
2307 1450 2683 1505 percussorem.
2713 1435 2831 1486 Per-

595 1534 861 1570 cussorem
896 1534 1022 1568 vero
1059 1517 1362 1587 episcopum
1399 1516 1484 1568 ille
1520 1515 2025 1588 condempnatsqui
2061 1515 2273 1568 dorsum
2299 1516 2478 1587 posuit
2500 1515 2568 1568 ad
2600 1516 2824 1586 flagella,

595 1610 647 1650 et
682 1598 984 1652 maledictus
1018 1618 1129 1651 non
1164 1598 1505 1652 remaledixit.
1545 1599 1655 1652 Sed
1689 1599 1998 1652 modestum.
2039 1598 2264 1652 Duobus
2299 1599 2445 1651 malis
2471 1618 2636 1651 unum
2660 1619 2829 1671 oppo-

597 1681 703 1734 suit
746 1682 975 1746 bonum,
1022 1693 1082 1733 ut
1124 1682 1429 1734 temulentia
1463 1693 1516 1734 et
1557 1683 1633 1734 ira
1677 1683 1973 1734 refrenetur
2019 1680 2287 1734 modestia.
2337 1684 2464 1735 Non
2513 1682 2822 1753 litigiosum.

597 1764 740 1816 Nihil
777 1777 852 1818 est
887 1765 1243 1837 impudentius
1278 1766 1575 1836 arrogantia
1610 1767 1980 1838 episcoporum
2004 1766 2058 1830 '‘,
2087 1766 2182 1836 qui
2217 1765 2570 1836 garrulitatem
2605 1768 2829 1819 auctori—

597 1859 754 1900 tatem
790 1860 1009 1920 putant,
1038 1859 1091 1900 et
1125 1849 1293 1919 parati
1329 1867 1535 1919 semper
1570 1848 1637 1900 ad
1672 1849 1789 1901 lites
1825 1849 1882 1901 in
1911 1848 2203 1900 subiectum
2239 1847 2340 1899 sibi
2375 1866 2581 1918 gregem
2616 1848 2828 1901 tumidis

595 1931 925 1999 sermonibus
959 1942 1163 1983 tonant.
1203 1934 1328 1984 Non
1360 1950 1594 1985 avaram.
1625 1933 1910 1985 Avaritiam
1934 1933 1989 1984 in
2015 1930 2376 1984 sacerdotibus
2400 1950 2510 1984 esse
2535 1931 2823 1997 vitandam,

597 2025 649 2065 et
673 2012 915 2066 Samuhel
941 2013 1118 2076 docet,
1148 2013 1277 2065 nihil
1309 2033 1483 2066 coram
1519 2015 1739 2086 populo·
1760 2015 2010 2086 eripuisse
2046 2014 2292 2084 cuiquam
2314 2013 2583 2084 probans3
2622 2025 2676 2066 et
2710 2034 2829 2086 apo-

596 2097 847 2150 stolorum
883 2110 1194 2169 pauperum,
1241 2099 1335 2168 qui
1377 2098 1639 2169 refrigeria
1681 2109 1985 2169 sumptuum
2022 2116 2052 2148 a
2088 2097 2337 2149 fratribus
2378 2096 2731 2167 accipiebant,
2776 2110 2831 2150 et,

595 2193 801 2250 praeter
838 2182 1033 2233 victum
1070 2193 1130 2233 et·
1156 2182 1395 2233 vestitum
1421 2181 1552 2233 nihil
1577 2199 1631 2233 se
1654 2180 1799 2233 aliud
1823 2199 1922 2233 nec
1947 2181 2142 2233 habere
2166 2198 2264 2232 nee
2287 2179 2419 2231 velle
2444 2179 2822 2249 gloriabantur.

593 2267 831 2318 Domum
866 2283 1022 2316 suam
1060 2264 1184 2316 bene
1220 2276 1492 2336 regentem.
1533 2264 1656 2315 Non
1693 2275 1751 2315 ut
1786 2282 1914 2335 opes
1950 2274 2166 2332 augeat,
2216 2281 2326 2314 non
2356 2273 2422 2314 fflut
2461 2263 2631 2332 regias
2676 2274 2826 2334 paret

594 2349 802 2419 epulaS‚
842 2367 952 2399 non
990 2359 1048 2399 ut
1084 2347 1300 2399 caelatas
1336 2357 1768 2418 patei-asstruat3
1809 2365 1919 2398 non
1955 2357 2016 2397 ut
2041 2363 2241 2416 gemma
2264 2343 2442 2409 bibat,
2476 2344 2651 2399 sedut
2677 2345 2826 2416 quod

594 2430 806 2501 populis
829 2441 1208 2500 praecepturus
1232 2441 1307 2482 est
1325 2470 1337 2492 ,
1369 2430 1627 2500 primus-a
1653 2429 1948 2481 domesticis
1978 2430 2167 2499 exigat.
2207 2427 2379 2480 Filios
2413 2427 2827 2480 habentemsub·

596 2514 733 2565 ditos
768 2532 889 2565 cam
926 2512 1077 2564 omni
1110 2513 1369 2564 castitate.
1398 2512 1477 2564 Ne
1500 2512 1733 2564 imitetur
1756 2511 1890 2564 filios
1915 2511 2064 2576 Heli,
2093 2510 2186 2581 qui
2211 2510 2545 2562 dormiebant
2567 2528 2687 2562 cum
2712 2530 2826 2563 mu-

596 2596 807 2648 lieribus
826 2596 881 2647 in
903 2595 1159 2647 vestibulo
1182 2596 1363 2666 templi
1385 2594 1789 2648 excubantibuS.
1812 2595 1939 2647 Non
1966 2593 2314 2665 neophytam,
2350 2612 2415 2645 ne
2442 2594 2500 2645 in
2522 2593 2825 2664 superbiam

593 2681 767 2731 elatas
785 2720 799 2742 ,
842 2680 899 2730 in
940 2672 1443 2731 iudiciam'incidat
1477 2678 1699 2730 diaboli.
1740 2676 1994 2729 Iudicium
2020 2694 2145 2728 vero
2170 2687 2223 2727 et
2246 2676 2268 2700 ⁴‘
2293 2676 2449 2728 ruina
2474 2674 2670 2728 diaboli
2694 2676 2824 2728 nulli

592 2762 813 2814 dubium
850 2773 926 2814 est
961 2762 1093 2833 quin
1129 2762 1423 2832 arrogantia
1459 2761 1541 2813 sit.
1582 2759 1831 2813 Incidunt
1866 2760 1923 2811 in
1958 2777 2072 2811 eam
2107 2759 2200 2831 qui
2236 2759 2291 2810 in
2327 2770 2527 2830 puncto
2563 2777 2663 2811 nec
2699 2758 2825 2811 dum

526 2911 529 2916 ἱ
591 2844 861 2915 discipuli,
902 2845 1162 2916 incipiunt
1197 2863 1306 2897 esse
1342 2844 1587 2915 magistri.
1633 2844 1853 2915 Oportet
1876 2854 2055 2895 autem
2088 2861 2213 2895 eam
2249 2842 2690 2893 &testimonium
2727 2842 2826 2893 Ιια-

592 2929 701 2980 bere
726 2929 923 2980 bonum
953 2928 1020 2979 ab
1056 2928 1141 2980 lais
1169 2929 1265 2999 qui
1285 2929 1431 2998 foris
1459 2939 1606 2980 sunt.
1639 2925 1810 2992 Quale
1834 2926 2184 2997 principium,
2218 2925 2334 2978 talis
2360 2936 2411 2977 et
2434 2924 2681 2977 clausula.
2717 2924 2824 2990 Qui

590 3010 1030 3081 inreprehensibis
1056 3023 1132 3063 est
1148 3051 1162 3074 ,
1197 3030 1306 3063 non
1336 3011 1504 3063 solum
1534 3030 1564 3062 a
1595 3009 1886 3062 domesticis
1911 3028 2094 3062 verum
2122 3009 2276 3060 etiam
2296 3008 2362 3061 ab
2380 3008 2564 3070 alienis
2589 3026 2824 3061 consono

591 3112 682 3145 ore
718 3092 977 3145 laudatur.
1019 3094 1191 3146 Alieni
1227 3104 1280 3146 et
1312 3104 1460 3147 extra
1495 3093 1794 3156 ecclesiam,
1835 3103 1960 3145 sunt
1995 3091 2192 3145 Iudaei.
2742 3108 2746 3113 ’

705 3194 782 3227 11.
812 3176 1099 3246 Talis'ergo
1124 3177 1190 3231 sit
1213 3177 1454 3248 pontifex
1479 3176 1700 3239 Christi,
1729 3187 1791 3228 ut
1815 3176 1910 3247 qui
1935 3174 2173 3245 religioni
2197 3173 2484 3226 detrahunt
2502 3214 2515 3238 ,
2536 3173 2678 3225 >vitae
2708 3173 2822 3225 eius

595 3257 867 3310 detrahere
902 3278 1013 3310 non
1050 3259 1291 3312 audeant.
1322 3261 1387 3312 Et
1422 3258 1616 3311 idcirco
1652 3259 1797 3311 omni
1832 3257 2098 3329 diligentia
2130 3268 2344 3328 oportet
2378 3268 2440 3308 ut
2475 3274 2528 3308 se
2564 3255 2822 3316 custodiat

594 3340 836 3410 pontifex
871 3341 1092 3407 Christi,
1122 3353 1182 3394 ut
1216 3343 1379 3395 verbo
1415 3354 1468 3395 et
1502 3342 1741 3413 exemplo
1778 3339 2043 3405 aedificet,
2072 3351 2126 3392 et
2160 3358 2273 3391 non
2308 3339 2618 3391 scandalizet
2652 3337 2823 3390 subdi·

592 3433 692 3474 tos.
733 3420 866 3472 Nam
901 3421 971 3473 ob
1008 3422 1063 3475 id
1107 3424 1468 3495 pectusculum
1514 3418 1705 3496 accipit
1746 3423 1857 3495 lege
1895 3423 2151 3485 mosaica,
2191 3433 2243 3474 et
2277 3440 2480 3473 armum
2524 3432 2819 3493 separatum

591 3504 645 3554 in
682 3502 922 3574 prandio.
963 3505 1024 3556 In
1058 3518 1271 3576 pectore
1306 3506 1528 3559 mundas
1563 3507 1903 3578 cogitationes
1922 3545 1936 3569 ,
1965 3516 2016 3557 et
2051 3504 2290 3557 notitiam
2325 3505 2562 3575 accipere
2594 3503 2820 3574 seriptu-

590 3605 799 3637 rarum:
828 3586 885 3637 in
917 3587 1136 3640 brachio
1171 3589 1312 3642 bona
1347 3608 1507 3661 opera
1526 3627 1541 3652 ,
1580 3588 1900 3661 pontificalia
1935 3587 2129 3641 scilicet
2162 3597 2216 3641 et
2250 3586 2564 3657 singularia,
2592 3596 2645 3638 et
2680 3602 2820 3637 exer-

590 3681 697 3720 tam
732 3687 943 3720 man-um
979 3682 1160 3725 contra
1194 3691 1427 3743 pugnam
1462 3671 1687 3725 diaboli:
1726 3682 1785 3725 ut
1807 3672 1911 3725 hoc
1929 3710 1944 3734 ‚
1972 3668 2199 3742 quodvin
2222 3680 2274 3721 te
2298 3668 2629 3740 conceperi5‚
2658 3684 2817 3738 opere

569 3752 784 3823 probes
819 3763 870 3804 et
905 3752 1290 3823 praedicatione
1324 3755 1590 3808 clarifices.
1619 3754 1776 3808 Unde
1811 3753 2066 3808 rationale
2099 3752 2289 3816 iudicii
2318 3751 2466 3823 quod
2500 3750 2700 3822 pectori
2735 3750 2818 3811 in·
2888 3772 2889 3775 ¹
2957 3771 2961 3775 ’

591 3835 806 3898 seritur,
847 3834 1134 3889 sacerdotis
1167 3838 1356 3892 veritas
1390 3849 1442 3892 et
1477 3836 1717 3892 doctrina
1752 3848 1804 3891 et
1826 3836 2174 3899 manifestatio
2208 3834 2548 3899 inscribitur,
2588 3843 2647 3886 ut
2681 3848 2817 3905 quae
