<?xml version="1.0" encoding="UTF-8"?>
<!DOCTYPE html PUBLIC "-//W3C//DTD XHTML 1.0 Transitional//EN"
    "http://www.w3.org/TR/xhtml1/DTD/xhtml1-transitional.dtd">
<html xmlns="http://www.w3.org/1999/xhtml" xml:lang="en" lang="en">
 <head>
  <title>
</title>
<meta http-equiv="Content-Type" content="text/html;charset=utf-8" />
  <meta name='ocr-system' content='tesseract 3.04.00' />
  <meta name='ocr-capabilities' content='ocr_page ocr_carea ocr_par ocr_line ocrx_word'/>
</head>
<body>
  <div class='ocr_page' id='page_1' title='image "./novaepatrumbibli07maiauoft/novaepatrumbibli07maiauoft_0781.png"; bbox 0 0 2996 4432; ppageno 0'>
   <div class='ocr_carea' id='block_1_1' title="bbox 0 0 51 4427">
    <p class='ocr_par' dir='ltr' id='par_1_1' title="bbox 0 0 51 4427">
     <span class='ocr_line' id='line_1_1' title="bbox 0 0 51 4427; baseline 0 0"><span class='ocrx_word' id='word_1_1' title='bbox 0 0 51 4427; x_wconf 95' lang='lat' dir='ltr'><strong> </strong></span> 
     </span>
    </p>
   </div>
   <div class='ocr_carea' id='block_1_2' title="bbox 1284 220 2547 267">
    <p class='ocr_par' dir='ltr' id='par_1_2' title="bbox 1284 220 2547 267">
     <span class='ocr_line' id='line_1_2' title="bbox 1284 220 2547 267; baseline 0.002 -3"><span class='ocrx_word' id='word_1_2' title='bbox 1284 232 1528 265; x_wconf 69' lang='lat' dir='ltr'><strong>Boxizoms.</strong></span> <span class='ocrx_word' id='word_1_3' title='bbox 1668 220 1674 223; x_wconf 63' lang='lat'><strong><em>‘</em></strong></span> <span class='ocrx_word' id='word_1_4' title='bbox 2484 222 2547 267; x_wconf 80' lang='lat'><strong>29</strong></span> 
     </span>
    </p>
   </div>
   <div class='ocr_carea' id='block_1_3' title="bbox 279 314 2546 1466">
    <p class='ocr_par' dir='ltr' id='par_1_3' title="bbox 279 314 2546 1466">
     <span class='ocr_line' id='line_1_3' title="bbox 286 314 2546 388; baseline 0.001 -21"><span class='ocrx_word' id='word_1_5' title='bbox 286 339 314 367; x_wconf 65' lang='lat' dir='ltr'><strong>n</strong></span> <span class='ocrx_word' id='word_1_6' title='bbox 354 315 559 370; x_wconf 85' lang='lat' dir='ltr'><strong>deserta</strong></span> <span class='ocrx_word' id='word_1_7' title='bbox 594 328 675 370; x_wconf 90' lang='lat' dir='ltr'><strong>est</strong></span> <span class='ocrx_word' id='word_1_8' title='bbox 708 332 847 388; x_wconf 87' lang='lat' dir='ltr'><strong>quae</strong></span> <span class='ocrx_word' id='word_1_9' title='bbox 884 325 995 368; x_wconf 91' lang='lat' dir='ltr'><strong>erat</strong></span> <span class='ocrx_word' id='word_1_10' title='bbox 1034 314 1108 367; x_wconf 90' lang='lat' dir='ltr'><strong>ibi</strong></span> <span class='ocrx_word' id='word_1_11' title='bbox 1146 315 1363 368; x_wconf 89' lang='lat' dir='ltr'><strong>ecclesia</strong></span> <span class='ocrx_word' id='word_1_12' title='bbox 1397 314 1691 376; x_wconf 84' lang='lat' dir='ltr'><strong>necessario</strong></span> <span class='ocrx_word' id='word_1_13' title='bbox 1729 315 2050 381; x_wconf 89' lang='lat' dir='ltr'><strong>ministerio,</strong></span> <span class='ocrx_word' id='word_1_14' title='bbox 2093 328 2144 368; x_wconf 87' lang='lat' dir='ltr'><strong>et</strong></span> <span class='ocrx_word' id='word_1_15' title='bbox 2181 335 2292 369; x_wconf 90' lang='lat' dir='ltr'><strong>non</strong></span> <span class='ocrx_word' id='word_1_16' title='bbox 2327 317 2394 370; x_wconf 86' lang='lat' dir='ltr'><strong>ab</strong></span> <span class='ocrx_word' id='word_1_17' title='bbox 2433 318 2546 370; x_wconf 83' lang='lat' dir='ltr'><strong>aliis</strong></span> 
     </span>
     <span class='ocr_line' id='line_1_4' title="bbox 289 398 2545 472; baseline 0.001 -21"><span class='ocrx_word' id='word_1_18' title='bbox 289 423 315 451; x_wconf 84' lang='lat'>»</span> <span class='ocrx_word' id='word_1_19' title='bbox 356 402 604 453; x_wconf 70' lang='lat' dir='ltr'><strong>fratribus</strong></span> <span class='ocrx_word' id='word_1_20' title='bbox 646 399 842 452; x_wconf 87' lang='lat' dir='ltr'><strong>ibidem</strong></span> <span class='ocrx_word' id='word_1_21' title='bbox 883 399 1181 452; x_wconf 91' lang='lat' dir='ltr'><strong>constitutis</strong></span> <span class='ocrx_word' id='word_1_22' title='bbox 1221 398 1370 470; x_wconf 93' lang='lat' dir='ltr'><strong>quod</strong></span> <span class='ocrx_word' id='word_1_23' title='bbox 1406 398 1687 470; x_wconf 84' lang='lat' dir='ltr'>oportebat</span> <span class='ocrx_word' id='word_1_24' title='bbox 1728 399 2001 468; x_wconf 89' lang='lat' dir='ltr'><strong>impletum</strong></span> <span class='ocrx_word' id='word_1_25' title='bbox 2047 401 2169 452; x_wconf 79' lang='lat' dir='ltr'><strong>est?</strong></span> <span class='ocrx_word' id='word_1_26' title='bbox 2210 401 2298 452; x_wconf 89' lang='lat' dir='ltr'><strong>Eis</strong></span> <span class='ocrx_word' id='word_1_27' title='bbox 2342 402 2545 472; x_wconf 88' lang='lat' dir='ltr'><strong>quippe</strong></span> 
     </span>
     <span class='ocr_line' id='line_1_5' title="bbox 286 481 2544 555; baseline 0.002 -24"><span class='ocrx_word' id='word_1_28' title='bbox 286 507 313 532; x_wconf 75' lang='lat'><strong>2›</strong></span> <span class='ocrx_word' id='word_1_29' title='bbox 354 484 654 536; x_wconf 90' lang='lat' dir='ltr'><strong>volentibus</strong></span> <span class='ocrx_word' id='word_1_30' title='bbox 690 484 795 535; x_wconf 87' lang='lat' dir='ltr'><strong>hoc</strong></span> <span class='ocrx_word' id='word_1_31' title='bbox 831 482 1101 553; x_wconf 90' lang='lat' dir='ltr'><strong>apostolus</strong></span> <span class='ocrx_word' id='word_1_32' title='bbox 1138 481 1360 544; x_wconf 83' lang='lat' dir='ltr'><strong>fecerat,</strong></span> <span class='ocrx_word' id='word_1_33' title='bbox 1401 493 1460 533; x_wconf 92' lang='lat' dir='ltr'><strong>ut</strong></span> <span class='ocrx_word' id='word_1_34' title='bbox 1495 499 1549 534; x_wconf 90' lang='lat' dir='ltr'><strong>se</strong></span> <span class='ocrx_word' id='word_1_35' title='bbox 1586 482 1759 551; x_wconf 91' lang='lat' dir='ltr'><strong>ipsum</strong></span> <span class='ocrx_word' id='word_1_36' title='bbox 1796 495 2024 534; x_wconf 86' lang='lat' dir='ltr'><strong>servaret</strong></span> <span class='ocrx_word' id='word_1_37' title='bbox 2061 484 2336 546; x_wconf 89' lang='lat' dir='ltr'><strong>ecclesiae,</strong></span> <span class='ocrx_word' id='word_1_38' title='bbox 2384 502 2544 555; x_wconf 85' lang='lat' dir='ltr'><strong>quem</strong></span> 
     </span>
     <span class='ocr_line' id='line_1_6' title="bbox 279 564 2543 638; baseline 0.001 -23"><span class='ocrx_word' id='word_1_39' title='bbox 279 588 315 638; x_wconf 57' lang='grc' dir='ltr'><strong>7ι)</strong></span> <span class='ocrx_word' id='word_1_40' title='bbox 354 567 573 637; x_wconf 78' lang='lat' dir='ltr'>proprie</span> <span class='ocrx_word' id='word_1_41' title='bbox 603 576 909 637; x_wconf 86' lang='lat' dir='ltr'><strong>persecutor</strong></span> <span class='ocrx_word' id='word_1_42' title='bbox 945 564 1032 616; x_wconf 92' lang='lat' dir='ltr'><strong>ille</strong></span> <span class='ocrx_word' id='word_1_43' title='bbox 1069 564 1372 635; x_wconf 88' lang='lat' dir='ltr'><strong>quaerebat.</strong></span> <span class='ocrx_word' id='word_1_44' title='bbox 1414 564 1685 638; x_wconf 79' lang='lat' dir='ltr'>Faciamus</span> <span class='ocrx_word' id='word_1_45' title='bbox 1722 581 1847 634; x_wconf 87' lang='lat' dir='ltr'><strong>ergo</strong></span> <span class='ocrx_word' id='word_1_46' title='bbox 1883 565 2019 615; x_wconf 87' lang='lat' dir='ltr'><strong>servi</strong></span> <span class='ocrx_word' id='word_1_47' title='bbox 2056 566 2279 628; x_wconf 88' lang='lat' dir='ltr'>Christi,</span> <span class='ocrx_word' id='word_1_48' title='bbox 2321 567 2543 619; x_wconf 83' lang='lat' dir='ltr'><strong>ministri</strong></span> 
     </span>
     <span class='ocr_line' id='line_1_7' title="bbox 285 646 2544 719; baseline 0.001 -21"><span class='ocrx_word' id='word_1_49' title='bbox 285 670 312 699; x_wconf 79' lang='lat'>»</span> <span class='ocrx_word' id='word_1_50' title='bbox 354 650 502 702; x_wconf 89' lang='lat' dir='ltr'><strong>verbi</strong></span> <span class='ocrx_word' id='word_1_51' title='bbox 537 661 591 701; x_wconf 92' lang='lat' dir='ltr'><strong>et</strong></span> <span class='ocrx_word' id='word_1_52' title='bbox 625 648 936 701; x_wconf 84' lang='lat' dir='ltr'><strong>sacramenti</strong></span> <span class='ocrx_word' id='word_1_53' title='bbox 973 648 1113 711; x_wconf 81' lang='lat' dir='ltr'><strong>eiuS,</strong></span> <span class='ocrx_word' id='word_1_54' title='bbox 1154 646 1302 718; x_wconf 92' lang='lat' dir='ltr'><strong>quod</strong></span> <span class='ocrx_word' id='word_1_55' title='bbox 1338 648 1594 719; x_wconf 82' lang='lat' dir='ltr'><strong>praecipit</strong></span> <span class='ocrx_word' id='word_1_56' title='bbox 1619 646 1726 698; x_wconf 87' lang='lat' dir='ltr'><strong>sive</strong></span> <span class='ocrx_word' id='word_1_57' title='bbox 1763 647 2016 716; x_wconf 86' lang='lat' dir='ltr'><strong>permisit.</strong></span> <span class='ocrx_word' id='word_1_58' title='bbox 2057 647 2282 718; x_wconf 86' lang='lat' dir='ltr'><strong>Fugiant</strong></span> <span class='ocrx_word' id='word_1_59' title='bbox 2323 651 2544 702; x_wconf 88' lang='lat' dir='ltr'><strong>omnino</strong></span> 
     </span>
     <span class='ocr_line' id='line_1_8' title="bbox 287 729 2544 802; baseline 0 -20"><span class='ocrx_word' id='word_1_60' title='bbox 287 755 314 782; x_wconf 85' lang='lat'>»</span> <span class='ocrx_word' id='word_1_61' title='bbox 354 733 422 786; x_wconf 91' lang='lat' dir='ltr'><strong>de</strong></span> <span class='ocrx_word' id='word_1_62' title='bbox 454 733 664 785; x_wconf 83' lang='lat' dir='ltr'><strong>civitate</strong></span> <span class='ocrx_word' id='word_1_63' title='bbox 703 733 760 784; x_wconf 89' lang='lat' dir='ltr'><strong>in</strong></span> <span class='ocrx_word' id='word_1_64' title='bbox 800 731 1087 795; x_wconf 88' lang='lat' dir='ltr'><strong>civitatem,</strong></span> <span class='ocrx_word' id='word_1_65' title='bbox 1128 729 1348 802; x_wconf 91' lang='lat' dir='ltr'><strong>quando</strong></span> <span class='ocrx_word' id='word_1_66' title='bbox 1384 749 1569 783; x_wconf 90' lang='lat' dir='ltr'><strong>eorum</strong></span> <span class='ocrx_word' id='word_1_67' title='bbox 1605 729 1888 799; x_wconf 89' lang='lat' dir='ltr'><strong>quisquam</strong></span> <span class='ocrx_word' id='word_1_68' title='bbox 1926 730 2218 800; x_wconf 83' lang='lat' dir='ltr'><strong>specialiter</strong></span> <span class='ocrx_word' id='word_1_69' title='bbox 2242 750 2273 782; x_wconf 91' lang='lat' dir='ltr'><strong>a</strong></span> <span class='ocrx_word' id='word_1_70' title='bbox 2298 749 2544 801; x_wconf 84' lang='lat' dir='ltr'><strong>persecu-</strong></span> 
     </span>
     <span class='ocr_line' id='line_1_9' title="bbox 288 811 2546 885; baseline 0 -21"><span class='ocrx_word' id='word_1_71' title='bbox 288 837 315 864; x_wconf 84' lang='lat'>»</span> <span class='ocrx_word' id='word_1_72' title='bbox 355 815 562 868; x_wconf 90' lang='lat' dir='ltr'><strong>toribus</strong></span> <span class='ocrx_word' id='word_1_73' title='bbox 598 814 901 885; x_wconf 89' lang='lat' dir='ltr'><strong>quaeritur,</strong></span> <span class='ocrx_word' id='word_1_74' title='bbox 947 824 1009 865; x_wconf 90' lang='lat' dir='ltr'><strong>ut</strong></span> <span class='ocrx_word' id='word_1_75' title='bbox 1050 813 1118 865; x_wconf 91' lang='lat' dir='ltr'><strong>ab</strong></span> <span class='ocrx_word' id='word_1_76' title='bbox 1152 813 1264 864; x_wconf 91' lang='lat' dir='ltr'><strong>aliis</strong></span> <span class='ocrx_word' id='word_1_77' title='bbox 1300 813 1396 884; x_wconf 90' lang='lat' dir='ltr'><strong>qui</strong></span> <span class='ocrx_word' id='word_1_78' title='bbox 1432 831 1545 865; x_wconf 91' lang='lat' dir='ltr'><strong>non</strong></span> <span class='ocrx_word' id='word_1_79' title='bbox 1581 813 1653 864; x_wconf 91' lang='lat' dir='ltr'><strong>ita</strong></span> <span class='ocrx_word' id='word_1_80' title='bbox 1688 811 2068 882; x_wconf 88' lang='lat' dir='ltr'><strong>requiruntur,</strong></span> <span class='ocrx_word' id='word_1_81' title='bbox 2119 831 2228 864; x_wconf 89' lang='lat' dir='ltr'><strong>non</strong></span> <span class='ocrx_word' id='word_1_82' title='bbox 2275 813 2546 865; x_wconf 85' lang='lat' dir='ltr'><strong>deseratur</strong></span> 
     </span>
     <span class='ocr_line' id='line_1_10' title="bbox 289 894 2543 968; baseline 0 -22"><span class='ocrx_word' id='word_1_83' title='bbox 289 920 315 946; x_wconf 78' lang='lat'><strong>2)</strong></span> <span class='ocrx_word' id='word_1_84' title='bbox 356 898 574 950; x_wconf 88' lang='lat' dir='ltr'><strong>ecclesia</strong></span> <span class='ocrx_word' id='word_1_85' title='bbox 595 937 609 959; x_wconf 93' lang='lat'><strong>,</strong></span> <span class='ocrx_word' id='word_1_86' title='bbox 659 896 752 954; x_wconf 88' lang='lat' dir='ltr'><strong>sed</strong></span> <span class='ocrx_word' id='word_1_87' title='bbox 797 896 1088 968; x_wconf 88' lang='lat' dir='ltr'><strong>praebeant</strong></span> <span class='ocrx_word' id='word_1_88' title='bbox 1132 895 1329 948; x_wconf 87' lang='lat' dir='ltr'><strong>cibaria</strong></span> <span class='ocrx_word' id='word_1_89' title='bbox 1371 895 1638 948; x_wconf 86' lang='lat' dir='ltr'><strong>conservis</strong></span> <span class='ocrx_word' id='word_1_90' title='bbox 1683 894 1792 946; x_wconf 91' lang='lat' dir='ltr'><strong>suis</strong></span> <span class='ocrx_word' id='word_1_91' title='bbox 1838 912 1978 965; x_wconf 87' lang='lat' dir='ltr'><strong>quos</strong></span> <span class='ocrx_word' id='word_1_92' title='bbox 2019 894 2169 946; x_wconf 90' lang='lat' dir='ltr'><strong>aliter</strong></span> <span class='ocrx_word' id='word_1_93' title='bbox 2209 895 2387 968; x_wconf 83' lang='lat' dir='ltr'><strong>vivere</strong></span> <span class='ocrx_word' id='word_1_94' title='bbox 2431 915 2543 947; x_wconf 89' lang='lat' dir='ltr'><strong>non</strong></span> 
     </span>
     <span class='ocr_line' id='line_1_11' title="bbox 289 977 2544 1051; baseline 0 -23"><span class='ocrx_word' id='word_1_95' title='bbox 289 1001 316 1028; x_wconf 81' lang='lat'><strong>&gt;›</strong></span> <span class='ocrx_word' id='word_1_96' title='bbox 357 999 510 1051; x_wconf 89' lang='lat' dir='ltr'><strong>posse</strong></span> <span class='ocrx_word' id='word_1_97' title='bbox 534 991 816 1032; x_wconf 89' lang='lat' dir='ltr'><strong>noverunt.</strong></span> <span class='ocrx_word' id='word_1_98' title='bbox 849 980 982 1032; x_wconf 91' lang='lat' dir='ltr'><strong>Cum</strong></span> <span class='ocrx_word' id='word_1_99' title='bbox 1006 990 1180 1031; x_wconf 90' lang='lat' dir='ltr'><strong>autem</strong></span> <span class='ocrx_word' id='word_1_100' title='bbox 1205 978 1442 1030; x_wconf 91' lang='lat' dir='ltr'><strong>omnium</strong></span> <span class='ocrx_word' id='word_1_101' title='bbox 1478 977 1534 1029; x_wconf 91' lang='lat' dir='ltr'><strong>id</strong></span> <span class='ocrx_word' id='word_1_102' title='bbox 1571 988 1648 1030; x_wconf 89' lang='lat' dir='ltr'><strong>est</strong></span> <span class='ocrx_word' id='word_1_103' title='bbox 1676 978 2048 1048; x_wconf 86' lang='lat' dir='ltr'><strong>episcoporum</strong></span> <span class='ocrx_word' id='word_1_104' title='bbox 2075 987 2126 1028; x_wconf 88' lang='lat' dir='ltr'><strong>et</strong></span> <span class='ocrx_word' id='word_1_105' title='bbox 2150 978 2544 1046; x_wconf 82' lang='lat' dir='ltr'><strong>clericorum-et</strong></span> 
     </span>
     <span class='ocr_line' id='line_1_12' title="bbox 291 1058 2544 1132; baseline 0 -21"><span class='ocrx_word' id='word_1_106' title='bbox 291 1083 318 1111; x_wconf 80' lang='grc'>»</span> <span class='ocrx_word' id='word_1_107' title='bbox 359 1063 612 1115; x_wconf 89' lang='lat' dir='ltr'><strong>laicorum</strong></span> <span class='ocrx_word' id='word_1_108' title='bbox 649 1074 726 1114; x_wconf 86' lang='lat' dir='ltr'><strong>est</strong></span> <span class='ocrx_word' id='word_1_109' title='bbox 761 1080 1039 1114; x_wconf 88' lang='lat' dir='ltr'><strong>commune</strong></span> <span class='ocrx_word' id='word_1_110' title='bbox 1071 1060 1392 1132; x_wconf 82' lang='lat' dir='ltr'><strong>periculum,</strong></span> <span class='ocrx_word' id='word_1_111' title='bbox 1421 1060 1457 1111; x_wconf 92' lang='lat' dir='ltr'><strong>ii</strong></span> <span class='ocrx_word' id='word_1_112' title='bbox 1494 1060 1588 1131; x_wconf 91' lang='lat' dir='ltr'><strong>qui</strong></span> <span class='ocrx_word' id='word_1_113' title='bbox 1624 1060 1738 1112; x_wconf 93' lang='lat' dir='ltr'><strong>aliis</strong></span> <span class='ocrx_word' id='word_1_114' title='bbox 1772 1058 2010 1130; x_wconf 87' lang='lat' dir='ltr'><strong>indigent</strong></span> <span class='ocrx_word' id='word_1_115' title='bbox 2033 1101 2046 1124; x_wconf 91' lang='lat'><strong>,</strong></span> <span class='ocrx_word' id='word_1_116' title='bbox 2086 1078 2198 1110; x_wconf 92' lang='lat' dir='ltr'><strong>non</strong></span> <span class='ocrx_word' id='word_1_117' title='bbox 2236 1059 2544 1112; x_wconf 87' lang='lat' dir='ltr'><strong>deserantur</strong></span> 
     </span>
     <span class='ocr_line' id='line_1_13' title="bbox 293 1143 2546 1217; baseline 0 -22"><span class='ocrx_word' id='word_1_118' title='bbox 293 1166 320 1195; x_wconf 81' lang='lat'>»</span> <span class='ocrx_word' id='word_1_119' title='bbox 361 1146 430 1198; x_wconf 92' lang='lat' dir='ltr'><strong>ab</strong></span> <span class='ocrx_word' id='word_1_120' title='bbox 468 1146 550 1198; x_wconf 89' lang='lat' dir='ltr'><strong>his</strong></span> <span class='ocrx_word' id='word_1_121' title='bbox 587 1146 787 1217; x_wconf 90' lang='lat' dir='ltr'><strong>quibus</strong></span> <span class='ocrx_word' id='word_1_122' title='bbox 822 1145 1077 1216; x_wconf 86' lang='lat' dir='ltr'><strong>indigent.</strong></span> <span class='ocrx_word' id='word_1_123' title='bbox 1119 1145 1230 1196; x_wconf 91' lang='lat' dir='ltr'><strong>Aut</strong></span> <span class='ocrx_word' id='word_1_124' title='bbox 1266 1144 1424 1213; x_wconf 88' lang='lat' dir='ltr'><strong>igitur</strong></span> <span class='ocrx_word' id='word_1_125' title='bbox 1448 1143 1515 1196; x_wconf 89' lang='lat' dir='ltr'><strong>ad</strong></span> <span class='ocrx_word' id='word_1_126' title='bbox 1539 1143 1655 1196; x_wconf 89' lang='lat' dir='ltr'><strong>loca</strong></span> <span class='ocrx_word' id='word_1_127' title='bbox 1679 1143 1882 1194; x_wconf 92' lang='lat' dir='ltr'><strong>munita</strong></span> <span class='ocrx_word' id='word_1_128' title='bbox 1907 1148 2089 1194; x_wconf 90' lang='lat' dir='ltr'><strong>omnes</strong></span> <span class='ocrx_word' id='word_1_129' title='bbox 2113 1153 2382 1194; x_wconf 88' lang='lat' dir='ltr'><strong>transeant</strong></span> <span class='ocrx_word' id='word_1_130' title='bbox 2398 1163 2421 1205; x_wconf 89' lang='lat'><strong>,·</strong></span> <span class='ocrx_word' id='word_1_131' title='bbox 2454 1156 2546 1195; x_wconf 92' lang='lat' dir='ltr'><strong>aut</strong></span> 
     </span>
     <span class='ocr_line' id='line_1_14' title="bbox 291 1227 2546 1299; baseline 0 -22"><span class='ocrx_word' id='word_1_132' title='bbox 291 1250 318 1277; x_wconf 61' lang='grc' dir='ltr'><strong>ιι</strong></span> <span class='ocrx_word' id='word_1_133' title='bbox 358 1229 454 1299; x_wconf 92' lang='lat' dir='ltr'><strong>qui</strong></span> <span class='ocrx_word' id='word_1_134' title='bbox 497 1230 696 1282; x_wconf 90' lang='lat' dir='ltr'><strong>habent</strong></span> <span class='ocrx_word' id='word_1_135' title='bbox 730 1229 1088 1282; x_wconf 88' lang='lat' dir='ltr'><strong>necessitatem</strong></span> <span class='ocrx_word' id='word_1_136' title='bbox 1124 1227 1467 1291; x_wconf 88' lang='lat' dir='ltr'><strong>remanendi,</strong></span> <span class='ocrx_word' id='word_1_137' title='bbox 1499 1246 1610 1279; x_wconf 91' lang='lat' dir='ltr'><strong>non</strong></span> <span class='ocrx_word' id='word_1_138' title='bbox 1635 1227 2003 1297; x_wconf 87' lang='lat' dir='ltr'><strong>relinquantur</strong></span> <span class='ocrx_word' id='word_1_139' title='bbox 2027 1227 2095 1278; x_wconf 91' lang='lat' dir='ltr'><strong>ab</strong></span> <span class='ocrx_word' id='word_1_140' title='bbox 2131 1227 2238 1289; x_wconf 78' lang='lat' dir='ltr'><strong>eiS,</strong></span> <span class='ocrx_word' id='word_1_141' title='bbox 2277 1245 2373 1297; x_wconf 88' lang='lat' dir='ltr'><strong>per</strong></span> <span class='ocrx_word' id='word_1_142' title='bbox 2409 1245 2546 1297; x_wconf 90' lang='lat' dir='ltr'><strong>quos</strong></span> 
     </span>
     <span class='ocr_line' id='line_1_15' title="bbox 292 1297 2546 1383; baseline -0.001 -21"><span class='ocrx_word' id='word_1_143' title='bbox 292 1335 319 1362; x_wconf 89' lang='lat'>»</span> <span class='ocrx_word' id='word_1_144' title='bbox 358 1313 570 1364; x_wconf 88' lang='lat' dir='ltr'><strong>illorum</strong></span> <span class='ocrx_word' id='word_1_145' title='bbox 605 1324 683 1365; x_wconf 92' lang='lat' dir='ltr'><strong>est</strong></span> <span class='ocrx_word' id='word_1_146' title='bbox 717 1313 1064 1365; x_wconf 87' lang='lat' dir='ltr'><strong>ecclesiastica</strong></span> <span class='ocrx_word' id='word_1_147' title='bbox 1099 1311 1396 1383; x_wconf 90' lang='lat' dir='ltr'><strong>supplenda</strong></span> <span class='ocrx_word' id='word_1_148' title='bbox 1432 1311 1739 1372; x_wconf 87' lang='lat' dir='ltr'><strong>necessitas,</strong></span> <span class='ocrx_word' id='word_1_149' title='bbox 1780 1320 1840 1361; x_wconf 89' lang='lat' dir='ltr'><strong>ut</strong></span> <span class='ocrx_word' id='word_1_150' title='bbox 1864 1297 1956 1361; x_wconf 77' lang='lat' dir='ltr'><strong>aut</strong></span> <span class='ocrx_word' id='word_1_151' title='bbox 1980 1309 2178 1380; x_wconf 86' lang='lat' dir='ltr'><strong>pariter</strong></span> <span class='ocrx_word' id='word_1_152' title='bbox 2203 1309 2413 1372; x_wconf 87' lang='lat' dir='ltr'><strong>vivant,</strong></span> <span class='ocrx_word' id='word_1_153' title='bbox 2454 1321 2546 1360; x_wconf 90' lang='lat' dir='ltr'><strong>aut</strong></span> 
     </span>
     <span class='ocr_line' id='line_1_16' title="bbox 292 1393 2085 1466; baseline -0.001 -22"><span class='ocrx_word' id='word_1_154' title='bbox 292 1415 319 1444; x_wconf 90' lang='lat'>»</span> <span class='ocrx_word' id='word_1_155' title='bbox 359 1396 558 1466; x_wconf 88' lang='lat' dir='ltr'><strong>pariter</strong></span> <span class='ocrx_word' id='word_1_156' title='bbox 589 1395 877 1461; x_wconf 87' lang='lat' dir='ltr'><strong>sufferant,</strong></span> <span class='ocrx_word' id='word_1_157' title='bbox 919 1394 1067 1466; x_wconf 91' lang='lat' dir='ltr'><strong>quod</strong></span> <span class='ocrx_word' id='word_1_158' title='bbox 1103 1413 1192 1447; x_wconf 91' lang='lat' dir='ltr'><strong>eos</strong></span> <span class='ocrx_word' id='word_1_159' title='bbox 1226 1394 1594 1466; x_wconf 88' lang='lat' dir='ltr'><strong>paterfamilias</strong></span> <span class='ocrx_word' id='word_1_160' title='bbox 1631 1393 1771 1444; x_wconf 85' lang='lat' dir='ltr'><strong>volet</strong></span> <span class='ocrx_word' id='word_1_161' title='bbox 1805 1393 2030 1463; x_wconf 86' lang='lat' dir='ltr'><strong>perpeti.</strong></span> <span class='ocrx_word' id='word_1_162' title='bbox 2059 1415 2085 1441; x_wconf 77' lang='lat'><strong>2&gt;</strong></span> 
     </span>
    </p>
   </div>
   <div class='ocr_carea' id='block_1_4' title="bbox 470 1541 2359 1599">
    <p class='ocr_par' dir='ltr' id='par_1_4' title="bbox 470 1541 2359 1599">
     <span class='ocr_line' id='line_1_17' title="bbox 470 1541 2359 1599; baseline -0.001 -10"><span class='ocrx_word' id='word_1_163' title='bbox 470 1545 549 1589; x_wconf 91' lang='lat' dir='ltr'><strong>EX</strong></span> <span class='ocrx_word' id='word_1_164' title='bbox 588 1544 761 1591; x_wconf 86' lang='lat' dir='ltr'><strong>LlBRO</strong></span> <span class='ocrx_word' id='word_1_165' title='bbox 794 1544 879 1598; x_wconf 90' lang='lat' dir='ltr'><strong>lv,</strong></span> <span class='ocrx_word' id='word_1_166' title='bbox 917 1545 1017 1599; x_wconf 87' lang='lat' dir='ltr'><strong>QUI</strong></span> <span class='ocrx_word' id='word_1_167' title='bbox 1050 1545 1151 1590; x_wconf 87' lang='lat' dir='ltr'><strong>EST</strong></span> <span class='ocrx_word' id='word_1_168' title='bbox 1183 1544 1260 1590; x_wconf 91' lang='lat' dir='ltr'><strong>DE</strong></span> <span class='ocrx_word' id='word_1_169' title='bbox 1291 1542 1687 1589; x_wconf 87' lang='lat' dir='ltr'><strong>EXCELLENTIA</strong></span> <span class='ocrx_word' id='word_1_170' title='bbox 1717 1541 2003 1589; x_wconf 86' lang='lat' dir='ltr'><strong>ROMANAE</strong></span> <span class='ocrx_word' id='word_1_171' title='bbox 2035 1541 2359 1588; x_wconf 84' lang='lat' dir='ltr'><strong>ECCLESIAE.</strong></span> 
     </span>
    </p>
   </div>
   <div class='ocr_carea' id='block_1_5' title="bbox 225 1653 2558 3778">
    <p class='ocr_par' dir='ltr' id='par_1_5' title="bbox 225 1653 2557 3527">
     <span class='ocr_line' id='line_1_18' title="bbox 398 1653 2545 1784; baseline -0.001 -18"><span class='ocrx_word' id='word_1_172' title='bbox 398 1715 482 1783; x_wconf 78' lang='lat'><strong>57.</strong></span> <span class='ocrx_word' id='word_1_173' title='bbox 502 1653 844 1784; x_wconf 71' lang='lat' dir='ltr'><strong>scripturus</strong></span> <span class='ocrx_word' id='word_1_174' title='bbox 870 1713 936 1766; x_wconf 92' lang='lat' dir='ltr'><strong>de</strong></span> <span class='ocrx_word' id='word_1_175' title='bbox 962 1713 1270 1766; x_wconf 89' lang='lat' dir='ltr'><strong>excellentia</strong></span> <span class='ocrx_word' id='word_1_176' title='bbox 1294 1730 1540 1765; x_wconf 85' lang='lat' dir='ltr'><strong>romanae</strong></span> <span class='ocrx_word' id='word_1_177' title='bbox 1559 1711 1822 1776; x_wconf 89' lang='lat' dir='ltr'><strong>ecclesiae,</strong></span> <span class='ocrx_word' id='word_1_178' title='bbox 1852 1722 1902 1764; x_wconf 89' lang='lat' dir='ltr'><strong>et</strong></span> <span class='ocrx_word' id='word_1_179' title='bbox 1927 1710 1993 1764; x_wconf 89' lang='lat' dir='ltr'><strong>de</strong></span> <span class='ocrx_word' id='word_1_180' title='bbox 2017 1711 2301 1782; x_wconf 87' lang='lat' dir='ltr'><strong>privilegiis</strong></span> <span class='ocrx_word' id='word_1_181' title='bbox 2325 1711 2391 1763; x_wconf 90' lang='lat' dir='ltr'><strong>ad</strong></span> <span class='ocrx_word' id='word_1_182' title='bbox 2418 1712 2545 1763; x_wconf 90' lang='lat' dir='ltr'><strong>eius-</strong></span> 
     </span>
     <span class='ocr_line' id='line_1_19' title="bbox 289 1794 2540 1868; baseline -0.001 -20"><span class='ocrx_word' id='word_1_183' title='bbox 289 1796 411 1849; x_wconf 88' lang='lat' dir='ltr'><strong>dem</strong></span> <span class='ocrx_word' id='word_1_184' title='bbox 457 1797 701 1850; x_wconf 87' lang='lat' dir='ltr'><strong>ecclesiae</strong></span> <span class='ocrx_word' id='word_1_185' title='bbox 744 1798 1051 1868; x_wconf 90' lang='lat' dir='ltr'><strong>episcopum</strong></span> <span class='ocrx_word' id='word_1_186' title='bbox 1099 1797 1520 1868; x_wconf 80' lang='lat' dir='ltr'><strong>pertinentibUS,</strong></span> <span class='ocrx_word' id='word_1_187' title='bbox 1561 1807 1613 1847; x_wconf 91' lang='lat' dir='ltr'><strong>et</strong></span> <span class='ocrx_word' id='word_1_188' title='bbox 1655 1794 1721 1847; x_wconf 91' lang='lat' dir='ltr'><strong>de</strong></span> <span class='ocrx_word' id='word_1_189' title='bbox 1763 1795 2233 1848; x_wconf 88' lang='lat' dir='ltr'><strong>constitutionibus</strong></span> <span class='ocrx_word' id='word_1_190' title='bbox 2275 1794 2506 1847; x_wconf 89' lang='lat' dir='ltr'><strong>eiusdem</strong></span> <span class='ocrx_word' id='word_1_191' title='bbox 2527 1836 2540 1860; x_wconf 90' lang='lat'><strong>,</strong></span> 
     </span>
     <span class='ocr_line' id='line_1_20' title="bbox 289 1879 2541 1951; baseline -0.001 -20"><span class='ocrx_word' id='word_1_192' title='bbox 289 1880 528 1932; x_wconf 89' lang='lat' dir='ltr'><strong>sollerter</strong></span> <span class='ocrx_word' id='word_1_193' title='bbox 564 1900 695 1951; x_wconf 86' lang='lat' dir='ltr'><strong>rogo</strong></span> <span class='ocrx_word' id='word_1_194' title='bbox 739 1881 984 1933; x_wconf 90' lang='lat' dir='ltr'><strong>lectorem</strong></span> <span class='ocrx_word' id='word_1_195' title='bbox 1006 1922 1019 1946; x_wconf 89' lang='lat'><strong>,</strong></span> <span class='ocrx_word' id='word_1_196' title='bbox 1058 1899 1126 1932; x_wconf 90' lang='lat' dir='ltr'><strong>ne</strong></span> <span class='ocrx_word' id='word_1_197' title='bbox 1168 1881 1410 1933; x_wconf 89' lang='lat' dir='ltr'><strong>citissime</strong></span> <span class='ocrx_word' id='word_1_198' title='bbox 1453 1880 1511 1931; x_wconf 85' lang='lat' dir='ltr'><strong>in</strong></span> <span class='ocrx_word' id='word_1_199' title='bbox 1558 1898 1726 1931; x_wconf 91' lang='lat' dir='ltr'><strong>meam</strong></span> <span class='ocrx_word' id='word_1_200' title='bbox 1771 1891 2085 1950; x_wconf 89' lang='lat' dir='ltr'><strong>prorumpat</strong></span> <span class='ocrx_word' id='word_1_201' title='bbox 2130 1879 2541 1949; x_wconf 85' lang='lat' dir='ltr'><strong>sugillationem,</strong></span> 
     </span>
     <span class='ocr_line' id='line_1_21' title="bbox 289 1961 2540 2035; baseline -0 -21"><span class='ocrx_word' id='word_1_202' title='bbox 289 1963 420 2015; x_wconf 91' lang='lat' dir='ltr'><strong>dum</strong></span> <span class='ocrx_word' id='word_1_203' title='bbox 455 1963 646 2016; x_wconf 89' lang='lat' dir='ltr'><strong>viderit</strong></span> <span class='ocrx_word' id='word_1_204' title='bbox 680 1983 763 2016; x_wconf 91' lang='lat' dir='ltr'><strong>me</strong></span> <span class='ocrx_word' id='word_1_205' title='bbox 799 1965 856 2016; x_wconf 89' lang='lat' dir='ltr'><strong>in</strong></span> <span class='ocrx_word' id='word_1_206' title='bbox 890 1976 996 2017; x_wconf 89' lang='lat' dir='ltr'><strong>tam</strong></span> <span class='ocrx_word' id='word_1_207' title='bbox 1033 1964 1253 2035; x_wconf 88' lang='lat' dir='ltr'><strong>profuso</strong></span> <span class='ocrx_word' id='word_1_208' title='bbox 1278 1982 1438 2034; x_wconf 88' lang='lat' dir='ltr'><strong>opere</strong></span> <span class='ocrx_word' id='word_1_209' title='bbox 1463 1962 1788 2015; x_wconf 88' lang='lat' dir='ltr'><strong>succinctum</strong></span> <span class='ocrx_word' id='word_1_210' title='bbox 1813 1981 1980 2032; x_wconf 86' lang='lat' dir='ltr'><strong>pauca</strong></span> <span class='ocrx_word' id='word_1_211' title='bbox 2007 1962 2198 2014; x_wconf 83' lang='lat' dir='ltr'><strong>dixisse</strong></span> <span class='ocrx_word' id='word_1_212' title='bbox 2223 1961 2289 2014; x_wconf 90' lang='lat' dir='ltr'><strong>de</strong></span> <span class='ocrx_word' id='word_1_213' title='bbox 2320 1962 2540 2032; x_wconf 88' lang='lat' dir='ltr'><strong>magnis.</strong></span> 
     </span>
     <span class='ocr_line' id='line_1_22' title="bbox 289 2044 2549 2119; baseline -0.002 -20"><span class='ocrx_word' id='word_1_214' title='bbox 289 2046 456 2113; x_wconf 85' lang='lat' dir='ltr'><strong>Quod</strong></span> <span class='ocrx_word' id='word_1_215' title='bbox 491 2048 534 2099; x_wconf 91' lang='lat' dir='ltr'><strong>si</strong></span> <span class='ocrx_word' id='word_1_216' title='bbox 571 2047 778 2119; x_wconf 86' lang='lat' dir='ltr'><strong>Moyses</strong></span> <span class='ocrx_word' id='word_1_217' title='bbox 813 2067 1022 2100; x_wconf 90' lang='lat' dir='ltr'><strong>omnem</strong></span> <span class='ocrx_word' id='word_1_218' title='bbox 1059 2047 1329 2100; x_wconf 90' lang='lat' dir='ltr'><strong>scientiam</strong></span> <span class='ocrx_word' id='word_1_219' title='bbox 1365 2046 1553 2098; x_wconf 90' lang='lat' dir='ltr'><strong>doctus</strong></span> <span class='ocrx_word' id='word_1_220' title='bbox 1589 2045 1975 2116; x_wconf 87' lang='lat' dir='ltr'><strong>aegyptiacam,</strong></span> <span class='ocrx_word' id='word_1_221' title='bbox 2008 2045 2101 2116; x_wconf 90' lang='lat' dir='ltr'><strong>qui</strong></span> <span class='ocrx_word' id='word_1_222' title='bbox 2126 2056 2236 2096; x_wconf 91' lang='lat' dir='ltr'><strong>erat</strong></span> <span class='ocrx_word' id='word_1_223' title='bbox 2266 2045 2347 2096; x_wconf 86' lang='lat' dir='ltr'><strong>vir</strong></span> <span class='ocrx_word' id='word_1_224' title='bbox 2385 2044 2549 2095; x_wconf 88' lang='lat' dir='ltr'><strong>mitis-</strong></span> 
     </span>
     <span class='ocr_line' id='line_1_23' title="bbox 292 2128 2548 2201; baseline -0 -21"><span class='ocrx_word' id='word_1_225' title='bbox 292 2131 452 2182; x_wconf 89' lang='lat' dir='ltr'><strong>simus</strong></span> <span class='ocrx_word' id='word_1_226' title='bbox 487 2148 649 2201; x_wconf 89' lang='lat' dir='ltr'><strong>super</strong></span> <span class='ocrx_word' id='word_1_227' title='bbox 684 2149 865 2183; x_wconf 91' lang='lat' dir='ltr'><strong>omnes</strong></span> <span class='ocrx_word' id='word_1_228' title='bbox 901 2131 1139 2182; x_wconf 89' lang='lat' dir='ltr'><strong>homines</strong></span> <span class='ocrx_word' id='word_1_229' title='bbox 1176 2130 1271 2200; x_wconf 90' lang='lat' dir='ltr'><strong>qui</strong></span> <span class='ocrx_word' id='word_1_230' title='bbox 1308 2128 1618 2181; x_wconf 89' lang='lat' dir='ltr'><strong>habitabant</strong></span> <span class='ocrx_word' id='word_1_231' title='bbox 1654 2129 1710 2180; x_wconf 91' lang='lat' dir='ltr'><strong>in</strong></span> <span class='ocrx_word' id='word_1_232' title='bbox 1745 2140 1916 2192; x_wconf 88' lang='lat' dir='ltr'><strong>terra,</strong></span> <span class='ocrx_word' id='word_1_233' title='bbox 1958 2147 2114 2199; x_wconf 92' lang='lat' dir='ltr'><strong>quem</strong></span> <span class='ocrx_word' id='word_1_234' title='bbox 2154 2128 2414 2180; x_wconf 91' lang='lat' dir='ltr'><strong>Dominus</strong></span> <span class='ocrx_word' id='word_1_235' title='bbox 2451 2146 2548 2179; x_wconf 91' lang='lat' dir='ltr'><strong>no-</strong></span> 
     </span>
     <span class='ocr_line' id='line_1_24' title="bbox 290 2211 2544 2281; baseline -0.001 -18"><span class='ocrx_word' id='word_1_236' title='bbox 290 2224 438 2264; x_wconf 75' lang='lat' dir='ltr'><strong>verat</strong></span> <span class='ocrx_word' id='word_1_237' title='bbox 461 2231 528 2264; x_wconf 84' lang='lat' dir='ltr'><strong>ex</strong></span> <span class='ocrx_word' id='word_1_238' title='bbox 554 2213 795 2276; x_wconf 88' lang='lat' dir='ltr'><strong>nomine,</strong></span> <span class='ocrx_word' id='word_1_239' title='bbox 824 2213 1248 2265; x_wconf 88' lang='lat' dir='ltr'><strong>incircumcisum</strong></span> <span class='ocrx_word' id='word_1_240' title='bbox 1274 2231 1328 2265; x_wconf 92' lang='lat' dir='ltr'><strong>se</strong></span> <span class='ocrx_word' id='word_1_241' title='bbox 1352 2212 1503 2264; x_wconf 92' lang='lat' dir='ltr'><strong>labiis</strong></span> <span class='ocrx_word' id='word_1_242' title='bbox 1528 2211 1685 2274; x_wconf 90' lang='lat' dir='ltr'><strong>dicit,</strong></span> <span class='ocrx_word' id='word_1_243' title='bbox 1714 2230 1782 2263; x_wconf 92' lang='lat' dir='ltr'><strong>ne</strong></span> <span class='ocrx_word' id='word_1_244' title='bbox 1807 2213 2100 2263; x_wconf 87' lang='lat' dir='ltr'><strong>mitteretur</strong></span> <span class='ocrx_word' id='word_1_245' title='bbox 2124 2211 2191 2263; x_wconf 89' lang='lat' dir='ltr'><strong>ad</strong></span> <span class='ocrx_word' id='word_1_246' title='bbox 2216 2212 2544 2281; x_wconf 86' lang='lat' dir='ltr'><strong>Aegyptum;</strong></span> 
     </span>
     <span class='ocr_line' id='line_1_25' title="bbox 225 2292 2544 2366; baseline -0.001 -19"><span class='ocrx_word' id='word_1_247' title='bbox 225 2302 228 2303; x_wconf 70' lang='grc'>’</span> <span class='ocrx_word' id='word_1_248' title='bbox 291 2296 346 2347; x_wconf 88' lang='lat' dir='ltr'><strong>et</strong></span> <span class='ocrx_word' id='word_1_249' title='bbox 381 2296 667 2348; x_wconf 89' lang='lat' dir='ltr'><strong>Hieremias</strong></span> <span class='ocrx_word' id='word_1_250' title='bbox 709 2314 764 2348; x_wconf 92' lang='lat' dir='ltr'><strong>se</strong></span> <span class='ocrx_word' id='word_1_251' title='bbox 808 2314 1039 2366; x_wconf 86' lang='lat' dir='ltr'><strong>puerum</strong></span> <span class='ocrx_word' id='word_1_252' title='bbox 1074 2298 1343 2360; x_wconf 89' lang='lat' dir='ltr'><strong>nominat,</strong></span> <span class='ocrx_word' id='word_1_253' title='bbox 1384 2314 1452 2347; x_wconf 92' lang='lat' dir='ltr'><strong>ne</strong></span> <span class='ocrx_word' id='word_1_254' title='bbox 1496 2295 1563 2347; x_wconf 89' lang='lat' dir='ltr'><strong>ad</strong></span> <span class='ocrx_word' id='word_1_255' title='bbox 1609 2314 1768 2366; x_wconf 85' lang='lat' dir='ltr'><strong>regna</strong></span> <span class='ocrx_word' id='word_1_256' title='bbox 1814 2295 2084 2347; x_wconf 85' lang='lat' dir='ltr'><strong>evellenda</strong></span> <span class='ocrx_word' id='word_1_257' title='bbox 2129 2306 2182 2346; x_wconf 91' lang='lat' dir='ltr'><strong>et</strong></span> <span class='ocrx_word' id='word_1_258' title='bbox 2227 2292 2544 2365; x_wconf 88' lang='lat' dir='ltr'><strong>plantanda,</strong></span> 
     </span>
     <span class='ocr_line' id='line_1_26' title="bbox 290 2376 2548 2448; baseline -0.001 -19"><span class='ocrx_word' id='word_1_259' title='bbox 290 2377 618 2430; x_wconf 75' lang='lat' dir='ltr'><strong>aedificanda</strong></span> <span class='ocrx_word' id='word_1_260' title='bbox 654 2390 706 2430; x_wconf 87' lang='lat' dir='ltr'><strong>et</strong></span> <span class='ocrx_word' id='word_1_261' title='bbox 742 2378 1063 2431; x_wconf 90' lang='lat' dir='ltr'><strong>destruenda</strong></span> <span class='ocrx_word' id='word_1_262' title='bbox 1100 2381 1395 2431; x_wconf 89' lang='lat' dir='ltr'><strong>mitteretur</strong></span> <span class='ocrx_word' id='word_1_263' title='bbox 1430 2397 1714 2443; x_wconf 85' lang='lat' dir='ltr'><strong>excusans3</strong></span> <span class='ocrx_word' id='word_1_264' title='bbox 1757 2377 1887 2448; x_wconf 91' lang='lat' dir='ltr'><strong>quid</strong></span> <span class='ocrx_word' id='word_1_265' title='bbox 1924 2397 2020 2448; x_wconf 87' lang='lat' dir='ltr'><strong>ego</strong></span> <span class='ocrx_word' id='word_1_266' title='bbox 2058 2378 2406 2440; x_wconf 88' lang='lat' dir='ltr'><strong>miserrimus,</strong></span> <span class='ocrx_word' id='word_1_267' title='bbox 2436 2376 2548 2428; x_wconf 92' lang='lat' dir='ltr'><strong>nul·</strong></span> 
     </span>
     <span class='ocr_line' id='line_1_27' title="bbox 292 2461 2548 2532; baseline 0 -21"><span class='ocrx_word' id='word_1_268' title='bbox 292 2461 395 2511; x_wconf 93' lang='lat' dir='ltr'><strong>lius</strong></span> <span class='ocrx_word' id='word_1_269' title='bbox 430 2461 684 2513; x_wconf 91' lang='lat' dir='ltr'><strong>bonitatis</strong></span> <span class='ocrx_word' id='word_1_270' title='bbox 718 2462 802 2514; x_wconf 91' lang='lat' dir='ltr'><strong>vel</strong></span> <span class='ocrx_word' id='word_1_271' title='bbox 838 2462 1083 2514; x_wconf 90' lang='lat' dir='ltr'><strong>scientiae</strong></span> <span class='ocrx_word' id='word_1_272' title='bbox 1119 2462 1247 2513; x_wconf 89' lang='lat' dir='ltr'><strong>mihi</strong></span> <span class='ocrx_word' id='word_1_273' title='bbox 1283 2464 1552 2524; x_wconf 79' lang='lat' dir='ltr'><strong>consciuS,</strong></span> <span class='ocrx_word' id='word_1_274' title='bbox 1598 2461 1743 2514; x_wconf 90' lang='lat' dir='ltr'><strong>aliud</strong></span> <span class='ocrx_word' id='word_1_275' title='bbox 1780 2481 1939 2532; x_wconf 90' lang='lat' dir='ltr'><strong>quam</strong></span> <span class='ocrx_word' id='word_1_276' title='bbox 1976 2481 2058 2515; x_wconf 92' lang='lat' dir='ltr'><strong>me</strong></span> <span class='ocrx_word' id='word_1_277' title='bbox 2089 2461 2365 2532; x_wconf 91' lang='lat' dir='ltr'><strong>indignum</strong></span> <span class='ocrx_word' id='word_1_278' title='bbox 2398 2472 2548 2512; x_wconf 89' lang='lat' dir='ltr'><strong>tanto</strong></span> 
     </span>
     <span class='ocr_line' id='line_1_28' title="bbox 290 2543 2551 2618; baseline -0 -23"><span class='ocrx_word' id='word_1_279' title='bbox 290 2563 458 2614; x_wconf 88' lang='lat' dir='ltr'><strong>opere</strong></span> <span class='ocrx_word' id='word_1_280' title='bbox 482 2544 768 2598; x_wconf 78' lang='lat' dir='ltr'><strong>iudicabo?</strong></span> <span class='ocrx_word' id='word_1_281' title='bbox 791 2544 895 2597; x_wconf 91' lang='lat' dir='ltr'><strong>Sed</strong></span> <span class='ocrx_word' id='word_1_282' title='bbox 921 2545 1048 2616; x_wconf 89' lang='lat' dir='ltr'><strong>quia</strong></span> <span class='ocrx_word' id='word_1_283' title='bbox 1076 2546 1332 2598; x_wconf 91' lang='lat' dir='ltr'><strong>Dominus</strong></span> <span class='ocrx_word' id='word_1_284' title='bbox 1356 2546 1412 2596; x_wconf 90' lang='lat' dir='ltr'><strong>in</strong></span> <span class='ocrx_word' id='word_1_285' title='bbox 1443 2545 1681 2618; x_wconf 78' lang='lat' dir='ltr'><strong>sentibus</strong></span> <span class='ocrx_word' id='word_1_286' title='bbox 1716 2544 1762 2613; x_wconf 89' lang='lat'><strong>1)</strong></span> <span class='ocrx_word' id='word_1_287' title='bbox 1783 2544 1992 2596; x_wconf 88' lang='lat' dir='ltr'><strong>locutus</strong></span> <span class='ocrx_word' id='word_1_288' title='bbox 2018 2556 2120 2607; x_wconf 89' lang='lat' dir='ltr'><strong>est,</strong></span> <span class='ocrx_word' id='word_1_289' title='bbox 2149 2555 2201 2595; x_wconf 90' lang='lat' dir='ltr'><strong>et</strong></span> <span class='ocrx_word' id='word_1_290' title='bbox 2236 2562 2357 2595; x_wconf 91' lang='lat' dir='ltr'><strong>cum</strong></span> <span class='ocrx_word' id='word_1_291' title='bbox 2383 2543 2551 2595; x_wconf 85' lang='lat' dir='ltr'><strong>voluit</strong></span> 
     </span>
     <span class='ocr_line' id='line_1_29' title="bbox 295 2626 2550 2699; baseline -0 -21"><span class='ocrx_word' id='word_1_292' title='bbox 295 2627 527 2697; x_wconf 87' lang='lat' dir='ltr'><strong>linguam</strong></span> <span class='ocrx_word' id='word_1_293' title='bbox 564 2626 803 2679; x_wconf 89' lang='lat' dir='ltr'><strong>rudentis</strong></span> <span class='ocrx_word' id='word_1_294' title='bbox 839 2627 1051 2681; x_wconf 91' lang='lat' dir='ltr'><strong>resolvit</strong></span> <span class='ocrx_word' id='word_1_295' title='bbox 1087 2628 1144 2679; x_wconf 90' lang='lat' dir='ltr'><strong>in</strong></span> <span class='ocrx_word' id='word_1_296' title='bbox 1168 2629 1332 2680; x_wconf 90' lang='lat' dir='ltr'><strong>verba</strong></span> <span class='ocrx_word' id='word_1_297' title='bbox 1355 2628 1620 2699; x_wconf 91' lang='lat' dir='ltr'><strong>loquentis</strong></span> <span class='ocrx_word' id='word_1_298' title='bbox 1639 2667 1653 2690; x_wconf 96' lang='lat'><strong>,</strong></span> <span class='ocrx_word' id='word_1_299' title='bbox 1682 2638 1895 2697; x_wconf 90' lang='lat' dir='ltr'><strong>accepta</strong></span> <span class='ocrx_word' id='word_1_300' title='bbox 1919 2626 2111 2678; x_wconf 89' lang='lat' dir='ltr'><strong>fiducia</strong></span> <span class='ocrx_word' id='word_1_301' title='bbox 2143 2627 2211 2678; x_wconf 93' lang='lat' dir='ltr'><strong>ab</strong></span> <span class='ocrx_word' id='word_1_302' title='bbox 2237 2627 2355 2688; x_wconf 90' lang='lat' dir='ltr'><strong>illo,</strong></span> <span class='ocrx_word' id='word_1_303' title='bbox 2384 2645 2414 2677; x_wconf 92' lang='lat' dir='ltr'><strong>a</strong></span> <span class='ocrx_word' id='word_1_304' title='bbox 2440 2644 2550 2697; x_wconf 89' lang='lat' dir='ltr'><strong>quo</strong></span> 
     </span>
     <span class='ocr_line' id='line_1_30' title="bbox 294 2708 2548 2781; baseline 0 -21"><span class='ocrx_word' id='word_1_305' title='bbox 294 2728 454 2761; x_wconf 89' lang='lat' dir='ltr'><strong>omne</strong></span> <span class='ocrx_word' id='word_1_306' title='bbox 491 2708 673 2761; x_wconf 89' lang='lat' dir='ltr'><strong>datum</strong></span> <span class='ocrx_word' id='word_1_307' title='bbox 709 2710 968 2780; x_wconf 90' lang='lat' dir='ltr'><strong>optimum</strong></span> <span class='ocrx_word' id='word_1_308' title='bbox 993 2721 1044 2762; x_wconf 91' lang='lat' dir='ltr'><strong>et</strong></span> <span class='ocrx_word' id='word_1_309' title='bbox 1069 2729 1226 2762; x_wconf 91' lang='lat' dir='ltr'><strong>omne</strong></span> <span class='ocrx_word' id='word_1_310' title='bbox 1250 2709 1452 2762; x_wconf 91' lang='lat' dir='ltr'><strong>donum</strong></span> <span class='ocrx_word' id='word_1_311' title='bbox 1487 2711 1781 2781; x_wconf 88' lang='lat' dir='ltr'><strong>perfectum</strong></span> <span class='ocrx_word' id='word_1_312' title='bbox 1806 2716 1910 2772; x_wconf 84' lang='lat' dir='ltr'><strong>est,</strong></span> <span class='ocrx_word' id='word_1_313' title='bbox 1939 2710 2251 2780; x_wconf 91' lang='lat' dir='ltr'><strong>supplicabo</strong></span> <span class='ocrx_word' id='word_1_314' title='bbox 2288 2710 2335 2761; x_wconf 91' lang='lat' dir='ltr'><strong>ei</strong></span> <span class='ocrx_word' id='word_1_315' title='bbox 2362 2727 2518 2760; x_wconf 91' lang='lat' dir='ltr'><strong>orans</strong></span> <span class='ocrx_word' id='word_1_316' title='bbox 2535 2749 2548 2770; x_wconf 95' lang='lat'><strong>,</strong></span> 
     </span>
     <span class='ocr_line' id='line_1_31' title="bbox 298 2791 2551 2863; baseline 0 -21"><span class='ocrx_word' id='word_1_317' title='bbox 298 2803 359 2843; x_wconf 92' lang='lat' dir='ltr'><strong>ut</strong></span> <span class='ocrx_word' id='word_1_318' title='bbox 396 2810 535 2844; x_wconf 89' lang='lat' dir='ltr'><strong>meas</strong></span> <span class='ocrx_word' id='word_1_319' title='bbox 571 2792 771 2843; x_wconf 90' lang='lat' dir='ltr'><strong>utinam</strong></span> <span class='ocrx_word' id='word_1_320' title='bbox 808 2811 919 2844; x_wconf 92' lang='lat' dir='ltr'><strong>non</strong></span> <span class='ocrx_word' id='word_1_321' title='bbox 957 2792 1276 2863; x_wconf 87' lang='lat' dir='ltr'><strong>dedignetur</strong></span> <span class='ocrx_word' id='word_1_322' title='bbox 1310 2793 1533 2844; x_wconf 86' lang='lat' dir='ltr'><strong>invisere</strong></span> <span class='ocrx_word' id='word_1_323' title='bbox 1569 2804 1758 2844; x_wconf 81' lang='lat' dir='ltr'><strong>sentes,</strong></span> <span class='ocrx_word' id='word_1_324' title='bbox 1801 2791 1932 2843; x_wconf 90' lang='lat' dir='ltr'><strong>Mihi</strong></span> <span class='ocrx_word' id='word_1_325' title='bbox 1977 2810 2104 2844; x_wconf 88' lang='lat' dir='ltr'><strong>vero</strong></span> <span class='ocrx_word' id='word_1_326' title='bbox 2147 2792 2310 2842; x_wconf 88' lang='lat' dir='ltr'><strong>multa</strong></span> <span class='ocrx_word' id='word_1_327' title='bbox 2351 2791 2551 2842; x_wconf 89' lang='lat' dir='ltr'><strong>volenti</strong></span> 
     </span>
     <span class='ocr_line' id='line_1_32' title="bbox 299 2874 2555 2946; baseline -0.001 -19"><span class='ocrx_word' id='word_1_328' title='bbox 299 2894 361 2927; x_wconf 88' lang='lat' dir='ltr'><strong>ac</strong></span> <span class='ocrx_word' id='word_1_329' title='bbox 410 2877 661 2945; x_wconf 87' lang='lat' dir='ltr'><strong>cogitanti</strong></span> <span class='ocrx_word' id='word_1_330' title='bbox 709 2876 784 2927; x_wconf 90' lang='lat' dir='ltr'><strong>nil</strong></span> <span class='ocrx_word' id='word_1_331' title='bbox 833 2876 1020 2928; x_wconf 89' lang='lat' dir='ltr'><strong>melius</strong></span> <span class='ocrx_word' id='word_1_332' title='bbox 1067 2876 1298 2928; x_wconf 89' lang='lat' dir='ltr'><strong>occurrit</strong></span> <span class='ocrx_word' id='word_1_333' title='bbox 1321 2917 1333 2940; x_wconf 90' lang='lat'><strong>,</strong></span> <span class='ocrx_word' id='word_1_334' title='bbox 1386 2894 1547 2946; x_wconf 91' lang='lat' dir='ltr'><strong>quam</strong></span> <span class='ocrx_word' id='word_1_335' title='bbox 1596 2874 1745 2945; x_wconf 91' lang='lat' dir='ltr'><strong>quod</strong></span> <span class='ocrx_word' id='word_1_336' title='bbox 1792 2876 1922 2926; x_wconf 91' lang='lat' dir='ltr'><strong>haec</strong></span> <span class='ocrx_word' id='word_1_337' title='bbox 1965 2885 2291 2926; x_wconf 87' lang='lat' dir='ltr'><strong>sacrosancta</strong></span> <span class='ocrx_word' id='word_1_338' title='bbox 2339 2874 2555 2925; x_wconf 87' lang='lat' dir='ltr'><strong>ecclesia</strong></span> 
     </span>
     <span class='ocr_line' id='line_1_33' title="bbox 298 2957 2551 3030; baseline -0 -21"><span class='ocrx_word' id='word_1_339' title='bbox 298 2959 460 3010; x_wconf 91' lang='lat' dir='ltr'><strong>nullis</strong></span> <span class='ocrx_word' id='word_1_340' title='bbox 495 2959 763 3030; x_wconf 84' lang='lat' dir='ltr'><strong>synodicis</strong></span> <span class='ocrx_word' id='word_1_341' title='bbox 799 2960 1108 3021; x_wconf 90' lang='lat' dir='ltr'><strong>constituta,</strong></span> <span class='ocrx_word' id='word_1_342' title='bbox 1148 2958 1241 3011; x_wconf 91' lang='lat' dir='ltr'><strong>sed</strong></span> <span class='ocrx_word' id='word_1_343' title='bbox 1276 2960 1440 3030; x_wconf 90' lang='lat' dir='ltr'><strong>ipsius</strong></span> <span class='ocrx_word' id='word_1_344' title='bbox 1476 2971 1554 3011; x_wconf 92' lang='lat' dir='ltr'><strong>est</strong></span> <span class='ocrx_word' id='word_1_345' title='bbox 1591 2958 1807 3010; x_wconf 90' lang='lat' dir='ltr'><strong>Domini</strong></span> <span class='ocrx_word' id='word_1_346' title='bbox 1842 2976 1972 3009; x_wconf 88' lang='lat' dir='ltr'><strong>voce</strong></span> <span class='ocrx_word' id='word_1_347' title='bbox 1994 2957 2213 3009; x_wconf 85' lang='lat' dir='ltr'><strong>fundata</strong></span> <span class='ocrx_word' id='word_1_348' title='bbox 2237 2957 2458 3009; x_wconf 90' lang='lat' dir='ltr'><strong>dicentis</strong></span> <span class='ocrx_word' id='word_1_349' title='bbox 2484 2957 2551 3008; x_wconf 92' lang='lat' dir='ltr'><strong>ad</strong></span> 
     </span>
     <span class='ocr_line' id='line_1_34' title="bbox 296 3039 2554 3114; baseline -0.002 -20"><span class='ocrx_word' id='word_1_350' title='bbox 296 3041 523 3094; x_wconf 90' lang='lat' dir='ltr'><strong>beatum</strong></span> <span class='ocrx_word' id='word_1_351' title='bbox 546 3044 792 3094; x_wconf 81' lang='lat' dir='ltr'><strong>Petrum:</strong></span> <span class='ocrx_word' id='word_1_352' title='bbox 835 3054 894 3094; x_wconf 75' lang='lat' dir='ltr'><strong>ta</strong></span> <span class='ocrx_word' id='word_1_353' title='bbox 920 3061 973 3094; x_wconf 75' lang='lat' dir='ltr'><strong>es</strong></span> <span class='ocrx_word' id='word_1_354' title='bbox 1009 3043 1233 3105; x_wconf 74' lang='lat' dir='ltr'><strong>PetraS,</strong></span> <span class='ocrx_word' id='word_1_355' title='bbox 1267 3054 1316 3093; x_wconf 78' lang='lat' dir='ltr'><strong>et</strong></span> <span class='ocrx_word' id='word_1_356' title='bbox 1343 3060 1507 3114; x_wconf 77' lang='lat' dir='ltr'><strong>saper</strong></span> <span class='ocrx_word' id='word_1_357' title='bbox 1533 3041 1677 3093; x_wconf 77' lang='lat' dir='ltr'><strong>hanc</strong></span> <span class='ocrx_word' id='word_1_358' title='bbox 1701 3041 1920 3092; x_wconf 82' lang='lat' dir='ltr'><strong>Petram</strong></span> <span class='ocrx_word' id='word_1_359' title='bbox 1955 3040 2246 3110; x_wconf 79' lang='lat' dir='ltr'><strong>aedificabo</strong></span> <span class='ocrx_word' id='word_1_360' title='bbox 2280 3039 2554 3092; x_wconf 76' lang='lat' dir='ltr'><strong>ecclesiam</strong></span> 
     </span>
     <span class='ocr_line' id='line_1_35' title="bbox 298 3123 2556 3194; baseline -0.001 -18"><span class='ocrx_word' id='word_1_361' title='bbox 298 3145 492 3177; x_wconf 82' lang='lat' dir='ltr'><strong>meam.</strong></span> <span class='ocrx_word' id='word_1_362' title='bbox 523 3127 623 3178; x_wconf 93' lang='lat' dir='ltr'><strong>Cui</strong></span> <span class='ocrx_word' id='word_1_363' title='bbox 661 3125 840 3177; x_wconf 89' lang='lat' dir='ltr'><strong>addita</strong></span> <span class='ocrx_word' id='word_1_364' title='bbox 876 3136 952 3177; x_wconf 87' lang='lat' dir='ltr'><strong>est</strong></span> <span class='ocrx_word' id='word_1_365' title='bbox 986 3125 1208 3177; x_wconf 91' lang='lat' dir='ltr'><strong>societas</strong></span> <span class='ocrx_word' id='word_1_366' title='bbox 1243 3124 1385 3176; x_wconf 89' lang='lat' dir='ltr'><strong>beati</strong></span> <span class='ocrx_word' id='word_1_367' title='bbox 1412 3124 1573 3175; x_wconf 47' lang='lat' dir='ltr'><strong>*Pauli</strong></span> <span class='ocrx_word' id='word_1_368' title='bbox 1610 3123 1839 3194; x_wconf 90' lang='lat' dir='ltr'><strong>magistri</strong></span> <span class='ocrx_word' id='word_1_369' title='bbox 1876 3123 2137 3192; x_wconf 88' lang='lat' dir='ltr'><strong>gentium,</strong></span> <span class='ocrx_word' id='word_1_370' title='bbox 2172 3134 2233 3173; x_wconf 90' lang='lat' dir='ltr'><strong>ut</strong></span> <span class='ocrx_word' id='word_1_371' title='bbox 2270 3141 2405 3193; x_wconf 89' lang='lat' dir='ltr'><strong>quae</strong></span> <span class='ocrx_word' id='word_1_372' title='bbox 2442 3133 2556 3174; x_wconf 88' lang='lat' dir='ltr'><strong>erat</strong></span> 
     </span>
     <span class='ocr_line' id='line_1_36' title="bbox 295 3205 2550 3279; baseline -0.002 -20"><span class='ocrx_word' id='word_1_373' title='bbox 295 3209 460 3260; x_wconf 89' lang='lat' dir='ltr'><strong>electa</strong></span> <span class='ocrx_word' id='word_1_374' title='bbox 486 3220 647 3279; x_wconf 89' lang='lat' dir='ltr'><strong>caput</strong></span> <span class='ocrx_word' id='word_1_375' title='bbox 670 3209 935 3279; x_wconf 91' lang='lat' dir='ltr'><strong>gentium,</strong></span> <span class='ocrx_word' id='word_1_376' title='bbox 964 3206 1114 3259; x_wconf 86' lang='lat' dir='ltr'><strong>sedes</strong></span> <span class='ocrx_word' id='word_1_377' title='bbox 1138 3218 1270 3273; x_wconf 89' lang='lat' dir='ltr'><strong>esset</strong></span> <span class='ocrx_word' id='word_1_378' title='bbox 1295 3206 1657 3278; x_wconf 89' lang='lat' dir='ltr'><strong>apostolorum</strong></span> <span class='ocrx_word' id='word_1_379' title='bbox 1681 3205 1939 3276; x_wconf 91' lang='lat' dir='ltr'><strong>principis</strong></span> <span class='ocrx_word' id='word_1_380' title='bbox 1961 3217 2014 3257; x_wconf 93' lang='lat' dir='ltr'><strong>et</strong></span> <span class='ocrx_word' id='word_1_381' title='bbox 2037 3206 2268 3276; x_wconf 90' lang='lat' dir='ltr'><strong>magistri</strong></span> <span class='ocrx_word' id='word_1_382' title='bbox 2299 3205 2550 3275; x_wconf 86' lang='lat' dir='ltr'><strong>gentium.</strong></span> 
     </span>
     <span class='ocr_line' id='line_1_37' title="bbox 302 3285 2557 3362; baseline -0.001 -21"><span class='ocrx_word' id='word_1_383' title='bbox 302 3292 421 3362; x_wconf 91' lang='lat' dir='ltr'><strong>Ipsa</strong></span> <span class='ocrx_word' id='word_1_384' title='bbox 457 3303 535 3343; x_wconf 87' lang='lat' dir='ltr'><strong>est</strong></span> <span class='ocrx_word' id='word_1_385' title='bbox 570 3303 752 3343; x_wconf 84' lang='lat' dir='ltr'><strong>vertex</strong></span> <span class='ocrx_word' id='word_1_386' title='bbox 789 3302 840 3343; x_wconf 92' lang='lat' dir='ltr'><strong>et</strong></span> <span class='ocrx_word' id='word_1_387' title='bbox 876 3290 1263 3351; x_wconf 85' lang='lat' dir='ltr'><strong>firmamentum</strong></span> <span class='ocrx_word' id='word_1_388' title='bbox 1299 3290 1534 3342; x_wconf 90' lang='lat' dir='ltr'><strong>omnium</strong></span> <span class='ocrx_word' id='word_1_389' title='bbox 1571 3288 1930 3351; x_wconf 89' lang='lat' dir='ltr'><strong>ecclesiarum,</strong></span> <span class='ocrx_word' id='word_1_390' title='bbox 1972 3287 2176 3339; x_wconf 89' lang='lat' dir='ltr'><strong>dicente</strong></span> <span class='ocrx_word' id='word_1_391' title='bbox 2221 3287 2452 3339; x_wconf 90' lang='lat' dir='ltr'><strong>Domino</strong></span> <span class='ocrx_word' id='word_1_392' title='bbox 2489 3285 2557 3338; x_wconf 87' lang='lat' dir='ltr'><strong>ad</strong></span> 
     </span>
     <span class='ocr_line' id='line_1_38' title="bbox 293 3370 2556 3446; baseline -0.002 -22"><span class='ocrx_word' id='word_1_393' title='bbox 293 3374 515 3425; x_wconf 86' lang='lat' dir='ltr'><strong>beatum</strong></span> <span class='ocrx_word' id='word_1_394' title='bbox 552 3377 792 3426; x_wconf 89' lang='lat' dir='ltr'><strong>Petrum:</strong></span> <span class='ocrx_word' id='word_1_395' title='bbox 835 3393 923 3445; x_wconf 76' lang='lat' dir='ltr'><strong>ego</strong></span> <span class='ocrx_word' id='word_1_396' title='bbox 951 3393 1054 3446; x_wconf 83' lang='lat' dir='ltr'><strong>pro</strong></span> <span class='ocrx_word' id='word_1_397' title='bbox 1092 3385 1140 3425; x_wconf 80' lang='lat' dir='ltr'><strong>te</strong></span> <span class='ocrx_word' id='word_1_398' title='bbox 1164 3373 1365 3446; x_wconf 76' lang='lat' dir='ltr'><strong>rogavi,</strong></span> <span class='ocrx_word' id='word_1_399' title='bbox 1406 3374 1590 3434; x_wconf 79' lang='lat' dir='ltr'><strong>Petre,</strong></span> <span class='ocrx_word' id='word_1_400' title='bbox 1631 3382 1691 3423; x_wconf 81' lang='lat' dir='ltr'><strong>ut</strong></span> <span class='ocrx_word' id='word_1_401' title='bbox 1717 3390 1829 3423; x_wconf 85' lang='lat' dir='ltr'><strong>non</strong></span> <span class='ocrx_word' id='word_1_402' title='bbox 1855 3370 2069 3441; x_wconf 71' lang='lat' dir='ltr'><strong>deficiat</strong></span> <span class='ocrx_word' id='word_1_403' title='bbox 2080 3370 2223 3440; x_wconf 83' lang='lat' dir='ltr'><strong>fides</strong></span> <span class='ocrx_word' id='word_1_404' title='bbox 2256 3381 2387 3432; x_wconf 79' lang='lat' dir='ltr'><strong>tua,·</strong></span> <span class='ocrx_word' id='word_1_405' title='bbox 2417 3381 2466 3420; x_wconf 81' lang='lat' dir='ltr'><strong>et</strong></span> <span class='ocrx_word' id='word_1_406' title='bbox 2497 3381 2556 3420; x_wconf 79' lang='grc' dir='ltr'><strong>τα</strong></span> 
     </span>
     <span class='ocr_line' id='line_1_39' title="bbox 299 3456 1643 3527; baseline 0 -21"><span class='ocrx_word' id='word_1_407' title='bbox 299 3456 603 3526; x_wconf 80' lang='lat' dir='ltr'><strong>aliquando</strong></span> <span class='ocrx_word' id='word_1_408' title='bbox 637 3475 938 3520; x_wconf 79' lang='lat' dir='ltr'><strong>conversas,</strong></span> <span class='ocrx_word' id='word_1_409' title='bbox 982 3458 1244 3527; x_wconf 83' lang='lat' dir='ltr'><strong>confirma</strong></span> <span class='ocrx_word' id='word_1_410' title='bbox 1266 3458 1472 3526; x_wconf 54' lang='lat' dir='ltr'><strong>flucre-5·</strong></span> <span class='ocrx_word' id='word_1_411' title='bbox 1507 3466 1643 3507; x_wconf 81' lang='lat' dir='ltr'><strong>tuos.</strong></span> 
     </span>
    </p>

    <p class='ocr_par' dir='ltr' id='par_1_6' title="bbox 301 3533 2558 3778">
     <span class='ocr_line' id='line_1_40' title="bbox 410 3533 2558 3610; baseline -0.003 -20"><span class='ocrx_word' id='word_1_412' title='bbox 410 3539 494 3590; x_wconf 88' lang='lat'><strong>58.</strong></span> <span class='ocrx_word' id='word_1_413' title='bbox 535 3537 682 3605; x_wconf 88' lang='lat' dir='ltr'><strong>Quid</strong></span> <span class='ocrx_word' id='word_1_414' title='bbox 717 3537 917 3602; x_wconf 91' lang='lat' dir='ltr'><strong>dicam,</strong></span> <span class='ocrx_word' id='word_1_415' title='bbox 959 3537 1108 3610; x_wconf 90' lang='lat' dir='ltr'><strong>quod</strong></span> <span class='ocrx_word' id='word_1_416' title='bbox 1144 3539 1315 3591; x_wconf 90' lang='lat' dir='ltr'><strong>omnis</strong></span> <span class='ocrx_word' id='word_1_417' title='bbox 1350 3538 1637 3591; x_wconf 89' lang='lat' dir='ltr'><strong>christiana</strong></span> <span class='ocrx_word' id='word_1_418' title='bbox 1667 3536 1881 3608; x_wconf 85' lang='lat' dir='ltr'><strong>religiO,</strong></span> <span class='ocrx_word' id='word_1_419' title='bbox 1910 3537 2193 3608; x_wconf 89' lang='lat' dir='ltr'><strong>omniaque</strong></span> <span class='ocrx_word' id='word_1_420' title='bbox 2217 3533 2462 3588; x_wconf 88' lang='lat' dir='ltr'><strong>ecclesiae</strong></span> <span class='ocrx_word' id='word_1_421' title='bbox 2486 3550 2558 3584; x_wconf 91' lang='lat' dir='ltr'><strong>sa-</strong></span> 
     </span>
     <span class='ocr_line' id='line_1_41' title="bbox 301 3612 2558 3694; baseline -0.004 -19"><span class='ocrx_word' id='word_1_422' title='bbox 301 3612 598 3687; x_wconf 82' lang='lat' dir='ltr'><strong>cramenta,</strong></span> <span class='ocrx_word' id='word_1_423' title='bbox 636 3633 846 3694; x_wconf 91' lang='lat' dir='ltr'><strong>praeter</strong></span> <span class='ocrx_word' id='word_1_424' title='bbox 882 3641 1079 3685; x_wconf 90' lang='lat' dir='ltr'><strong>unum,</strong></span> <span class='ocrx_word' id='word_1_425' title='bbox 1120 3620 1269 3693; x_wconf 89' lang='lat' dir='ltr'><strong>quod</strong></span> <span class='ocrx_word' id='word_1_426' title='bbox 1305 3622 1362 3673; x_wconf 89' lang='lat' dir='ltr'><strong>in</strong></span> <span class='ocrx_word' id='word_1_427' title='bbox 1396 3621 1580 3673; x_wconf 89' lang='lat' dir='ltr'><strong>ultima</strong></span> <span class='ocrx_word' id='word_1_428' title='bbox 1616 3638 1777 3672; x_wconf 90' lang='lat' dir='ltr'><strong>caena</strong></span> <span class='ocrx_word' id='word_1_429' title='bbox 1813 3619 2087 3691; x_wconf 91' lang='lat' dir='ltr'><strong>discipulis</strong></span> <span class='ocrx_word' id='word_1_430' title='bbox 2124 3639 2154 3671; x_wconf 88' lang='lat' dir='ltr'><strong>a</strong></span> <span class='ocrx_word' id='word_1_431' title='bbox 2190 3617 2416 3670; x_wconf 90' lang='lat' dir='ltr'><strong>Domino</strong></span> <span class='ocrx_word' id='word_1_432' title='bbox 2459 3627 2558 3666; x_wconf 90' lang='lat' dir='ltr'><strong>tra·</strong></span> 
     </span>
     <span class='ocr_line' id='line_1_42' title="bbox 301 3702 2554 3778; baseline -0.004 -20"><span class='ocrx_word' id='word_1_433' title='bbox 301 3706 475 3772; x_wconf 80' lang='lat' dir='ltr'><strong>ditum</strong></span> <span class='ocrx_word' id='word_1_434' title='bbox 509 3717 588 3758; x_wconf 89' lang='lat' dir='ltr'><strong>est</strong></span> <span class='ocrx_word' id='word_1_435' title='bbox 606 3746 620 3770; x_wconf 97' lang='lat'><strong>,</strong></span> <span class='ocrx_word' id='word_1_436' title='bbox 661 3705 730 3758; x_wconf 93' lang='lat' dir='ltr'><strong>ab</strong></span> <span class='ocrx_word' id='word_1_437' title='bbox 766 3706 882 3777; x_wconf 92' lang='lat' dir='ltr'><strong>ipso</strong></span> <span class='ocrx_word' id='word_1_438' title='bbox 919 3725 1189 3778; x_wconf 88' lang='lat' dir='ltr'><strong>sumpsere</strong></span> <span class='ocrx_word' id='word_1_439' title='bbox 1225 3704 1500 3758; x_wconf 83' lang='lat' dir='ltr'><strong>exordium</strong></span> <span class='ocrx_word' id='word_1_440' title='bbox 1529 3703 1619 3774; x_wconf 79' lang='lat'><strong>2)?</strong></span> <span class='ocrx_word' id='word_1_441' title='bbox 1643 3703 1778 3755; x_wconf 91' lang='lat' dir='ltr'><strong>Nam</strong></span> <span class='ocrx_word' id='word_1_442' title='bbox 1799 3703 2005 3757; x_wconf 87' lang='lat' dir='ltr'><strong>Iudaeis</strong></span> <span class='ocrx_word' id='word_1_443' title='bbox 2030 3704 2087 3756; x_wconf 92' lang='lat' dir='ltr'><strong>in</strong></span> <span class='ocrx_word' id='word_1_444' title='bbox 2112 3702 2197 3755; x_wconf 90' lang='lat' dir='ltr'><strong>die</strong></span> <span class='ocrx_word' id='word_1_445' title='bbox 2220 3709 2554 3772; x_wconf 89' lang='lat' dir='ltr'><strong>pentecostes</strong></span> 
     </span>
    </p>
   </div>
   <div class='ocr_carea' id='block_1_6' title="bbox 412 3815 2491 3878">
    <p class='ocr_par' dir='ltr' id='par_1_7' title="bbox 412 3815 2491 3878">
     <span class='ocr_line' id='line_1_43' title="bbox 412 3815 2491 3878; baseline -0.004 -17"><span class='ocrx_word' id='word_1_446' title='bbox 412 3828 445 3871; x_wconf 71' lang='grc' dir='ltr'><strong>ι)</strong></span> <span class='ocrx_word' id='word_1_447' title='bbox 469 3825 608 3874; x_wconf 83' lang='lat' dir='ltr'><strong>Nempe</strong></span> <span class='ocrx_word' id='word_1_448' title='bbox 631 3825 673 3863; x_wconf 85' lang='lat' dir='ltr'><strong>in</strong></span> <span class='ocrx_word' id='word_1_449' title='bbox 697 3823 792 3864; x_wconf 86' lang='lat' dir='ltr'><strong>rubo</strong></span> <span class='ocrx_word' id='word_1_450' title='bbox 815 3823 864 3863; x_wconf 84' lang='lat' dir='ltr'><strong>ad</strong></span> <span class='ocrx_word' id='word_1_451' title='bbox 888 3825 1072 3875; x_wconf 81' lang='lat' dir='ltr'><strong>Moysem.¹</strong></span> <span class='ocrx_word' id='word_1_452' title='bbox 1094 3842 1142 3855; x_wconf 88' lang='lat'><strong>--</strong></span> <span class='ocrx_word' id='word_1_453' title='bbox 1165 3826 1202 3872; x_wconf 87' lang='grc'><strong>2)</strong></span> <span class='ocrx_word' id='word_1_454' title='bbox 1225 3822 1471 3863; x_wconf 82' lang='lat' dir='ltr'><strong>ordinatione</strong></span> <span class='ocrx_word' id='word_1_455' title='bbox 1495 3820 1645 3872; x_wconf 79' lang='lat' dir='ltr'><strong>quidem</strong></span> <span class='ocrx_word' id='word_1_456' title='bbox 1669 3826 1708 3862; x_wconf 82' lang='lat' dir='ltr'><strong>et</strong></span> <span class='ocrx_word' id='word_1_457' title='bbox 1730 3822 1833 3870; x_wconf 84' lang='lat' dir='ltr'><strong>praxi</strong></span> <span class='ocrx_word' id='word_1_458' title='bbox 1857 3822 1977 3870; x_wconf 76' lang='lat' dir='ltr'><strong>Petri,</strong></span> <span class='ocrx_word' id='word_1_459' title='bbox 2003 3821 2067 3861; x_wconf 85' lang='lat' dir='ltr'><strong>sed</strong></span> <span class='ocrx_word' id='word_1_460' title='bbox 2093 3818 2325 3859; x_wconf 85' lang='lat' dir='ltr'><strong>institutione</strong></span> <span class='ocrx_word' id='word_1_461' title='bbox 2350 3815 2491 3878; x_wconf 70' lang='lat' dir='ltr'><strong>divina.</strong></span> 
     </span>
    </p>
   </div>
   <div class='ocr_carea' id='block_1_7' title="bbox 2589 1734 2813 1765">
    <p class='ocr_par' dir='ltr' id='par_1_8' title="bbox 2589 1734 2813 1765">
     <span class='ocr_line' id='line_1_44' title="bbox 2589 1734 2813 1765; baseline -0.004 0"><span class='ocrx_word' id='word_1_462' title='bbox 2589 1734 2659 1765; x_wconf 80' lang='lat' dir='ltr'><strong>cod.</strong></span> <span class='ocrx_word' id='word_1_463' title='bbox 2679 1735 2699 1764; x_wconf 79' lang='lat' dir='ltr'><strong>r.</strong></span> <span class='ocrx_word' id='word_1_464' title='bbox 2721 1738 2765 1764; x_wconf 78' lang='lat'><strong>29.</strong></span> <span class='ocrx_word' id='word_1_465' title='bbox 2780 1734 2813 1764; x_wconf 72' lang='lat'><strong>1).</strong></span> 
     </span>
    </p>
   </div>
   <div class='ocr_carea' id='block_1_8' title="bbox 2597 2485 2821 2516">
    <p class='ocr_par' dir='ltr' id='par_1_9' title="bbox 2597 2485 2821 2516">
     <span class='ocr_line' id='line_1_45' title="bbox 2597 2485 2821 2516; baseline 0 0"><span class='ocrx_word' id='word_1_466' title='bbox 2597 2485 2666 2516; x_wconf 64' lang='grc'><strong>006.</strong></span> <span class='ocrx_word' id='word_1_467' title='bbox 2687 2486 2708 2514; x_wconf 74' lang='lat' dir='ltr'><strong>s.</strong></span> <span class='ocrx_word' id='word_1_468' title='bbox 2727 2490 2772 2515; x_wconf 81' lang='lat'><strong>30.</strong></span> <span class='ocrx_word' id='word_1_469' title='bbox 2789 2491 2821 2516; x_wconf 69' lang='lat' dir='ltr'><strong>a.</strong></span> 
     </span>
    </p>
   </div>
  </div>
 </body>
</html>
