2996 4432
1131 269 1175 300 11«

193 370 278 413 que
309 358 458 414 inopes
486 371 599 402 nunc
626 367 800 412 quoque
833 354 947 398 dices
982 366 1081 408 eos,
1113 355 1189 410 qui
1217 367 1286 397 se·

191 433 280 471 met
310 429 417 471 tueri
449 429 506 471 ob
537 429 688 471 virium
716 419 1004 468 infirmitatem
1036 429 1256 480 nequeunt
1270 455 1283 478 ‚

194 500 259 542 vel
292 500 366 555 qui
404 503 581 555 propter
621 497 849 552 nequitiam
887 508 1008 539 suam
1044 495 1100 539 ad
1133 496 1285 539 huius-

193 569 310 612 modi
339 574 493 612 stntum
524 567 682 611 redacti
711 571 824 610 sunt.
860 568 916 610 Hi
946 567 1142 610 celsiores
1170 568 1284 611 cala-

193 640 339 682 mitate
358 645 401 682 et
417 639 577 693 gemitu
607 638 708 680 facti
736 642 836 680 sunt
867 651 918 680 eo
947 642 1170 693 tempore,
1197 650 1286 694 quo

192 709 383 752 Christus
403 709 456 752 ad
476 721 554 751 nos
577 709 695 751 venit
710 713 758 752 et
779 709 1035 762 resurrexit3
1057 710 1117 752 ita
1136 714 1184 752 ut
1203 708 1287 752 sal-

192 782 235 823 vi
274 780 572 836 apparuerint,
611 781 746 836 erepti
781 781 991 823 aerumnis
1019 774 1148 836 atque
1189 779 1287 836 plo-

191 851 370 894 ratibus.
415 851 645 894 Praedictis
676 851 820 906 itaque
855 856 1184 894 consentaneum
1225 854 1289 893 est

192 921 322 964 verba
361 921 435 964 illa
476 922 654 965 audire:
693 923 838 965 infelix
877 935 958 979 ego
991 922 1151 966 homo!
1193 922 1288 978 quis

191 1004 259 1035 me
297 992 495 1035 liberabit
522 993 576 1036 de
606 1005 788 1049 corpore
817 994 970 1036 mortis
1001 992 1158 1044 huius?
1191 991 1286 1046 Quo

190 1063 309 1107 dicto
327 1094 340 1118 ,
385 1063 649 1107 confidenter
685 1064 838 1108 deinde
884 1066 972 1108 ait:
1015 1063 1172 1120 gratias
1203 1075 1286 1117 ago

189 1137 283 1178 Deo
329 1148 406 1191 per
451 1136 590 1179 lesum
635 1136 863 1180 Christum.
912 1138 994 1179 Per
1035 1135 1142 1178 haec
1174 1135 1288 1178 enim

191 1206 430 1250 ostenditur
449 1241 461 1262 ,
503 1209 643 1251 Iesum
674 1209 886 1252 Christum
907 1239 919 1260 ‚
958 1208 1031 1264 qui
1065 1206 1285 1250 calamito-

189 1291 284 1320 sum
317 1278 531 1322 hominem
551 1280 744 1335 corporis
770 1279 960 1322 mortalis
978 1291 1104 1322 causa
1131 1277 1287 1320 libera-

191 1350 278 1402 vit,
306 1349 427 1391 illum
455 1362 543 1392 esse
574 1350 649 1405 qui
678 1351 757 1426 ait:
793 1362 906 1392 nunc
937 1360 1187 1403 exsurgam,
1219 1347 1287 1391 di-

191 1420 251 1461 cit
278 1420 500 1462 Dominus.

251 1491 403 1534 Venit
392 1504 435 1534 m
454 1496 633 1534 mentem
653 1491 866 1534 nonnullis
893 1491 1032 1535 dicere
1047 1522 1060 1544 ,
1084 1503 1288 1547 pauperes

191 1561 368 1616 quidem
389 1574 476 1604 esse
498 1563 574 1617 qui
595 1562 855 1617 patrimonio
884 1562 1018 1604 eversi
1038 1566 1160 1615 sunt3
1188 1561 1287 1604 iuo-

194 1644 267 1686 pes
285 1636 425 1674 autem
445 1632 543 1675 illos
559 1633 634 1688 qui
651 1632 801 1676 labore
815 1645 970 1688 operae
988 1634 1150 1676 victum
1165 1645 1287 1675 com-

192 1707 360 1756 parant.
386 1705 528 1759 Atque
555 1704 638 1747 hoc
660 1716 785 1747 sensu
810 1716 975 1759 pauper
993 1703 1165 1760 quidem
1181 1735 1194 1758 ‚
1211 1716 1289 1748 ne-.

192 1773 371 1815 cessario
390 1778 454 1816 est
466 1774 618 1829 inops;
637 1787 776 1829 neque
789 1778 932 1816 tamen
950 1775 1128 1818 vicissim
1143 1776 1287 1831 inops,

138 1854 142 1857 ’
193 1855 358 1899 pauper
386 1849 464 1887 est.
489 1846 626 1888 Immo
656 1845 775 1900 quod
806 1845 859 1888 de
890 1858 1073 1902 paupere
1097 1846 1251 1889 dicitur
1273 1876 1287 1900 ,

193 1915 373 1957 sortasse
404 1915 528 1958 etiam
549 1929 575 1958 a
592 1908 802 1972 scriptura
820 1921 1113 1970 argumentum
1132 1916 1262 1960 habet
1275 1949 1288 1972 ,

194 1985 270 2027 ubi
290 1985 472 2028 dicitur:
495 1985 646 2029 divites
666 1991 887 2040 eguerunt.
922 1988 974 2030 Et
991 1998 1196 2043 pauperes
1215 1987 1291 2031 ad—

194 2054 370 2099 modum
387 2057 490 2099 facti
512 2070 673 2099 sumus.
703 2058 994 2100 Consonanter
1019 2058 1086 2099 his
1104 2058 1290 2114 accipie—

194 2132 287 2182 tur,
303 2129 430 2171 etiam
453 2129 572 2184 quod
588 2129 642 2172 de
658 2129 874 2172 Salvatore
890 2129 1070 2172 dicitur:
1093 2131 1169 2185 qui
1188 2143 1292 2187 pau-

193 2212 272 2254 per
285 2204 465 2256 propter
479 2213 558 2243 nos
577 2200 710 2243 factus
726 2205 789 2244 est
804 2233 817 2255 ,
835 2213 933 2243 cum
954 2205 1064 2243 esset
1078 2200 1196 2244 dives
1211 2234 1224 2256 ,
1244 2205 1294 2244 ut

193 2272 308 2314 illins
339 2275 588 2327 paupertate
629 2284 708 2314 nos
739 2271 889 2315 divites
923 2284 1120 2315 essemus.
1161 2273 1294 2316 Favet

194 2344 292 2385 item
323 2344 464 2386 sensui
493 2342 693 2385 vocabuli
718 2343 859 2398 inopis
902 2342 1066 2386 «dictio
1083 2357 1095 2385 ·.
1115 2363 1131 2379 ι»
1159 2345 1294 2399 gemi-

165 2432 172 2436 ·
195 2408 264 2457 tus
281 2415 458 2470 inopum
476 2427 488 2467 3
507 2415 582 2469 qui
600 2415 798 2456 nimirum
821 2426 986 2470 semper
1002 2419 1178 2469 gemunt
1197 2415 1293 2471 plo-

196 2491 378 2541 rantque
391 2490 568 2542 propter
588 2485 779 2528 laborem
793 2516 805 2538 ‚
826 2498 954 2540 quem
976 2486 1033 2528 ob
1051 2499 1194 2529 rerum
1213 2500 1290 2530 ne-

199 2558 471 2600 cessariarum
492 2557 680 2613 inopiam
704 2556 904 2600 tolerant.
927 2558 1068 2600 Dictio
1103 2576 1120 2594 «
1135 2570 1293 2613 ponam

197 2628 242 2671 in
270 2628 442 2670 salutari
459 2647 476 2664 ιο
510 2627 727 2682 significat
756 2626 954 2670 definiam
972 2633 1013 2671 et
1030 2629 1200 2671 faciam.
1229 2630 1295 2671 Si-

198 2702 272 2740 cut
294 2698 340 2740 in
370 2697 512 2740 verbis
528 2712 542 2739 ι
574 2707 703 2752 quem
722 2699 868 2752 posuit
895 2697 1094 2741 heredem
1123 2699 1296 2741 nniver-

197 2781 345 2811 sorum
364 2782 377 2822 3
397 2768 443 2811 id
466 2773 530 2812 est
547 2781 674 2824 quem
693 2767 876 2811 decrevit
899 2769 1203 2825 constituitque
1223 2769 1297 2812 he-

199 2840 359 2883 redem.
379 2840 575 2882 Similiter
591 2839 828 2893 intelliges:
853 2840 999 2895 posuit
1025 2841 1138 2883 Deus
1158 2841 1205 2883 in
1224 2853 1297 2883 ec-

199 2911 327 2953 clesia
358 2911 544 2966 primum
574 2909 750 2964 quidem
769 2910 988 2964 apostolos
1004 2941 1016 2963 ,
1040 2915 1086 2952 et
1113 2910 1292 2965 reliqua.

199 2984 284 3024 Nec
317 2994 403 3024 non
440 2981 544 3023 illud
578 2980 698 3035 quod
733 2981 930 3024 ccclesiae
960 2981 1200 3024 senioribus
1229 2981 1297 3024 di-

200 3058 318 3095 ctum
343 3052 452 3094 fuitt
473 3052 619 3106 posuit
639 3063 718 3093 vos
734 3051 916 3107 Spiritus
937 3057 1109 3094 sanctus
1129 3053 1298 3108 episco-

199 3136 280 3178 pos
310 3135 457 3178 regere
495 3122 728 3165 ecclesiam.
763 3123 870 3164 Nam
903 3122 1083 3165 verbum
1119 3124 1264 3178 posuit
1283 3155 1295 3176 ‚

199 3195 449 3237 eiectionem
473 3192 757 3245 demonstrat,
782 3204 869 3247 qua
897 3194 1116 3236 constituti
1139 3197 1237 3236 sunt
1256 3198 1300 3236 et

200 3266 300 3308 facti
330 3263 511 3320 apostoli
534 3268 662 3318 atque
692 3263 896 3319 episcopi.

259 3338 349 3379 Hac
366 3336 543 3378 notione
564 3334 686 3378 verbi
710 3353 730 3370 ι
747 3347 916 3377 servare
932 3354 949 3370 ι·
973 3336 1166 3378 Salvator
1186 3348 1299 3391 quo-

200 3420 286 3464 que
306 3407 359 3450 de
384 3406 604 3462 discipulis
627 3405 764 3448 aiebat
781 3407 920 3461 patri:
955 3425 970 3442 ι
983 3408 1111 3461 ‘pater
1131 3411 1272 3449 sancte
1285 3438 1298 3460 ,

206 3498 224 3516 ι
257 3491 382 3522 serva
397 3491 485 3520 eos.
502 3476 714 3530 Quamdiu
727 3476 790 3519 fui
805 3489 902 3519 cum
916 3477 1019 3531 ipsis
1034 3507 1046 3530 ,
1064 3489 1145 3531 ego
1161 3489 1303 3520 serva-

207 3569 226 3586 ·
258 3549 359 3592 bam
380 3561 480 3603 eos,
511 3560 648 3603 neque
675 3546 755 3590 hos
777 3546 1011 3602 attingebat
1031 3547 1258 3602 malignus.
1280 3567 1296 3584 ·

200 3621 297 3662 Hoc
315 3624 603 3662 autemsensu
632 3630 726 3660 sum
749 3616 844 3659 heic
868 3629 950 3671 ego
974 3617 1144 3660 locutus
1163 3648 1175 3670 ,
1201 3618 1303 3672 quia

199 3691 246 3733 iu
268 3691 406 3744 genesi
422 3689 579 3733 dicitur
598 3689 651 3732 de
669 3687 836 3732 Adamo
859 3689 1074 3744 serpenti:
1096 3689 1187 3744 ipse
1209 3701 1301 3732 ser-

1209 268 1415 301 rsamuu
1449 243 1515 300 xi.

2363 254 2454 302 165

1356 374 1423 402 και
1455 354 1494 401 ἔν
1525 373 1678 407 τουτοις
1706 375 1774 402 και
1804 353 1974 410 πένητας
2014 356 2110 422 ἕρεις
2143 375 2232 411 τους
2263 375 2320 420 μη
2352 354 2457 412 οἵους

1357 444 1401 473 τι
1433 420 1647 486 ἔωαμννειν
1686 420 1844 479 ἔαυτοῒς
1880 426 1928 473 δι’
1963 424 2176 475 ἀσθένειαν
2209 429 2454 492 προσοῦσαν·
2506 453 2512 458 ·

1355 490 1382 545 ὴ
1412 489 1479 542 δια
1510 515 1582 548 της
1615 495 1672 547 εἷς
1704 513 1886 546 τοιαυτην
1915 494 2140 552 κατάςασιν
2176 495 2355 562 ἄγουσαν
2385 519 2460 545 κα-

1357 560 1464 612 κίαν·
1505 585 1611 612 ουτοι
1647 559 1813 630 ἀνωτερο
1798 585 1830 611 ι
1867 562 2140 644 ταλαιπωριας
2177 588 2242 614 και
2279 570 2348 616 τοῦ
2383 588 2459 624 ςε-

1357 629 1488 689 νοῖζειν
1519 632 1776 700 γεγένηνται,
1802 636 1873 683 τοῦ
1893 655 1993 702 nupt:
1978 657 2019 682 ..u
2049 657 2157 686 κατα
2186 657 2254 687 τον
2279 641 2350 692 τῆς
2375 640 2459 688 ἐπι-

1358 702 1502 766 δημιας
1533 702 1663 771 καιρὸν
1695 699 1945 759 ἀνασταντος
1979 725 2047 753 και
2081 705 2184 771 ωρός
2217 706 2322 769 ημᾶς
2361 709 2458 760 ε’λη-

1357 772 1552 830 λυὲὅτος·
1599 777 1650 829 ὥς
1686 776 1975 862 φανερωθῆναι
2021 794 2093 825 την
2146 775 2340 842 σμ’»τηριαν
2383 799 2459 828 των

1358 846 1435 909 ἔξω
1467 841 1744 911 ταλαιπωρίας
1767 865 1848 893 και
1858 847 1928 894 τοῦ
1951 843 2148 910 στενάζειν
2173 845 2457 933 γεγενημένων·

1359 912 1447 972 ἔςιν
1476 919 1568 981 γοῧν
1599 914 1860 970 καταλληλως
1896 918 1980 971 τοῖς
2011 936 2267 982 προκειμενοις
2297 915 2460 969 ἀκούσαι

1358 983 1404 1034 ‘tei
1426 984 1724 1073 ,ταλαίπωρος
1755 982 1848 1070 Eycnw
1861 982 2083 1070 ἄνθρωπος.
2117 1007 2180 1041 τις
2216 1008 2266 1048 με
2300 985 2460 1053 ῥυσεται

1359 1057 1400 1103 ἐκ
1437 1059 1507 1107 τοῦ
1546 1054 1731 1122 σώματος
1775 1058 1848 1106 τοῦ
1889 1053 2071 1106 θανᾶτου
2117 1054 2288 1115 τούτους
2337 1059 2461 1126 ἐφὀ»
2429 1057 2463 1107 ὦ

1357 1124 1550 1191 λεχθέντι
1593 1123 1939 1212 ωαῤῥησιαζᾶμενο
1944 1150 1962 1183 ς
2009 1124 2099 1183 cifis
2137 1125 2262 1193 λέγει·
2300 1130 2461 1196 εὐχαρι-

1359 1217 1444 1247 στω
1473 1202 1528 1262 τῷ
1555 1201 1642 1263 θεῷ
1675 1195 1741 1247 διὰ
1771 1197 1900 1248 'Ianos‘
1860 1218 1902 1245 υ
1938 1199 2130 1266 Χριστοῧ·
2163 1194 2355 1247 δεικνυται
2386 1198 2462 1267 γὰρ

1359 1265 1425 1315 δια
1457 1290 1636 1329 τουτων,
1669 1271 1722 1324 ὦς
1747 1267 1949 1323 ’Ῑησους’
1932 1291 1952 1318 ο
1962 1266 2163 1345 Χριστος
2195 1268 2215 1318 ὅ
2244 1289 2436 1334 ρυσαμενο
2441 1293 2462 1326 ς

1359 1358 1427 1386 τον
1460 1342 1785 1423 ταλαιπωρουντα
1817 1340 1866 1387 δι’
1896 1336 1917 1388 ὃ
1949 1343 2059 1402 εἰχεν
2092 1342 2210 1402 σῶμα
2246 1336 2459 1402 θανᾶτου,

1358 1407 1379 1455 ὅ
1424 1429 1547 1458 ειωων
1583 1412 1685 1459 ἐστι·
1725 1412 1810 1459 νῧνι
1832 1407 2138 1474 ἀναστησομαι,
2179 1408 2282 1486 λέγει
2320 1408 2459 1478 τιν’ριος.

1429 1478 1629 1532 Επῆλθὲν
1653 1501 1755 1529 τισιν
1780 1481 1904 1528 εἰπεῖν
1935 1502 2120 1543 πτωχους
2143 1502 2217 1543 μεν
2243 1483 2345 1530 εἶναι
2371 1503 2460 1538 τους

1357 1547 1661 1612 μεταπεσᾶντας
1693 1552 1763 1599 τοῧ
1793 1545 1975 1601 πλουτου·
2010 1548 2188 1606 ωὲνητας
2220 1548 2262 1599 δὲ
2295 1572 2385 1607 τους
2417 1554 2461 1602 ἐκ

1359 1617 1477 1671 πένου
1508 1621 1555 1669 δι’
1580 1617 1771 1686 ἐργασιας
1801 1616 2000 1686 γινομένου
2023 1643 2069 1671 το
2101 1621 2214 1686 ζῇν”
2194 1642 2365 1685 εχοντοις
2393 1622 2459 1710 1)·

1358 1711 1424 1739 και
1456 1689 1541 1747 ἐςιν
1571 1712 1617 1757 γε
1646 1688 1751 1739 κατὰ
1782 1711 1931 1743 ταυτην
1964 1711 2033 1742 την
2064 1688 2194 1742 νόησιν
2218 1713 2237 1740 ο
2270 1713 2459 1756 πτωχος,

1360 1758 1479 1816 πένης
1511 1763 1556 1818 εξ
1587 1758 1782 1826 ἀνάγκης,
1812 1762 1887 1811 οὐκ
1924 1760 2153 1828 ἀντιστρέφο
2137 1781 2243 1816 ντος
2283 1759 2351 1811 τὲν
2391 1762 2486 1814 πὲ-’

1361 1852 1462 1883 νητα
1494 1853 1664 1895 ωτωχον
1702 1837 1813 1881 εἰναι·
1856 1853 1924 1880 και
1963 1853 2074 1895 ταχο.
2110 1852 2157 1898 γε
2188 1854 2242 1880 τοι
2256 1830 2462 1918 εἰρημένα

1362 1899 1454 1968 ιπερὶ
1494 1905 1563 1952 τοῦ
1605 1904 1772 1965 στωχοῧ
1813 1899 2159 1952 κατασκευάσεται
2203 1924 2268 1950 και
2315 1903 2356 1951 ἐκ
2392 1926 2463 1960 της

1361 1991 1529 2041 γραφης·
1564 1993 1716 2040 ειρηται
1746 1970 1837 2039 γάρ·
1871 1970 2046 2024 πλονσιοι
2081 1970 2362 2037 ἐωτωχευσαν·
2394 1996 2461 2023 και

1362 2043 1423 2092 ὅτι
1473 2042 1789 2108 ἓωτωχεύσαμεν
1840 2040 2005 2110 σφόδρα·
2058 2065 2266 2110 συμφωνως
2310 2065 2463 2100 τουτοις

1364 2110 1579 2177 ἐκληψεται
1600 2149 1615 2173 ,
1647 2110 1713 2163 κάι
1750 2111 1794 2165 to*
1832 2135 1926 2179 ωερι
1963 2135 2031 2164 του
2077 2116 2251 2197 σωτῆρος
2290 2112 2462 2178 λεχθέν·

1362 2183 1415 2238 ὦς
1448 2184 1696 2248 ἐπτωχευσεν
1729 2183 1774 2233 δι’
1803 2206 1912 2247 ημας
1943 2181 2128 2239 πλονσιος
2159 2180 2231 2242 ὧν,
2255 2186 2322 2232 ινα
2350 2206 2466 2247 ημεις

1363 2252 1655 2318 σλουτῆσωμεν
1691 2256 1743 2320 τῇ
1773 2256 1900 2305 αυτοῦ
1935 2250 2136 2318 ωτωχεῖᾳ·
2184 2257 2354 2303 συναινεῖ
2395 2277 2465 2304 και

1364 2327 1449 2380 τοῖς
1481 2346 1580 2393 *nepo
1601 2329 1669 2375 τοῦ
1698 2322 1865 2381 πένητος
1891 2348 1958 2385 το,
1986 2328 2209 2390 στεναγμοῦ
2240 2328 2317 2373 τῶν
2346 2324 2468 2377 πενή-

1365 2416 1474 2456 των,
1508 2391 1722 2447 στενὸντων
1752 2393 1812 2445 ἀει
1843 2418 1912 2445 και
1948 2393 2235 2462 ὀλοφυρομένων
2257 2432 2270 2454 ,
2306 2392 2375 2445 ἐωι
2414 2399 2469 2459 τῷ

1364 2463 1470 2529 πᾶνω
1495 2469 1550 2531 τῷ
1571 2467 1613 2515 ἐκ
1645 2469 1713 2518 τοῦ
1735 2468 1908 2550 ἀπορεῖν
1917 2468 1991 2517 τῶν
2016 2464 2244 2516 ἐπιτηδείων
2251 2463 2466 2554 προσόντι.

1364 2532 1423 2584 Το
1460 2534 1567 2587 Sne:
1552 2559 1642 2599 μαι
1681 2539 1720 2586 ἐν
1756 2533 1965 2604 σωτηρίῳ,
2004 2538 2114 2587 ὂηλοι
2158 2534 2203 2585 τό
2247 2534 2364 2602 ορίσω
2397 2559 2467 2586 και

1365 2627 1532 2659 ποιησω·
1563 2609 1693 2674 ὥσπερ
1727 2629 1795 2656 και
1830 2610 1870 2656 ἐν
1902 2610 1990 2670 τῷ,
2024 2603 2068 2656 ὃν
2105 2605 2247 2656 ἔθηκεν
2283 2605 2470 2672 κληρονο-

1364 2698 1438 2738 μον
1479 2676 1652 2728 πάντων·
1695 2674 1884 2732 δηλιυσης
1915 2699 1988 2733 της
2029 2674 2204 2735 λέξεως,
2247 2697 2291 2725 ον
2332 2679 2470 2743 ὥρισεν

1365 2767 1433 2795 και
1467 2746 1663 2805 ἀνέδειξεν
1689 2745 1940 2814 κληρονόμον·
1976 2769 2034 2803 εις
2066 2750 2200 2796 ταῧτα
2241 2745 2357 2811 λήψει
2401 2770 2469 2805 το,

1364 2815 1478 2867 ἔθετο
1514 2817 1534 2866 ὅ
1568 2817 1669 2874 θεδς
1707 2820 1746 2866 ἐν
1790 2822 1840 2884 τῇ
1875 2815 2064 2879 ἐκκλησία
2099 2838 2255 2903 πρωτον
2299 2815 2472 2868 ἀποστό-

1368 2889 1458 2943 λους
1479 2925 1494 2944 ,
1530 2910 1597 2937 και
1633 2887 1687 2939 τὰ
1715 2887 1823 2945 ἑξης
1856 2910 1923 2936 και
1956 2909 2002 2937 το
2041 2907 2137 2951 προς
2175 2908 2266 2942 τους
2298 2891 2473 2952 πρεσβυ-

1370 2954 1500 3022 τὲρους
1534 2979 1605 3014 της
1638 2956 1843 3012 ἐκκλησίας
1880 2955 2096 3046 ειρημὲνον·
2132 2955 2236 3020 ὖμας
2273 2956 2392 3007 ἔθετο
2425 2979 2470 3007 το

1368 3030 1530 3090 ωνεῧμα
1562 3050 1607 3078 το
1644 3030 1753 3093 ἅγιον
1786 3023 2026 3082 ἐωισκόπους
2058 3048 2278 3088 ποιμαινειν
2310 3047 2383 3080 την
2413 3030 2472 3076 ἐκ·

1367 3096 1554 3149 κλησιαν·
1590 3120 1632 3149 το
1664 3096 1740 3165 γὰρ
1771 3097 1921 3155 ἔθετο,
1958 3096 2160 3154 ἀπόδειξιν
2199 3119 2270 3149 την
2306 3095 2374 3147 δια
2404 3101 2474 3147 τοῦ

1367 3164 1529 3234 ὦρισθαι
1559 3190 1628 3217 και
1658 3171 1909 3220 πεποιησὲαι
1941 3166 2185 3222 ἀποστόλους
2220 3190 2286 3217 και
2319 3169 2476 3220 ἓπισκέ·

1370 3259 1461 3292 πους
1493 3240 1621 3290 δηλοι.

1442 3306 1567 3358 Κατὰ
1599 3312 1711 3360 τοῦτο
1743 3308 1788 3360 τὸ
1823 3307 2105 3373 σημαινόμενον
2139 3331 2209 3359 του
2242 3312 2440 3377 διατηρειν
2459 3347 2476 3371 ,

1370 3400 1438 3427 και
1471 3378 1492 3426 ὃ
1525 3378 1657 3465 σωτήρ
1688 3402 1778 3447 περι
1810 3401 1886 3429 των
1917 3383 2114 3443 μαθητῶν
2147 3379 2282 3445 ἔλεγεν
2314 3383 2370 3445 τῷ
2398 3403 2478 3432 πα-

1374 3468 1451 3514 τρι·
1493 3469 1519 3496 (ε
1544 3447 1678 3517 ιιι-ἄτερ
1713 3452 1799 3516 ἅγιε
1820 3488 1835 3507 ,
1874 3471 2039 3516 τηρησον
2076 3447 2236 3506 αὐτους
2273 3451 2402 3501 ὅτε”’
2372 3473 2478 3515 ημην

1379 3538 1404 3565 »
1442 3519 1525 3582 μετ’
1558 3521 1714 3579 αὐτων,
1750 3517 1827 3587 ἔγω
1856 3518 2015 3588 ἐτηρουν
2047 3518 2218 3579 αὐτοὺς,
2255 3542 2324 3570 και
2355 3520 2374 3570 ὅ
2408 3543 2479 3572 πο-

1380 3610 1404 3635 »
1425 3611 1553 3668 νηρος
1590 3613 1665 3654 ουχ
1707 3593 1866 3644 ἥπτετο
1909 3592 2054 3643 αντῶν.
2078 3612 2103 3639 1>
2145 3613 2253 3641 ειπον
2296 3590 2339 3640 δὲ
2374 3589 2479 3640 κατὰ

1376 3671 1495 3709 τουτο
1540 3681 1584 3710 το
1630 3658 1917 3726 σημαινόμενον
1940 3699 1954 3722 ,
1998 3658 2066 3711 διᾶ
2105 3685 2150 3713 το
2195 3665 2231 3709 ἓν
2276 3666 2325 3725 τῇ
2365 3659 2482 3726 γενέ-

298 3795 328 3835 1)
352 3795 513 3828 Adnotent
529 3795 636 3837 graeci
661 3794 881 3838 lexicographi
904 3795 989 3828 hanc
1004 3795 1240 3829 vocabulorum
1265 3793 1402 3839 πτωχός
1426 3797 1459 3829 et
1480 3782 1582 3834 ἧένης
1602 3797 1856 3832 distinctionem.
1882 3799 2024 3833 Omnino
2046 3802 2078 3833 et
2104 3800 2176 3832 Itali
2204 3799 2309 3830 adhue
2339 3796 2481 3829 retinent

197 3840 471 3891 distinguuntque
490 3851 628 3892 μίτοι-σο
650 3850 711 3891 (οι
730 3858 845 3890 graeco
865 3845 1027 3892 πτωχός)
1048 3850 1081 3882 et
1091 3858 1232 3891 pavero.
