<?xml version="1.0" encoding="UTF-8"?>
<!DOCTYPE html PUBLIC "-//W3C//DTD XHTML 1.0 Transitional//EN"
    "http://www.w3.org/TR/xhtml1/DTD/xhtml1-transitional.dtd">
<html xmlns="http://www.w3.org/1999/xhtml" xml:lang="en" lang="en">
 <head>
  <title>
</title>
<meta http-equiv="Content-Type" content="text/html;charset=utf-8" />
  <meta name='ocr-system' content='tesseract 3.04.00' />
  <meta name='ocr-capabilities' content='ocr_page ocr_carea ocr_par ocr_line ocrx_word'/>
</head>
<body>
  <div class='ocr_page' id='page_1' title='image "./novaepatrumbibli07maiauoft/novaepatrumbibli07maiauoft_0440.png"; bbox 0 0 2944 4426; ppageno 0'>
   <div class='ocr_carea' id='block_1_1' title="bbox 146 439 370 501">
    <p class='ocr_par' dir='ltr' id='par_1_1' title="bbox 146 439 370 501">
     <span class='ocr_line' id='line_1_1' title="bbox 275 439 370 465; baseline 0.024 -2"><span class='ocrx_word' id='word_1_1' title='bbox 275 439 370 465; x_wconf 72' lang='lat' dir='ltr'><strong>v..27</strong></span> 
     </span>
     <span class='ocr_line' id='line_1_2' title="bbox 146 469 370 501; baseline -0.005 -1"><span class='ocrx_word' id='word_1_2' title='bbox 146 471 214 501; x_wconf 79' lang='lat' dir='ltr'><strong>eod.</strong></span> <span class='ocrx_word' id='word_1_3' title='bbox 235 469 325 501; x_wconf 61' lang='lat'><strong>1:24.</strong></span> <span class='ocrx_word' id='word_1_4' title='bbox 341 478 370 499; x_wconf 87' lang='lat' dir='ltr'><strong>a.</strong></span> 
     </span>
    </p>
   </div>
   <div class='ocr_carea' id='block_1_2' title="bbox 147 1080 368 1142">
    <p class='ocr_par' dir='ltr' id='par_1_2' title="bbox 147 1080 368 1142">
     <span class='ocr_line' id='line_1_3' title="bbox 147 1080 368 1142; baseline -0.005 0"><span class='ocrx_word' id='word_1_5' title='bbox 147 1112 215 1142; x_wconf 82' lang='lat' dir='ltr'><strong>eod.</strong></span> <span class='ocrx_word' id='word_1_6' title='bbox 235 1111 256 1141; x_wconf 76' lang='lat' dir='ltr'><strong>i.</strong></span> <span class='ocrx_word' id='word_1_7' title='bbox 276 1080 368 1141; x_wconf 47' lang='lat'><strong>21:1¹).</strong></span> 
     </span>
    </p>
   </div>
   <div class='ocr_carea' id='block_1_3' title="bbox 146 1806 369 1865">
    <p class='ocr_par' dir='ltr' id='par_1_3' title="bbox 146 1806 369 1865">
     <span class='ocr_line' id='line_1_4' title="bbox 146 1806 369 1865; baseline 0.005 -15"><span class='ocrx_word' id='word_1_8' title='bbox 146 1821 218 1865; x_wconf 62' lang='lat'><strong>2⁶⁰⁶·</strong></span> <span class='ocrx_word' id='word_1_9' title='bbox 234 1820 255 1850; x_wconf 75' lang='lat' dir='ltr'><strong>f.</strong></span> <span class='ocrx_word' id='word_1_10' title='bbox 273 1806 323 1850; x_wconf 53' lang='lat'><strong>25:</strong></span> <span class='ocrx_word' id='word_1_11' title='bbox 338 1820 369 1851; x_wconf 84' lang='lat' dir='ltr'><strong>b.</strong></span> 
     </span>
    </p>
   </div>
   <div class='ocr_carea' id='block_1_4' title="bbox 147 2143 375 2205">
    <p class='ocr_par' dir='ltr' id='par_1_4' title="bbox 147 2143 375 2205">
     <span class='ocr_line' id='line_1_5' title="bbox 276 2143 375 2170; baseline 0 -2"><span class='ocrx_word' id='word_1_12' title='bbox 276 2147 309 2169; x_wconf 81' lang='lat' dir='ltr'><strong>v.</strong></span> <span class='ocrx_word' id='word_1_13' title='bbox 331 2143 375 2170; x_wconf 88' lang='lat'><strong>11.</strong></span> 
     </span>
     <span class='ocr_line' id='line_1_6' title="bbox 147 2175 374 2205; baseline 0.005 -1"><span class='ocrx_word' id='word_1_14' title='bbox 147 2175 216 2204; x_wconf 88' lang='lat' dir='ltr'><strong>cod.</strong></span> <span class='ocrx_word' id='word_1_15' title='bbox 238 2175 259 2205; x_wconf 79' lang='lat' dir='ltr'><strong>t.</strong></span> <span class='ocrx_word' id='word_1_16' title='bbox 279 2180 326 2205; x_wconf 74' lang='lat'><strong>20.</strong></span> <span class='ocrx_word' id='word_1_17' title='bbox 346 2182 374 2205; x_wconf 81' lang='lat' dir='ltr'><strong>a.</strong></span> 
     </span>
    </p>
   </div>
   <div class='ocr_carea' id='block_1_5' title="bbox 285 3205 445 3231">
    <p class='ocr_par' dir='ltr' id='par_1_5' title="bbox 285 3205 445 3231">
     <span class='ocr_line' id='line_1_7' title="bbox 285 3205 445 3231; baseline 0 -1"><span class='ocrx_word' id='word_1_18' title='bbox 285 3205 380 3231; x_wconf 79' lang='lat' dir='ltr'><strong>v..15</strong></span> <span class='ocrx_word' id='word_1_19' title='bbox 435 3213 445 3217; x_wconf 90' lang='lat'>·</span> 
     </span>
    </p>
   </div>
   <div class='ocr_carea' id='block_1_6' title="bbox 196 3236 379 3268">
    <p class='ocr_par' dir='ltr' id='par_1_6' title="bbox 196 3236 379 3268">
     <span class='ocr_line' id='line_1_8' title="bbox 196 3236 379 3268; baseline -0.012 0"><span class='ocrx_word' id='word_1_20' title='bbox 196 3237 265 3268; x_wconf 77' lang='lat' dir='ltr'><strong>cod.</strong></span> <span class='ocrx_word' id='word_1_21' title='bbox 284 3242 329 3267; x_wconf 80' lang='lat'><strong>26.</strong></span> <span class='ocrx_word' id='word_1_22' title='bbox 348 3236 379 3266; x_wconf 85' lang='lat' dir='ltr'><strong>b.</strong></span> 
     </span>
    </p>
   </div>
   <div class='ocr_carea' id='block_1_7' title="bbox 420 197 1644 248">
    <p class='ocr_par' dir='ltr' id='par_1_7' title="bbox 420 197 1644 248">
     <span class='ocr_line' id='line_1_9' title="bbox 420 197 1644 248; baseline 0 0"><span class='ocrx_word' id='word_1_23' title='bbox 420 197 449 243; x_wconf 89' lang='lat'>8</span> <span class='ocrx_word' id='word_1_24' title='bbox 1445 215 1644 248; x_wconf 74' lang='lat' dir='ltr'><strong>omesms</strong></span> 
     </span>
    </p>
   </div>
   <div class='ocr_carea' id='block_1_8' title="bbox 412 258 1518 857">
    <p class='ocr_par' dir='ltr' id='par_1_8' title="bbox 414 258 1513 428">
     <span class='ocr_line' id='line_1_10' title="bbox 1108 258 1115 285; baseline 0 0"><span class='ocrx_word' id='word_1_25' title='bbox 1108 258 1115 285; x_wconf 78' lang='grc' dir='ltr'><strong>ι</strong></span> 
     </span>
     <span class='ocr_line' id='line_1_11' title="bbox 416 292 1513 363; baseline 0.007 -20"><span class='ocrx_word' id='word_1_26' title='bbox 416 315 518 350; x_wconf 84' lang='grc' dir='ltr'>τινος</span> <span class='ocrx_word' id='word_1_27' title='bbox 550 293 644 360; x_wconf 71' lang='grc' dir='ltr'>πρὸς</span> <span class='ocrx_word' id='word_1_28' title='bbox 677 292 745 345; x_wconf 71' lang='grc' dir='ltr'><strong>τᾶν</strong></span> <span class='ocrx_word' id='word_1_29' title='bbox 777 294 953 363; x_wconf 75' lang='grc' dir='ltr'>Χριστόν</span> <span class='ocrx_word' id='word_1_30' title='bbox 985 298 1198 351; x_wconf 74' lang='grc' dir='ltr'>οἷκειοῧντα</span> <span class='ocrx_word' id='word_1_31' title='bbox 1223 299 1424 356; x_wconf 74' lang='grc' dir='ltr'>λαληθείη</span> <span class='ocrx_word' id='word_1_32' title='bbox 1447 299 1513 351; x_wconf 79' lang='grc' dir='ltr'><strong>καὶ</strong></span> 
     </span>
     <span class='ocr_line' id='line_1_12' title="bbox 414 364 546 428; baseline -0.009 -14"><span class='ocrx_word' id='word_1_33' title='bbox 414 364 546 428; x_wconf 71' lang='grc' dir='ltr'>μόνον.</span> 
     </span>
    </p>

    <p class='ocr_par' dir='ltr' id='par_1_9' title="bbox 412 435 1518 857">
     <span class='ocr_line' id='line_1_13' title="bbox 459 435 1512 532; baseline 0.009 -49.237"><span class='ocrx_word' id='word_1_34' title='bbox 459 441 692 517; x_wconf 79' lang='grc' dir='ltr'>Συμφωνεῖ</span> <span class='ocrx_word' id='word_1_35' title='bbox 725 458 872 492; x_wconf 79' lang='grc' dir='ltr'>τουτοις</span> <span class='ocrx_word' id='word_1_36' title='bbox 908 435 977 498; x_wconf 72' lang='grc' dir='ltr'><strong>τὲ,</strong></span> <span class='ocrx_word' id='word_1_37' title='bbox 1012 436 1082 487; x_wconf 77' lang='grc' dir='ltr'><strong>ἐὰν</strong></span> <span class='ocrx_word' id='word_1_38' title='bbox 1117 463 1174 503; x_wconf 80' lang='grc' dir='ltr'><strong>μη</strong></span> <span class='ocrx_word' id='word_1_39' title='bbox 1204 463 1332 532; x_wconf 85' lang='grc' dir='ltr'>κυριος</span> <span class='ocrx_word' id='word_1_40' title='bbox 1368 443 1512 492; x_wconf 72' lang='grc' dir='ltr'>οἰκοδο·-</span> 
     </span>
     <span class='ocr_line' id='line_1_14' title="bbox 412 505 1518 595; baseline 0.007 -39"><span class='ocrx_word' id='word_1_41' title='bbox 412 527 522 570; x_wconf 60' lang='lat' dir='ltr'><strong>pam-&lt;1</strong></span> <span class='ocrx_word' id='word_1_42' title='bbox 553 510 675 563; x_wconf 78' lang='grc' dir='ltr'>σἰκον,</span> <span class='ocrx_word' id='word_1_43' title='bbox 713 529 776 555; x_wconf 84' lang='grc' dir='ltr'><strong>και</strong></span> <span class='ocrx_word' id='word_1_44' title='bbox 809 505 962 595; x_wconf 74' lang='grc' dir='ltr'>φυλάξῃ</span> <span class='ocrx_word' id='word_1_45' title='bbox 985 506 1114 559; x_wconf 73' lang='grc' dir='ltr'>πόλιν·</span> <span class='ocrx_word' id='word_1_46' title='bbox 1140 509 1342 565; x_wconf 81' lang='grc' dir='ltr'>τουτέστιν</span> <span class='ocrx_word' id='word_1_47' title='bbox 1370 512 1437 562; x_wconf 80' lang='grc' dir='ltr'><strong>ἐὰν</strong></span> <span class='ocrx_word' id='word_1_48' title='bbox 1461 534 1518 576; x_wconf 82' lang='grc' dir='ltr'><strong>μη</strong></span> 
     </span>
     <span class='ocr_line' id='line_1_15' title="bbox 415 573 1517 668; baseline 0.014 -46"><span class='ocrx_word' id='word_1_49' title='bbox 415 596 539 663; x_wconf 80' lang='grc' dir='ltr'>κυριος</span> <span class='ocrx_word' id='word_1_50' title='bbox 571 573 648 642; x_wconf 81' lang='grc' dir='ltr'><strong>δωῃ</strong></span> <span class='ocrx_word' id='word_1_51' title='bbox 679 598 776 640; x_wconf 82' lang='grc' dir='ltr'>ημιν</span> <span class='ocrx_word' id='word_1_52' title='bbox 808 575 931 643; x_wconf 71' lang='grc' dir='ltr'>ἷσχῦν</span> <span class='ocrx_word' id='word_1_53' title='bbox 963 583 1032 629; x_wconf 75' lang='grc' dir='ltr'><strong>τοῦ</strong></span> <span class='ocrx_word' id='word_1_54' title='bbox 1061 582 1304 632; x_wconf 82' lang='grc' dir='ltr'>κατευθυναι</span> <span class='ocrx_word' id='word_1_55' title='bbox 1335 581 1389 634; x_wconf 76' lang='grc' dir='ltr'><strong>τὰ</strong></span> <span class='ocrx_word' id='word_1_56' title='bbox 1418 581 1517 668; x_wconf 73' lang='grc' dir='ltr'>πρός</span> 
     </span>
     <span class='ocr_line' id='line_1_16' title="bbox 416 644 1516 720; baseline 0.005 -26"><span class='ocrx_word' id='word_1_57' title='bbox 416 644 542 695; x_wconf 69' lang='grc' dir='ltr'>αὐτὸν</span> <span class='ocrx_word' id='word_1_58' title='bbox 581 644 844 710; x_wconf 79' lang='grc' dir='ltr'>διαβηματα,</span> <span class='ocrx_word' id='word_1_59' title='bbox 890 652 1017 712; x_wconf 80' lang='grc' dir='ltr'>μάτην</span> <span class='ocrx_word' id='word_1_60' title='bbox 1051 654 1169 713; x_wconf 75' lang='grc' dir='ltr'>ἦμεις</span> <span class='ocrx_word' id='word_1_61' title='bbox 1206 658 1396 720; x_wconf 75' lang='grc' dir='ltr'>κοπίῶμεν</span> <span class='ocrx_word' id='word_1_62' title='bbox 1417 692 1431 713; x_wconf 92' lang='grc'>,</span> <span class='ocrx_word' id='word_1_63' title='bbox 1477 651 1516 701; x_wconf 74' lang='grc' dir='ltr'><strong>οἱ</strong></span> 
     </span>
     <span class='ocr_line' id='line_1_17' title="bbox 413 715 1517 789; baseline 0.005 -22"><span class='ocrx_word' id='word_1_64' title='bbox 413 738 468 777; x_wconf 81' lang='grc' dir='ltr'><strong>μη</strong></span> <span class='ocrx_word' id='word_1_65' title='bbox 503 719 540 764; x_wconf 85' lang='grc' dir='ltr'><strong>ἐν</strong></span> <span class='ocrx_word' id='word_1_66' title='bbox 572 715 813 784; x_wconf 70' lang='grc' dir='ltr'>παρακλήσει</span> <span class='ocrx_word' id='word_1_67' title='bbox 845 717 968 771; x_wconf 63' lang='grc' dir='ltr'>αὐτον</span> <span class='ocrx_word' id='word_1_68' title='bbox 1001 721 1319 789; x_wconf 80' lang='grc' dir='ltr'>ε’πικαλουμενοι,</span> <span class='ocrx_word' id='word_1_69' title='bbox 1354 726 1444 774; x_wconf 77' lang='grc' dir='ltr'>ἀ)λ’</span> <span class='ocrx_word' id='word_1_70' title='bbox 1478 726 1517 772; x_wconf 84' lang='grc' dir='ltr'><strong>ἐν</strong></span> 
     </span>
     <span class='ocr_line' id='line_1_18' title="bbox 413 786 947 857; baseline 0.012 -24"><span class='ocrx_word' id='word_1_71' title='bbox 413 786 610 853; x_wconf 78' lang='grc' dir='ltr'>αὑθαόείῃ</span> <span class='ocrx_word' id='word_1_72' title='bbox 649 789 947 857; x_wconf 80' lang='grc' dir='ltr'>ἔπιχειρονντες.</span> 
     </span>
    </p>
   </div>
   <div class='ocr_carea' id='block_1_9' title="bbox 1585 303 2685 860">
    <p class='ocr_par' dir='ltr' id='par_1_10' title="bbox 1585 303 2681 419">
     <span class='ocr_line' id='line_1_19' title="bbox 1585 303 2681 364; baseline 0.005 -18"><span class='ocrx_word' id='word_1_73' title='bbox 1585 304 1715 360; x_wconf 87' lang='lat' dir='ltr'><strong>nique</strong></span> <span class='ocrx_word' id='word_1_74' title='bbox 1745 303 1819 364; x_wconf 85' lang='lat' dir='ltr'><strong>abs</strong></span> <span class='ocrx_word' id='word_1_75' title='bbox 1849 304 2001 360; x_wconf 80' lang='lat' dir='ltr'><strong>quovis</strong></span> <span class='ocrx_word' id='word_1_76' title='bbox 2031 303 2227 349; x_wconf 85' lang='lat' dir='ltr'><strong>dicentur</strong></span> <span class='ocrx_word' id='word_1_77' title='bbox 2257 304 2312 348; x_wconf 88' lang='lat' dir='ltr'><strong>ad</strong></span> <span class='ocrx_word' id='word_1_78' title='bbox 2342 305 2555 351; x_wconf 81' lang='lat' dir='ltr'><strong>Christum</strong></span> <span class='ocrx_word' id='word_1_79' title='bbox 2585 313 2681 352; x_wconf 86' lang='lat' dir='ltr'><strong>tan-</strong></span> 
     </span>
     <span class='ocr_line' id='line_1_20' title="bbox 1586 371 2429 419; baseline 0.002 -2"><span class='ocrx_word' id='word_1_80' title='bbox 1586 375 1811 419; x_wconf 93' lang='lat' dir='ltr'><strong>tummodo</strong></span> <span class='ocrx_word' id='word_1_81' title='bbox 1843 375 2114 419; x_wconf 82' lang='lat' dir='ltr'>deducentia.</span> <span class='ocrx_word' id='word_1_82' title='bbox 2427 371 2429 373; x_wconf 69' lang='grc'><strong>’</strong></span> 
     </span>
    </p>

    <p class='ocr_par' dir='ltr' id='par_1_11' title="bbox 1587 446 2685 860">
     <span class='ocr_line' id='line_1_21' title="bbox 1646 446 2682 494; baseline 0.005 -5"><span class='ocrx_word' id='word_1_83' title='bbox 1646 447 1735 490; x_wconf 69' lang='lat' dir='ltr'><strong>His,</strong></span> <span class='ocrx_word' id='word_1_84' title='bbox 1752 450 1986 490; x_wconf 83' lang='lat' dir='ltr'><strong>consonant</strong></span> <span class='ocrx_word' id='word_1_85' title='bbox 2014 446 2108 489; x_wconf 85' lang='lat' dir='ltr'><strong>illa:</strong></span> <span class='ocrx_word' id='word_1_86' title='bbox 2140 446 2221 489; x_wconf 89' lang='lat' dir='ltr'><strong>nisi</strong></span> <span class='ocrx_word' id='word_1_87' title='bbox 2250 447 2457 490; x_wconf 86' lang='lat' dir='ltr'><strong>Dominus</strong></span> <span class='ocrx_word' id='word_1_88' title='bbox 2484 449 2682 494; x_wconf 81' lang='lat' dir='ltr'><strong>aedifica-</strong></span> 
     </span>
     <span class='ocr_line' id='line_1_22' title="bbox 1589 518 2679 576; baseline 0.004 -15"><span class='ocrx_word' id='word_1_89' title='bbox 1589 519 1699 561; x_wconf 83' lang='lat' dir='ltr'>verit</span> <span class='ocrx_word' id='word_1_90' title='bbox 1714 518 1891 562; x_wconf 90' lang='lat' dir='ltr'><strong>domum</strong></span> <span class='ocrx_word' id='word_1_91' title='bbox 1905 551 1918 574; x_wconf 92' lang='lat'>,</span> <span class='ocrx_word' id='word_1_92' title='bbox 1937 523 1980 561; x_wconf 91' lang='lat' dir='ltr'><strong>et</strong></span> <span class='ocrx_word' id='word_1_93' title='bbox 2002 519 2277 562; x_wconf 82' lang='lat' dir='ltr'><strong>custodiverit</strong></span> <span class='ocrx_word' id='word_1_94' title='bbox 2300 519 2528 563; x_wconf 88' lang='lat' dir='ltr'><strong>civitatem.</strong></span> <span class='ocrx_word' id='word_1_95' title='bbox 2548 522 2679 576; x_wconf 84' lang='lat' dir='ltr'><strong>ldest,</strong></span> 
     </span>
     <span class='ocr_line' id='line_1_23' title="bbox 1589 590 2679 647; baseline 0.003 -15"><span class='ocrx_word' id='word_1_96' title='bbox 1589 590 1671 632; x_wconf 88' lang='lat' dir='ltr'><strong>nisi</strong></span> <span class='ocrx_word' id='word_1_97' title='bbox 1700 591 1909 635; x_wconf 88' lang='lat' dir='ltr'><strong>Dominus</strong></span> <span class='ocrx_word' id='word_1_98' title='bbox 1938 590 2066 633; x_wconf 89' lang='lat' dir='ltr'><strong>nobis</strong></span> <span class='ocrx_word' id='word_1_99' title='bbox 2094 592 2181 633; x_wconf 86' lang='lat' dir='ltr'><strong>vim</strong></span> <span class='ocrx_word' id='word_1_100' title='bbox 2209 590 2543 647; x_wconf 81' lang='lat' dir='ltr'>suppeditaverit</span> <span class='ocrx_word' id='word_1_101' title='bbox 2572 592 2679 643; x_wconf 86' lang='lat' dir='ltr'><strong>diri-</strong></span> 
     </span>
     <span class='ocr_line' id='line_1_24' title="bbox 1588 660 2683 717; baseline 0.003 -14"><span class='ocrx_word' id='word_1_102' title='bbox 1588 660 1717 716; x_wconf 88' lang='lat' dir='ltr'><strong>gendi</strong></span> <span class='ocrx_word' id='word_1_103' title='bbox 1748 661 1802 704; x_wconf 90' lang='lat' dir='ltr'><strong>ad</strong></span> <span class='ocrx_word' id='word_1_104' title='bbox 1831 662 1973 717; x_wconf 89' lang='lat' dir='ltr'><strong>ipsum</strong></span> <span class='ocrx_word' id='word_1_105' title='bbox 2002 673 2167 716; x_wconf 82' lang='lat' dir='ltr'><strong>gressus</strong></span> <span class='ocrx_word' id='word_1_106' title='bbox 2195 663 2391 717; x_wconf 84' lang='lat' dir='ltr'><strong>nostros,</strong></span> <span class='ocrx_word' id='word_1_107' title='bbox 2423 663 2583 705; x_wconf 87' lang='lat' dir='ltr'><strong>frustra</strong></span> <span class='ocrx_word' id='word_1_108' title='bbox 2602 675 2683 706; x_wconf 87' lang='lat' dir='ltr'><strong>nos</strong></span> 
     </span>
     <span class='ocr_line' id='line_1_25' title="bbox 1587 731 2685 790; baseline 0.003 -17"><span class='ocrx_word' id='word_1_109' title='bbox 1587 731 1830 774; x_wconf 82' lang='lat' dir='ltr'><strong>laboramus</strong></span> <span class='ocrx_word' id='word_1_110' title='bbox 1846 761 1858 785; x_wconf 91' lang='lat'><strong>,</strong></span> <span class='ocrx_word' id='word_1_111' title='bbox 1892 732 1968 786; x_wconf 86' lang='lat' dir='ltr'><strong>qui</strong></span> <span class='ocrx_word' id='word_1_112' title='bbox 1985 743 2257 787; x_wconf 87' lang='lat' dir='ltr'><strong>nequaquam</strong></span> <span class='ocrx_word' id='word_1_113' title='bbox 2279 746 2376 776; x_wconf 90' lang='lat' dir='ltr'><strong>eum</strong></span> <span class='ocrx_word' id='word_1_114' title='bbox 2395 733 2596 790; x_wconf 88' lang='lat' dir='ltr'><strong>precibus</strong></span> <span class='ocrx_word' id='word_1_115' title='bbox 2616 734 2685 776; x_wconf 89' lang='lat' dir='ltr'><strong>in-</strong></span> 
     </span>
     <span class='ocr_line' id='line_1_26' title="bbox 1589 800 2609 860; baseline 0.002 -16"><span class='ocrx_word' id='word_1_116' title='bbox 1589 814 1791 847; x_wconf 76' lang='lat' dir='ltr'><strong>vocamus</strong></span> <span class='ocrx_word' id='word_1_117' title='bbox 1813 832 1826 855; x_wconf 86' lang='lat'>,</span> <span class='ocrx_word' id='word_1_118' title='bbox 1856 800 1932 844; x_wconf 89' lang='lat' dir='ltr'><strong>sed</strong></span> <span class='ocrx_word' id='word_1_119' title='bbox 1962 814 2059 844; x_wconf 88' lang='lat' dir='ltr'><strong>cum</strong></span> <span class='ocrx_word' id='word_1_120' title='bbox 2089 801 2261 846; x_wconf 86' lang='lat' dir='ltr'><strong>audacia</strong></span> <span class='ocrx_word' id='word_1_121' title='bbox 2290 817 2378 846; x_wconf 88' lang='lat' dir='ltr'><strong>rem</strong></span> <span class='ocrx_word' id='word_1_122' title='bbox 2410 805 2609 860; x_wconf 85' lang='lat' dir='ltr'><strong>gerimus.</strong></span> 
     </span>
    </p>
   </div>
   <div class='ocr_carea' id='block_1_10' title="bbox 1363 928 1697 973">
    <p class='ocr_par' dir='ltr' id='par_1_12' title="bbox 1363 928 1697 973">
     <span class='ocr_line' id='line_1_27' title="bbox 1363 928 1697 973; baseline -0.012 1"><span class='ocrx_word' id='word_1_123' title='bbox 1363 930 1580 973; x_wconf 46' lang='lat' dir='ltr'><strong>JCAP.</strong></span> <span class='ocrx_word' id='word_1_124' title='bbox 1640 928 1697 971; x_wconf 82' lang='lat' dir='ltr'><strong>V.</strong></span> 
     </span>
    </p>
   </div>
   <div class='ocr_carea' id='block_1_11' title="bbox 412 1050 1530 3695">
    <p class='ocr_par' dir='ltr' id='par_1_13' title="bbox 412 1050 1517 1436">
     <span class='ocr_line' id='line_1_28' title="bbox 414 1050 1511 1174; baseline 0.005 -44"><span class='ocrx_word' id='word_1_125' title='bbox 414 1050 774 1148; x_wconf 79' lang='grc' dir='ltr'>Στωμυλευονται</span> <span class='ocrx_word' id='word_1_126' title='bbox 805 1107 880 1153; x_wconf 86' lang='grc' dir='ltr'><strong>γαρ</strong></span> <span class='ocrx_word' id='word_1_127' title='bbox 911 1089 1003 1139; x_wconf 76' lang='grc' dir='ltr'>αἵτε</span> <span class='ocrx_word' id='word_1_128' title='bbox 1039 1086 1221 1174; x_wconf 71' lang='grc' dir='ltr'>πρόδηλοι</span> <span class='ocrx_word' id='word_1_129' title='bbox 1253 1085 1412 1156; x_wconf 70' lang='grc' dir='ltr'>πέρναι,</span> <span class='ocrx_word' id='word_1_130' title='bbox 1444 1086 1511 1136; x_wconf 70' lang='grc' dir='ltr'><strong>καὶ</strong></span> 
     </span>
     <span class='ocr_line' id='line_1_29' title="bbox 413 1154 1517 1223; baseline 0.003 -21"><span class='ocrx_word' id='word_1_131' title='bbox 413 1154 458 1202; x_wconf 84' lang='grc' dir='ltr'><strong>αἶ</strong></span> <span class='ocrx_word' id='word_1_132' title='bbox 490 1158 565 1204; x_wconf 75' lang='grc' dir='ltr'><strong>τῶν</strong></span> <span class='ocrx_word' id='word_1_133' title='bbox 603 1154 829 1223; x_wconf 69' lang='grc' dir='ltr'>ἑτεροδόξων</span> <span class='ocrx_word' id='word_1_134' title='bbox 866 1159 1152 1218; x_wconf 75' lang='grc' dir='ltr'>διδασκαλιαι,</span> <span class='ocrx_word' id='word_1_135' title='bbox 1190 1162 1413 1209; x_wconf 74' lang='grc' dir='ltr'>αωατῶσαι</span> <span class='ocrx_word' id='word_1_136' title='bbox 1450 1155 1517 1207; x_wconf 70' lang='grc' dir='ltr'>διὰ</span> 
     </span>
     <span class='ocr_line' id='line_1_30' title="bbox 413 1224 1517 1315; baseline 0.003 -41"><span class='ocrx_word' id='word_1_137' title='bbox 413 1224 484 1280; x_wconf 77' lang='grc' dir='ltr'><strong>τῆς</strong></span> <span class='ocrx_word' id='word_1_138' title='bbox 514 1225 802 1302; x_wconf 86' lang='grc' dir='ltr'>χρηστολογιας</span> <span class='ocrx_word' id='word_1_139' title='bbox 835 1249 909 1282; x_wconf 88' lang='grc' dir='ltr'><strong>τας</strong></span> <span class='ocrx_word' id='word_1_140' title='bbox 941 1232 1016 1278; x_wconf 79' lang='grc' dir='ltr'><strong>τῶν</strong></span> <span class='ocrx_word' id='word_1_141' title='bbox 1053 1226 1204 1276; x_wconf 80' lang='grc' dir='ltr'>ἀκάκων</span> <span class='ocrx_word' id='word_1_142' title='bbox 1234 1226 1414 1315; x_wconf 76' lang='grc' dir='ltr'><strong>καρδίας·</strong></span> <span class='ocrx_word' id='word_1_143' title='bbox 1448 1250 1517 1292; x_wconf 82' lang='grc' dir='ltr'>με·</span> 
     </span>
     <span class='ocr_line' id='line_1_31' title="bbox 412 1293 1513 1382; baseline 0.004 -38"><span class='ocrx_word' id='word_1_144' title='bbox 412 1293 531 1360; x_wconf 82' lang='grc' dir='ltr'>γῖστη</span> <span class='ocrx_word' id='word_1_145' title='bbox 564 1300 629 1344; x_wconf 81' lang='grc' dir='ltr'><strong>οὐν</strong></span> <span class='ocrx_word' id='word_1_146' title='bbox 637 1293 864 1382; x_wconf 77' lang='grc' dir='ltr'>οἷσφαλεια</span> <span class='ocrx_word' id='word_1_147' title='bbox 902 1295 946 1347; x_wconf 72' lang='grc' dir='ltr'><strong>τὸ</strong></span> <span class='ocrx_word' id='word_1_148' title='bbox 982 1295 1037 1361; x_wconf 76' lang='grc' dir='ltr'>μῆ</span> <span class='ocrx_word' id='word_1_149' title='bbox 1074 1297 1222 1363; x_wconf 80' lang='grc' dir='ltr'>οἷλῶναι</span> <span class='ocrx_word' id='word_1_150' title='bbox 1261 1316 1332 1349; x_wconf 82' lang='grc' dir='ltr'><strong>την</strong></span> <span class='ocrx_word' id='word_1_151' title='bbox 1369 1298 1513 1366; x_wconf 70' lang='grc' dir='ltr'>ἀρχήν·</span> 
     </span>
     <span class='ocr_line' id='line_1_32' title="bbox 415 1363 1164 1449; baseline 0.005 -35"><span class='ocrx_word' id='word_1_152' title='bbox 415 1363 561 1416; x_wconf 68' lang='grc' dir='ltr'>ἇὶοντα</span> <span class='ocrx_word' id='word_1_153' title='bbox 593 1388 702 1449; x_wconf 87' lang='grc' dir='ltr'>γαρ,</span> <span class='ocrx_word' id='word_1_154' title='bbox 726 1366 910 1417; x_wconf 81' lang='grc' dir='ltr'>ὂυσκολον</span> <span class='ocrx_word' id='word_1_155' title='bbox 952 1370 1164 1436; x_wconf 71' lang='grc' dir='ltr'>διαφυγεῖν.</span> 
     </span>
    </p>

    <p class='ocr_par' dir='ltr' id='par_1_14' title="bbox 412 1434 1518 1786">
     <span class='ocr_line' id='line_1_33' title="bbox 487 1434 1518 1502; baseline 0.007 -19"><span class='ocrx_word' id='word_1_156' title='bbox 487 1435 624 1502; x_wconf 76' lang='grc' dir='ltr'>Μέχρι</span> <span class='ocrx_word' id='word_1_157' title='bbox 655 1434 729 1500; x_wconf 82' lang='grc' dir='ltr'><strong>μὲν</strong></span> <span class='ocrx_word' id='word_1_158' title='bbox 768 1441 840 1493; x_wconf 68' lang='grc' dir='ltr'><strong>τῆς</strong></span> <span class='ocrx_word' id='word_1_159' title='bbox 873 1441 990 1493; x_wconf 65' lang='grc' dir='ltr'>ἀκοῆς</span> <span class='ocrx_word' id='word_1_160' title='bbox 1020 1442 1177 1500; x_wconf 71' lang='grc' dir='ltr'>αὐτῶν,</span> <span class='ocrx_word' id='word_1_161' title='bbox 1203 1437 1246 1490; x_wconf 71' lang='grc' dir='ltr'><strong>τὸ</strong></span> <span class='ocrx_word' id='word_1_162' title='bbox 1269 1437 1407 1489; x_wconf 73' lang='grc' dir='ltr'>καλᾶν-</span> <span class='ocrx_word' id='word_1_163' title='bbox 1439 1463 1518 1493; x_wconf 77' lang='lat' dir='ltr'><strong>cm·</strong></span> 
     </span>
     <span class='ocr_line' id='line_1_34' title="bbox 412 1504 1517 1577; baseline 0.005 -23"><span class='ocrx_word' id='word_1_164' title='bbox 412 1526 545 1568; x_wconf 81' lang='grc' dir='ltr'>μαινει</span> <span class='ocrx_word' id='word_1_165' title='bbox 578 1504 620 1554; x_wconf 78' lang='grc' dir='ltr'><strong>δὲ</strong></span> <span class='ocrx_word' id='word_1_166' title='bbox 658 1505 700 1556; x_wconf 67' lang='grc' dir='ltr'><strong>τὸ</strong></span> <span class='ocrx_word' id='word_1_167' title='bbox 735 1511 846 1563; x_wconf 77' lang='grc' dir='ltr'>λιπος</span> <span class='ocrx_word' id='word_1_168' title='bbox 882 1530 956 1561; x_wconf 83' lang='grc' dir='ltr'><strong>την</strong></span> <span class='ocrx_word' id='word_1_169' title='bbox 986 1508 1159 1570; x_wconf 55' lang='lat' dir='ltr'><strong>{idon-av,</strong></span> <span class='ocrx_word' id='word_1_170' title='bbox 1200 1511 1265 1577; x_wconf 78' lang='grc' dir='ltr'><strong>ἀφ’</strong></span> <span class='ocrx_word' id='word_1_171' title='bbox 1297 1506 1348 1566; x_wconf 79' lang='grc' dir='ltr'><strong>ἧς</strong></span> <span class='ocrx_word' id='word_1_172' title='bbox 1380 1508 1517 1561; x_wconf 81' lang='grc' dir='ltr'>τίκτε-</span> 
     </span>
     <span class='ocr_line' id='line_1_35' title="bbox 416 1575 1517 1655; baseline 0.004 -29"><span class='ocrx_word' id='word_1_173' title='bbox 416 1598 483 1626; x_wconf 92' lang='grc' dir='ltr'><strong>ται</strong></span> <span class='ocrx_word' id='word_1_174' title='bbox 514 1598 539 1627; x_wconf 82' lang='grc' dir='ltr'>η</span> <span class='ocrx_word' id='word_1_175' title='bbox 551 1575 828 1655; x_wconf 81' lang='grc' dir='ltr'>ἀκαθαρσία·</span> <span class='ocrx_word' id='word_1_176' title='bbox 866 1576 916 1636; x_wconf 77' lang='grc' dir='ltr'><strong>ἦς</strong></span> <span class='ocrx_word' id='word_1_177' title='bbox 955 1578 1134 1646; x_wconf 77' lang='grc' dir='ltr'>ἔκγονον,</span> <span class='ocrx_word' id='word_1_178' title='bbox 1182 1578 1300 1630; x_wconf 82' lang='grc' dir='ltr'>κακία</span> <span class='ocrx_word' id='word_1_179' title='bbox 1335 1604 1403 1630; x_wconf 87' lang='grc' dir='ltr'><strong>και</strong></span> <span class='ocrx_word' id='word_1_180' title='bbox 1436 1581 1517 1647; x_wconf 77' lang='grc' dir='ltr'><strong>ἅγ-</strong></span> 
     </span>
     <span class='ocr_line' id='line_1_36' title="bbox 413 1645 1518 1719; baseline 0.005 -25"><span class='ocrx_word' id='word_1_181' title='bbox 413 1667 510 1695; x_wconf 88' lang='grc' dir='ltr'>νοια·</span> <span class='ocrx_word' id='word_1_182' title='bbox 544 1653 595 1695; x_wconf 87' lang='grc' dir='ltr'><strong>ὡν</strong></span> <span class='ocrx_word' id='word_1_183' title='bbox 626 1645 780 1697; x_wconf 78' lang='grc' dir='ltr'>οὐδέν’</span> <span class='ocrx_word' id='word_1_184' title='bbox 767 1671 854 1700; x_wconf 91' lang='grc' dir='ltr'>εστι</span> <span class='ocrx_word' id='word_1_185' title='bbox 885 1649 1104 1719; x_wconf 74' lang='grc' dir='ltr'>πικρότερον</span> <span class='ocrx_word' id='word_1_186' title='bbox 1131 1652 1170 1700; x_wconf 84' lang='grc' dir='ltr'><strong>ἐν</strong></span> <span class='ocrx_word' id='word_1_187' title='bbox 1203 1674 1285 1707; x_wconf 90' lang='grc' dir='ltr'>τοις</span> <span class='ocrx_word' id='word_1_188' title='bbox 1316 1649 1518 1718; x_wconf 66' lang='grc' dir='ltr'>γεγονόσιν</span> 
     </span>
     <span class='ocr_line' id='line_1_37' title="bbox 415 1716 982 1786; baseline 0.009 -21"><span class='ocrx_word' id='word_1_189' title='bbox 415 1716 536 1785; x_wconf 78' lang='grc' dir='ltr'>εὖρειν</span> <span class='ocrx_word' id='word_1_190' title='bbox 570 1720 608 1765; x_wconf 86' lang='grc' dir='ltr'><strong>ἐν</strong></span> <span class='ocrx_word' id='word_1_191' title='bbox 644 1717 774 1786; x_wconf 61' lang='grc' dir='ltr'>ἡμέρα</span> <span class='ocrx_word' id='word_1_192' title='bbox 809 1742 982 1786; x_wconf 81' lang='grc' dir='ltr'>κρισεως.</span> 
     </span>
    </p>

    <p class='ocr_par' dir='ltr' id='par_1_15' title="bbox 416 1789 1520 2138">
     <span class='ocr_line' id='line_1_38' title="bbox 485 1789 1518 1860; baseline 0.006 -24.059"><span class='ocrx_word' id='word_1_193' title='bbox 485 1790 700 1838; x_wconf 78' lang='grc' dir='ltr'>Ἐντεῦθεν</span> <span class='ocrx_word' id='word_1_194' title='bbox 744 1789 973 1855; x_wconf 74' lang='grc' dir='ltr'>γινώσκομεν</span> <span class='ocrx_word' id='word_1_195' title='bbox 1017 1815 1077 1844; x_wconf 88' lang='grc' dir='ltr'><strong>οτι</strong></span> <span class='ocrx_word' id='word_1_196' title='bbox 1115 1791 1158 1842; x_wconf 69' lang='grc' dir='ltr'><strong>τὸ</strong></span> <span class='ocrx_word' id='word_1_197' title='bbox 1204 1791 1373 1856; x_wconf 69' lang='grc' dir='ltr'>θυμικὸν</span> <span class='ocrx_word' id='word_1_198' title='bbox 1407 1790 1518 1860; x_wconf 82' lang='grc' dir='ltr'>μέρος</span> 
     </span>
     <span class='ocr_line' id='line_1_39' title="bbox 418 1860 1519 1951; baseline 0.005 -45"><span class='ocrx_word' id='word_1_199' title='bbox 418 1860 618 1924; x_wconf 73' lang='grc' dir='ltr'>ἐπικρατεῖ</span> <span class='ocrx_word' id='word_1_200' title='bbox 650 1882 690 1909; x_wconf 91' lang='grc' dir='ltr'><strong>εν</strong></span> <span class='ocrx_word' id='word_1_201' title='bbox 721 1883 803 1916; x_wconf 77' lang='grc' dir='ltr'>τοις</span> <span class='ocrx_word' id='word_1_202' title='bbox 836 1861 1034 1926; x_wconf 81' lang='grc' dir='ltr'>δαίμοσιν·</span> <span class='ocrx_word' id='word_1_203' title='bbox 1062 1861 1286 1927; x_wconf 56' lang='grc' dir='ltr'>ἄνελε-έμων</span> <span class='ocrx_word' id='word_1_204' title='bbox 1308 1861 1408 1929; x_wconf 80' lang='grc' dir='ltr'>γάρ,</span> <span class='ocrx_word' id='word_1_205' title='bbox 1442 1885 1519 1951; x_wconf 79' lang='grc' dir='ltr'><strong>φη-</strong></span> 
     </span>
     <span class='ocr_line' id='line_1_40' title="bbox 416 1929 1520 2022; baseline 0.004 -44"><span class='ocrx_word' id='word_1_206' title='bbox 416 1951 478 1987; x_wconf 93' lang='grc' dir='ltr'><strong>σι,</strong></span> <span class='ocrx_word' id='word_1_207' title='bbox 513 1929 659 1994; x_wconf 75' lang='grc' dir='ltr'>Θυμος,</span> <span class='ocrx_word' id='word_1_208' title='bbox 684 1951 751 1980; x_wconf 76' lang='grc' dir='ltr'><strong>και</strong></span> <span class='ocrx_word' id='word_1_209' title='bbox 777 1935 888 1988; x_wconf 78' lang='grc' dir='ltr'>ὄξεια</span> <span class='ocrx_word' id='word_1_210' title='bbox 921 1931 1020 2002; x_wconf 75' lang='grc' dir='ltr'>ὄργη</span> <span class='ocrx_word' id='word_1_211' title='bbox 1052 1953 1196 1985; x_wconf 81' lang='grc' dir='ltr'>αυτων”</span> <span class='ocrx_word' id='word_1_212' title='bbox 1223 1931 1420 2022; x_wconf 77' lang='grc' dir='ltr'>θηρευουσι</span> <span class='ocrx_word' id='word_1_213' title='bbox 1443 1956 1520 2001; x_wconf 88' lang='grc' dir='ltr'><strong>γαρ</strong></span> 
     </span>
     <span class='ocr_line' id='line_1_41' title="bbox 416 1999 1520 2071; baseline 0.005 -23"><span class='ocrx_word' id='word_1_214' title='bbox 416 2002 471 2055; x_wconf 79' lang='grc' dir='ltr'><strong>εἰς</strong></span> <span class='ocrx_word' id='word_1_215' title='bbox 509 1999 710 2051; x_wconf 83' lang='grc' dir='ltr'>α’πωλειαν</span> <span class='ocrx_word' id='word_1_216' title='bbox 742 2001 836 2059; x_wconf 67' lang='grc' dir='ltr'>τοὺς</span> <span class='ocrx_word' id='word_1_217' title='bbox 874 2011 1074 2071; x_wconf 75' lang='grc' dir='ltr'>πειθαρχε</span> <span class='ocrx_word' id='word_1_218' title='bbox 1077 2026 1200 2061; x_wconf 81' lang='grc' dir='ltr'>υντας</span> <span class='ocrx_word' id='word_1_219' title='bbox 1232 2008 1384 2061; x_wconf 74' lang='grc' dir='ltr'>αὐτοῖς·</span> <span class='ocrx_word' id='word_1_220' title='bbox 1422 2007 1520 2056; x_wconf 78' lang='grc' dir='ltr'>οὕτω</span> 
     </span>
     <span class='ocr_line' id='line_1_42' title="bbox 417 2092 1216 2138; baseline 0.008 -20"><span class='ocrx_word' id='word_1_221' title='bbox 417 2092 493 2138; x_wconf 90' lang='grc' dir='ltr'><strong>γαρ</strong></span> <span class='ocrx_word' id='word_1_222' title='bbox 524 2094 664 2134; x_wconf 81' lang='grc' dir='ltr'>τιμωσι</span> <span class='ocrx_word' id='word_1_223' title='bbox 697 2095 788 2128; x_wconf 83' lang='grc' dir='ltr'>τους</span> <span class='ocrx_word' id='word_1_224' title='bbox 821 2096 1020 2138; x_wconf 85' lang='grc' dir='ltr'>τιμωντας</span> <span class='ocrx_word' id='word_1_225' title='bbox 1053 2096 1216 2130; x_wconf 86' lang='grc' dir='ltr'>αυτους.</span> 
     </span>
    </p>

    <p class='ocr_par' dir='ltr' id='par_1_16' title="bbox 418 2141 1524 2688">
     <span class='ocr_line' id='line_1_43' title="bbox 491 2141 1521 2234; baseline 0.004 -44"><span class='ocrx_word' id='word_1_226' title='bbox 491 2141 570 2190; x_wconf 89' lang='grc' dir='ltr'><strong>Δια</strong></span> <span class='ocrx_word' id='word_1_227' title='bbox 601 2164 677 2193; x_wconf 89' lang='grc' dir='ltr'><strong>των</strong></span> <span class='ocrx_word' id='word_1_228' title='bbox 713 2166 849 2193; x_wconf 87' lang='grc' dir='ltr'>κακιων</span> <span class='ocrx_word' id='word_1_229' title='bbox 882 2148 916 2193; x_wconf 83' lang='grc' dir='ltr'><strong>οἱ</strong></span> <span class='ocrx_word' id='word_1_230' title='bbox 949 2168 1086 2234; x_wconf 79' lang='grc' dir='ltr'>πονηρο</span> <span class='ocrx_word' id='word_1_231' title='bbox 1071 2169 1103 2194; x_wconf 95' lang='grc' dir='ltr'><strong>ι</strong></span> <span class='ocrx_word' id='word_1_232' title='bbox 1133 2143 1348 2212; x_wconf 80' lang='grc' dir='ltr'>κατατρίβ</span> <span class='ocrx_word' id='word_1_233' title='bbox 1335 2169 1415 2198; x_wconf 88' lang='grc' dir='ltr'><strong>υσι</strong></span> <span class='ocrx_word' id='word_1_234' title='bbox 1447 2168 1521 2202; x_wconf 86' lang='grc' dir='ltr'><strong>τας</strong></span> 
     </span>
     <span class='ocr_line' id='line_1_44' title="bbox 421 2214 1523 2282; baseline 0.005 -21"><span class='ocrx_word' id='word_1_235' title='bbox 421 2233 569 2277; x_wconf 85' lang='grc' dir='ltr'>σαρκας</span> <span class='ocrx_word' id='word_1_236' title='bbox 607 2218 676 2262; x_wconf 73' lang='grc' dir='ltr'><strong>τοῦ</strong></span> <span class='ocrx_word' id='word_1_237' title='bbox 719 2218 929 2282; x_wconf 70' lang='grc' dir='ltr'>Χριστοῦ,</span> <span class='ocrx_word' id='word_1_238' title='bbox 966 2239 1032 2265; x_wconf 89' lang='grc' dir='ltr'><strong>και</strong></span> <span class='ocrx_word' id='word_1_239' title='bbox 1073 2214 1116 2266; x_wconf 65' lang='grc' dir='ltr'><strong>τὸ</strong></span> <span class='ocrx_word' id='word_1_240' title='bbox 1156 2214 1263 2279; x_wconf 72' lang='grc' dir='ltr'>α’ἷμοι</span> <span class='ocrx_word' id='word_1_241' title='bbox 1299 2216 1523 2269; x_wconf 83' lang='grc' dir='ltr'>καταναλι-</span> 
     </span>
     <span class='ocr_line' id='line_1_45' title="bbox 421 2283 1524 2355; baseline 0.005 -23"><span class='ocrx_word' id='word_1_242' title='bbox 421 2305 574 2342; x_wconf 84' lang='grc' dir='ltr'>σκουσι,</span> <span class='ocrx_word' id='word_1_243' title='bbox 599 2283 722 2334; x_wconf 68' lang='grc' dir='ltr'>κοινὸν</span> <span class='ocrx_word' id='word_1_244' title='bbox 748 2283 844 2337; x_wconf 65' lang='grc' dir='ltr'>αὐτὸ</span> <span class='ocrx_word' id='word_1_245' title='bbox 867 2284 1108 2351; x_wconf 80' lang='grc' dir='ltr'>ηγησάμενοι</span> <span class='ocrx_word' id='word_1_246' title='bbox 1131 2288 1196 2351; x_wconf 74' lang='grc'><strong>1)·</strong></span> <span class='ocrx_word' id='word_1_247' title='bbox 1221 2289 1239 2335; x_wconf 80' lang='grc' dir='ltr'>ὅ</span> <span class='ocrx_word' id='word_1_248' title='bbox 1266 2285 1418 2353; x_wconf 71' lang='grc' dir='ltr'>τρώγων</span> <span class='ocrx_word' id='word_1_249' title='bbox 1448 2310 1524 2355; x_wconf 85' lang='grc' dir='ltr'><strong>γαρ</strong></span> 
     </span>
     <span class='ocr_line' id='line_1_46' title="bbox 418 2354 1520 2424; baseline 0.007 -24"><span class='ocrx_word' id='word_1_250' title='bbox 418 2359 516 2416; x_wconf 79' lang='grc' dir='ltr'>μου,</span> <span class='ocrx_word' id='word_1_251' title='bbox 551 2354 670 2420; x_wconf 67' lang='grc' dir='ltr'>φησι,</span> <span class='ocrx_word' id='word_1_252' title='bbox 706 2354 776 2406; x_wconf 48' lang='lat' dir='ltr'><strong>triv</strong></span> <span class='ocrx_word' id='word_1_253' title='bbox 809 2354 957 2424; x_wconf 78' lang='grc' dir='ltr'>σοίρκα,</span> <span class='ocrx_word' id='word_1_254' title='bbox 983 2380 1049 2407; x_wconf 85' lang='grc' dir='ltr'><strong>και</strong></span> <span class='ocrx_word' id='word_1_255' title='bbox 1074 2355 1194 2408; x_wconf 81' lang='grc' dir='ltr'>πίνων</span> <span class='ocrx_word' id='word_1_256' title='bbox 1218 2381 1294 2419; x_wconf 78' lang='grc' dir='ltr'><strong>μου</strong></span> <span class='ocrx_word' id='word_1_257' title='bbox 1320 2357 1364 2408; x_wconf 73' lang='grc' dir='ltr'><strong>τὸ</strong></span> <span class='ocrx_word' id='word_1_258' title='bbox 1388 2381 1520 2422; x_wconf 82' lang='grc' dir='ltr'>αιμα,</span> 
     </span>
     <span class='ocr_line' id='line_1_47' title="bbox 419 2422 1520 2493; baseline 0.005 -20"><span class='ocrx_word' id='word_1_259' title='bbox 419 2423 507 2487; x_wconf 77' lang='grc' dir='ltr'>ἔχει</span> <span class='ocrx_word' id='word_1_260' title='bbox 545 2422 648 2479; x_wconf 84' lang='grc' dir='ltr'>ζωην</span> <span class='ocrx_word' id='word_1_261' title='bbox 691 2423 870 2486; x_wconf 88' lang='grc' dir='ltr'>αἰωνιον,</span> <span class='ocrx_word' id='word_1_262' title='bbox 913 2426 1023 2493; x_wconf 77' lang='grc' dir='ltr'><strong>κᾷγω</strong></span> <span class='ocrx_word' id='word_1_263' title='bbox 1056 2424 1272 2478; x_wconf 68' lang='grc' dir='ltr'>ἀναστήσω</span> <span class='ocrx_word' id='word_1_264' title='bbox 1312 2427 1438 2478; x_wconf 66' lang='grc' dir='ltr'>αὐτὸν</span> <span class='ocrx_word' id='word_1_265' title='bbox 1481 2432 1520 2478; x_wconf 80' lang='grc' dir='ltr'><strong>ἐν</strong></span> 
     </span>
     <span class='ocr_line' id='line_1_48' title="bbox 421 2491 1522 2563; baseline 0.007 -22"><span class='ocrx_word' id='word_1_266' title='bbox 421 2491 552 2557; x_wconf 80' lang='grc' dir='ltr'>ἑσχατ</span> <span class='ocrx_word' id='word_1_267' title='bbox 555 2517 576 2558; x_wconf 82' lang='grc' dir='ltr'>ῃ</span> <span class='ocrx_word' id='word_1_268' title='bbox 617 2492 754 2562; x_wconf 72' lang='grc' dir='ltr'>ἡμέρᾳ·</span> <span class='ocrx_word' id='word_1_269' title='bbox 788 2497 805 2545; x_wconf 74' lang='grc' dir='ltr'>ὅ</span> <span class='ocrx_word' id='word_1_270' title='bbox 841 2499 884 2546; x_wconf 76' lang='grc' dir='ltr'><strong>δὲ</strong></span> <span class='ocrx_word' id='word_1_271' title='bbox 921 2498 1091 2555; x_wconf 80' lang='grc' dir='ltr'>ἀναξίως</span> <span class='ocrx_word' id='word_1_272' title='bbox 1131 2496 1283 2547; x_wconf 81' lang='grc' dir='ltr'>ἐσθίων</span> <span class='ocrx_word' id='word_1_273' title='bbox 1321 2497 1366 2548; x_wconf 71' lang='grc' dir='ltr'><strong>τὸ</strong></span> <span class='ocrx_word' id='word_1_274' title='bbox 1406 2522 1522 2563; x_wconf 84' lang='grc' dir='ltr'>σωμα</span> 
     </span>
     <span class='ocr_line' id='line_1_49' title="bbox 419 2563 1524 2635; baseline 0.006 -24"><span class='ocrx_word' id='word_1_275' title='bbox 419 2587 485 2612; x_wconf 87' lang='grc' dir='ltr'><strong>και</strong></span> <span class='ocrx_word' id='word_1_276' title='bbox 523 2563 648 2614; x_wconf 66' lang='grc' dir='ltr'>πίνων</span> <span class='ocrx_word' id='word_1_277' title='bbox 687 2565 729 2615; x_wconf 71' lang='grc' dir='ltr'><strong>τὸ</strong></span> <span class='ocrx_word' id='word_1_278' title='bbox 768 2565 875 2631; x_wconf 62' lang='grc' dir='ltr'>αἷμα</span> <span class='ocrx_word' id='word_1_279' title='bbox 920 2573 989 2618; x_wconf 74' lang='grc' dir='ltr'><strong>τοῦ</strong></span> <span class='ocrx_word' id='word_1_280' title='bbox 1024 2566 1186 2635; x_wconf 81' lang='grc' dir='ltr'>κυρίου,</span> <span class='ocrx_word' id='word_1_281' title='bbox 1229 2566 1351 2635; x_wconf 86' lang='grc' dir='ltr'>κρίμα</span> <span class='ocrx_word' id='word_1_282' title='bbox 1393 2569 1524 2634; x_wconf 74' lang='grc' dir='ltr'>ἑαυτῷ</span> 
     </span>
     <span class='ocr_line' id='line_1_50' title="bbox 420 2632 800 2688; baseline 0.008 -6"><span class='ocrx_word' id='word_1_283' title='bbox 420 2632 552 2685; x_wconf 75' lang='grc' dir='ltr'>ἐσθίει</span> <span class='ocrx_word' id='word_1_284' title='bbox 583 2659 649 2685; x_wconf 87' lang='grc' dir='ltr'><strong>και</strong></span> <span class='ocrx_word' id='word_1_285' title='bbox 681 2659 800 2688; x_wconf 88' lang='grc' dir='ltr'>πινει.</span> 
     </span>
    </p>

    <p class='ocr_par' dir='ltr' id='par_1_17' title="bbox 419 2700 1525 3199">
     <span class='ocr_line' id='line_1_51' title="bbox 475 2700 1524 2770; baseline 0.004 -15.09"><span class='ocrx_word' id='word_1_286' title='bbox 475 2700 562 2755; x_wconf 76' lang='grc' dir='ltr'><strong>Ἠν</strong></span> <span class='ocrx_word' id='word_1_287' title='bbox 599 2709 665 2756; x_wconf 90' lang='grc' dir='ltr'><strong>οτε</strong></span> <span class='ocrx_word' id='word_1_288' title='bbox 702 2711 765 2756; x_wconf 75' lang='grc' dir='ltr'>οὐκ</span> <span class='ocrx_word' id='word_1_289' title='bbox 784 2706 850 2766; x_wconf 74' lang='grc' dir='ltr'><strong>ἦν</strong></span> <span class='ocrx_word' id='word_1_290' title='bbox 887 2708 1000 2759; x_wconf 68' lang='grc' dir='ltr'>κακον</span> <span class='ocrx_word' id='word_1_291' title='bbox 1022 2748 1035 2770; x_wconf 91' lang='lat'>‚</span> <span class='ocrx_word' id='word_1_292' title='bbox 1080 2734 1145 2759; x_wconf 87' lang='grc' dir='ltr'><strong>και</strong></span> <span class='ocrx_word' id='word_1_293' title='bbox 1194 2710 1308 2762; x_wconf 80' lang='grc' dir='ltr'>ἔσται</span> <span class='ocrx_word' id='word_1_294' title='bbox 1352 2733 1419 2761; x_wconf 91' lang='grc' dir='ltr'><strong>οτε</strong></span> <span class='ocrx_word' id='word_1_295' title='bbox 1457 2733 1524 2760; x_wconf 86' lang='grc' dir='ltr'>ουκ</span> 
     </span>
     <span class='ocr_line' id='line_1_52' title="bbox 419 2775 1523 2849; baseline 0.005 -25"><span class='ocrx_word' id='word_1_296' title='bbox 419 2775 549 2826; x_wconf 79' lang='grc' dir='ltr'>ἕσται·</span> <span class='ocrx_word' id='word_1_297' title='bbox 582 2777 849 2835; x_wconf 81' lang='grc' dir='ltr'>ἀνεξάλειπτα</span> <span class='ocrx_word' id='word_1_298' title='bbox 872 2802 949 2846; x_wconf 88' lang='grc' dir='ltr'><strong>γαρ</strong></span> <span class='ocrx_word' id='word_1_299' title='bbox 979 2802 1032 2831; x_wconf 88' lang='grc' dir='ltr'><strong>τα</strong></span> <span class='ocrx_word' id='word_1_300' title='bbox 1063 2780 1274 2849; x_wconf 78' lang='grc' dir='ltr'>σπέρματα</span> <span class='ocrx_word' id='word_1_301' title='bbox 1317 2786 1388 2837; x_wconf 64' lang='grc' dir='ltr'>τῆς</span> <span class='ocrx_word' id='word_1_302' title='bbox 1427 2785 1523 2848; x_wconf 84' lang='grc' dir='ltr'>ἀρε-</span> 
     </span>
     <span class='ocr_line' id='line_1_53' title="bbox 421 2848 1522 2919; baseline 0.005 -24"><span class='ocrx_word' id='word_1_303' title='bbox 421 2850 504 2901; x_wconf 78' lang='grc' dir='ltr'><strong>τῆς·</strong></span> <span class='ocrx_word' id='word_1_304' title='bbox 543 2848 673 2899; x_wconf 88' lang='grc' dir='ltr'>πείθει</span> <span class='ocrx_word' id='word_1_305' title='bbox 711 2849 754 2899; x_wconf 76' lang='grc' dir='ltr'><strong>δέ</strong></span> <span class='ocrx_word' id='word_1_306' title='bbox 789 2872 838 2914; x_wconf 83' lang='grc' dir='ltr'>με</span> <span class='ocrx_word' id='word_1_307' title='bbox 874 2873 941 2899; x_wconf 86' lang='grc' dir='ltr'><strong>και</strong></span> <span class='ocrx_word' id='word_1_308' title='bbox 979 2849 1089 2907; x_wconf 76' lang='grc' dir='ltr'>οὗτος</span> <span class='ocrx_word' id='word_1_309' title='bbox 1126 2853 1215 2919; x_wconf 83' lang='grc' dir='ltr'>παρ’</span> <span class='ocrx_word' id='word_1_310' title='bbox 1254 2848 1416 2918; x_wconf 81' lang='grc' dir='ltr'>ὀλίγον,</span> <span class='ocrx_word' id='word_1_311' title='bbox 1455 2875 1522 2901; x_wconf 89' lang='grc' dir='ltr'><strong>και</strong></span> 
     </span>
     <span class='ocr_line' id='line_1_54' title="bbox 419 2918 1523 2988; baseline 0.006 -23"><span class='ocrx_word' id='word_1_312' title='bbox 419 2919 462 2965; x_wconf 80' lang='grc' dir='ltr'><strong>ου’</strong></span> <span class='ocrx_word' id='word_1_313' title='bbox 489 2918 682 2975; x_wconf 87' lang='grc' dir='ltr'>τελείως’</span> <span class='ocrx_word' id='word_1_314' title='bbox 669 2941 707 2967; x_wconf 91' lang='grc' dir='ltr'><strong>εν</strong></span> <span class='ocrx_word' id='word_1_315' title='bbox 731 2941 849 2972; x_wconf 88' lang='grc' dir='ltr'>παντι</span> <span class='ocrx_word' id='word_1_316' title='bbox 882 2925 986 2986; x_wconf 77' lang='grc' dir='ltr'>κακῷ</span> <span class='ocrx_word' id='word_1_317' title='bbox 1015 2944 1182 2988; x_wconf 77' lang='grc' dir='ltr'>γεγονως</span> <span class='ocrx_word' id='word_1_318' title='bbox 1214 2923 1232 2971; x_wconf 78' lang='grc' dir='ltr'><em>ὃ</em></span> <span class='ocrx_word' id='word_1_319' title='bbox 1266 2921 1449 2978; x_wconf 72' lang='grc' dir='ltr'>πλούσιος</span> <span class='ocrx_word' id='word_1_320' title='bbox 1486 2927 1523 2972; x_wconf 85' lang='grc' dir='ltr'><strong>ἐν</strong></span> 
     </span>
     <span class='ocr_line' id='line_1_55' title="bbox 420 2988 1524 3081; baseline 0.008 -47"><span class='ocrx_word' id='word_1_321' title='bbox 420 3008 474 3050; x_wconf 86' lang='grc' dir='ltr'><strong>τῳ</strong></span> <span class='ocrx_word' id='word_1_322' title='bbox 504 2991 580 3055; x_wconf 79' lang='grc' dir='ltr'><strong>ᾅδῃ</strong></span> <span class='ocrx_word' id='word_1_323' title='bbox 606 2988 671 3038; x_wconf 73' lang='grc' dir='ltr'><strong>δια</strong></span> <span class='ocrx_word' id='word_1_324' title='bbox 692 2988 832 3041; x_wconf 85' lang='grc' dir='ltr'>κακίαν</span> <span class='ocrx_word' id='word_1_325' title='bbox 858 3014 1100 3059; x_wconf 86' lang='grc' dir='ltr'>κρινομενος,</span> <span class='ocrx_word' id='word_1_326' title='bbox 1125 3016 1188 3041; x_wconf 90' lang='grc' dir='ltr'><strong>και</strong></span> <span class='ocrx_word' id='word_1_327' title='bbox 1213 2991 1409 3061; x_wconf 79' lang='grc' dir='ltr'>οικτείρων</span> <span class='ocrx_word' id='word_1_328' title='bbox 1434 3015 1524 3081; x_wconf 56' lang='grc' dir='ltr'>τους</span> 
     </span>
     <span class='ocr_line' id='line_1_56' title="bbox 421 3059 1525 3149; baseline 0.01 -44"><span class='ocrx_word' id='word_1_329' title='bbox 421 3059 610 3143; x_wconf 71' lang='grc' dir='ltr'>ἀδελφούς</span> <span class='ocrx_word' id='word_1_330' title='bbox 637 3063 702 3126; x_wconf 84' lang='grc'><strong>2)</strong></span> <span class='ocrx_word' id='word_1_331' title='bbox 745 3060 790 3112; x_wconf 67' lang='grc' dir='ltr'><strong>τέ</strong></span> <span class='ocrx_word' id='word_1_332' title='bbox 821 3062 862 3111; x_wconf 76' lang='lat' dir='ltr'><strong>de</strong></span> <span class='ocrx_word' id='word_1_333' title='bbox 873 3066 1037 3149; x_wconf 44' lang='grc' dir='ltr'>Νὲλεειν,</span> <span class='ocrx_word' id='word_1_334' title='bbox 1071 3086 1226 3130; x_wconf 86' lang='grc' dir='ltr'>σπερμα</span> <span class='ocrx_word' id='word_1_335' title='bbox 1263 3085 1446 3131; x_wconf 78' lang='grc' dir='ltr'>τυγχανει</span> <span class='ocrx_word' id='word_1_336' title='bbox 1481 3085 1525 3114; x_wconf 77' lang='grc' dir='ltr'>το</span> 
     </span>
     <span class='ocr_line' id='line_1_57' title="bbox 419 3126 928 3220; baseline 0.016 -46"><span class='ocrx_word' id='word_1_337' title='bbox 419 3126 631 3180; x_wconf 79' lang='grc' dir='ltr'>κάλλιστον</span> <span class='ocrx_word' id='word_1_338' title='bbox 663 3136 735 3186; x_wconf 78' lang='grc' dir='ltr'><strong>τῆς</strong></span> <span class='ocrx_word' id='word_1_339' title='bbox 772 3134 928 3220; x_wconf 62' lang='grc' dir='ltr'>αρετῆς.</span> 
     </span>
    </p>

    <p class='ocr_par' dir='ltr' id='par_1_18' title="bbox 423 3202 1530 3695">
     <span class='ocr_line' id='line_1_58' title="bbox 493 3202 1526 3271; baseline 0.003 -22.038"><span class='ocrx_word' id='word_1_340' title='bbox 493 3202 547 3249; x_wconf 88' lang='lat' dir='ltr'><strong>‘H</strong></span> <span class='ocrx_word' id='word_1_341' title='bbox 571 3205 712 3266; x_wconf 77' lang='grc' dir='ltr'>γνῶσις</span> <span class='ocrx_word' id='word_1_342' title='bbox 742 3225 808 3251; x_wconf 90' lang='grc' dir='ltr'><strong>και</strong></span> <span class='ocrx_word' id='word_1_343' title='bbox 842 3202 959 3271; x_wconf 78' lang='grc' dir='ltr'>φρέαρ</span> <span class='ocrx_word' id='word_1_344' title='bbox 990 3202 1077 3252; x_wconf 87' lang='grc' dir='ltr'>ἐστι</span> <span class='ocrx_word' id='word_1_345' title='bbox 1103 3204 1170 3253; x_wconf 81' lang='grc' dir='ltr'><strong>και</strong></span> <span class='ocrx_word' id='word_1_346' title='bbox 1201 3220 1320 3270; x_wconf 82' lang='grc' dir='ltr'>πηγη·</span> <span class='ocrx_word' id='word_1_347' title='bbox 1347 3209 1426 3260; x_wconf 77' lang='grc' dir='ltr'>τοῖς</span> <span class='ocrx_word' id='word_1_348' title='bbox 1456 3226 1526 3267; x_wconf 83' lang='grc' dir='ltr'><strong>μεν</strong></span> 
     </span>
     <span class='ocr_line' id='line_1_59' title="bbox 423 3272 1527 3342; baseline 0.006 -26"><span class='ocrx_word' id='word_1_349' title='bbox 423 3289 500 3340; x_wconf 75' lang='grc' dir='ltr'><strong>γαρ</strong></span> <span class='ocrx_word' id='word_1_350' title='bbox 531 3275 796 3335; x_wconf 84' lang='grc' dir='ltr'>προσελθουσι</span> <span class='ocrx_word' id='word_1_351' title='bbox 829 3276 918 3327; x_wconf 73' lang='grc' dir='ltr'>ταῖς</span> <span class='ocrx_word' id='word_1_352' title='bbox 950 3276 1137 3339; x_wconf 72' lang='grc' dir='ltr'>ἀρεταῖς,</span> <span class='ocrx_word' id='word_1_353' title='bbox 1171 3273 1307 3337; x_wconf 83' lang='grc' dir='ltr'>βαθυ</span> <span class='ocrx_word' id='word_1_354' title='bbox 1317 3272 1434 3342; x_wconf 82' lang='grc' dir='ltr'>φρέαρ</span> <span class='ocrx_word' id='word_1_355' title='bbox 1467 3280 1527 3323; x_wconf 80' lang='grc' dir='ltr'>εἷ-</span> 
     </span>
     <span class='ocr_line' id='line_1_60' title="bbox 425 3341 1526 3412; baseline 0.013 -27.039"><span class='ocrx_word' id='word_1_356' title='bbox 425 3359 490 3386; x_wconf 84' lang='grc' dir='ltr'><strong>ναι</strong></span> <span class='ocrx_word' id='word_1_357' title='bbox 521 3342 636 3388; x_wconf 73' lang='grc' dir='ltr'>δοκεῖ·</span> <span class='ocrx_word' id='word_1_358' title='bbox 678 3363 758 3396; x_wconf 87' lang='grc' dir='ltr'>τοις</span> <span class='ocrx_word' id='word_1_359' title='bbox 790 3341 833 3391; x_wconf 71' lang='lat' dir='ltr'><strong>de</strong></span> <span class='ocrx_word' id='word_1_360' title='bbox 864 3342 1050 3394; x_wconf 79' lang='grc' dir='ltr'>ἀπαθέσι</span> <span class='ocrx_word' id='word_1_361' title='bbox 1073 3367 1136 3395; x_wconf 88' lang='grc' dir='ltr'><strong>και</strong></span> <span class='ocrx_word' id='word_1_362' title='bbox 1166 3349 1371 3412; x_wconf 69' lang='grc' dir='ltr'>καθαροῖς,</span> <span class='ocrx_word' id='word_1_363' title='bbox 1405 3367 1526 3410; x_wconf 67' lang='grc' dir='ltr'>πηγή·</span> 
     </span>
     <span class='ocr_line' id='line_1_61' title="bbox 425 3410 1528 3482; baseline 0.01 -26"><span class='ocrx_word' id='word_1_364' title='bbox 425 3411 525 3459; x_wconf 78' lang='grc' dir='ltr'>οὕτω</span> <span class='ocrx_word' id='word_1_365' title='bbox 554 3410 620 3459; x_wconf 78' lang='grc' dir='ltr'><strong>καὶ</strong></span> <span class='ocrx_word' id='word_1_366' title='bbox 654 3435 673 3459; x_wconf 92' lang='grc' dir='ltr'>ο</span> <span class='ocrx_word' id='word_1_367' title='bbox 708 3435 839 3480; x_wconf 78' lang='grc' dir='ltr'>σωτηρ</span> <span class='ocrx_word' id='word_1_368' title='bbox 869 3412 1120 3471; x_wconf 81' lang='grc' dir='ltr'>ἐκαθέζετο’</span> <span class='ocrx_word' id='word_1_369' title='bbox 1107 3437 1168 3467; x_wconf 85' lang='grc' dir='ltr'><strong>επι</strong></span> <span class='ocrx_word' id='word_1_370' title='bbox 1201 3419 1252 3481; x_wconf 74' lang='grc' dir='ltr'><strong>τῇ</strong></span> <span class='ocrx_word' id='word_1_371' title='bbox 1280 3419 1418 3481; x_wconf 74' lang='grc' dir='ltr'>πηγῇ,</span> <span class='ocrx_word' id='word_1_372' title='bbox 1449 3418 1528 3482; x_wconf 81' lang='grc' dir='ltr'><strong>ὥρα</strong></span> 
     </span>
     <span class='ocr_line' id='line_1_62' title="bbox 426 3474 1525 3552; baseline 0.007 -25"><span class='ocrx_word' id='word_1_373' title='bbox 426 3474 474 3530; x_wconf 75' lang='grc' dir='ltr'><strong>ἦν</strong></span> <span class='ocrx_word' id='word_1_374' title='bbox 505 3477 595 3530; x_wconf 81' lang='grc' dir='ltr'>ὤσει</span> <span class='ocrx_word' id='word_1_375' title='bbox 627 3483 737 3533; x_wconf 75' lang='grc' dir='ltr'>ἕκτη·</span> <span class='ocrx_word' id='word_1_376' title='bbox 773 3505 898 3550; x_wconf 56' lang='lat' dir='ltr'><strong>any-nv</strong></span> <span class='ocrx_word' id='word_1_377' title='bbox 932 3482 974 3533; x_wconf 74' lang='grc' dir='ltr'><strong>δὲ</strong></span> <span class='ocrx_word' id='word_1_378' title='bbox 1006 3483 1082 3535; x_wconf 89' lang='grc' dir='ltr'><strong>νοέι</strong></span> <span class='ocrx_word' id='word_1_379' title='bbox 1118 3507 1187 3535; x_wconf 77' lang='grc' dir='ltr'>τγιν</span> <span class='ocrx_word' id='word_1_380' title='bbox 1218 3483 1338 3535; x_wconf 82' lang='grc' dir='ltr'>θείαν</span> <span class='ocrx_word' id='word_1_381' title='bbox 1362 3491 1525 3552; x_wconf 75' lang='grc' dir='ltr'>γνῶσιν,</span> 
     </span>
     <span class='ocr_line' id='line_1_63' title="bbox 424 3548 1530 3623; baseline 0.01 -26"><span class='ocrx_word' id='word_1_382' title='bbox 424 3572 490 3598; x_wconf 79' lang='grc' dir='ltr'><strong>και</strong></span> <span class='ocrx_word' id='word_1_383' title='bbox 523 3553 566 3599; x_wconf 77' lang='grc' dir='ltr'><strong>οὐ</strong></span> <span class='ocrx_word' id='word_1_384' title='bbox 598 3548 642 3600; x_wconf 71' lang='grc' dir='ltr'><strong>τὲ</strong></span> <span class='ocrx_word' id='word_1_385' title='bbox 677 3549 796 3619; x_wconf 80' lang='grc' dir='ltr'>φρέαρ</span> <span class='ocrx_word' id='word_1_386' title='bbox 828 3577 894 3603; x_wconf 82' lang='grc' dir='ltr'><strong>του</strong></span> <span class='ocrx_word' id='word_1_387' title='bbox 925 3558 1089 3613; x_wconf 76' lang='grc' dir='ltr'>ὕδατος·</span> <span class='ocrx_word' id='word_1_388' title='bbox 1126 3559 1255 3623; x_wconf 77' lang='grc' dir='ltr'>ὥσπερ</span> <span class='ocrx_word' id='word_1_389' title='bbox 1288 3554 1330 3605; x_wconf 83' lang='grc' dir='ltr'><strong>δὲ</strong></span> <span class='ocrx_word' id='word_1_390' title='bbox 1367 3581 1391 3609; x_wconf 83' lang='grc' dir='ltr'>η</span> <span class='ocrx_word' id='word_1_391' title='bbox 1424 3581 1530 3623; x_wconf 71' lang='grc' dir='ltr'>πηγη</span> 
     </span>
     <span class='ocr_line' id='line_1_64' title="bbox 424 3620 1530 3695; baseline 0.007 -27"><span class='ocrx_word' id='word_1_392' title='bbox 424 3620 620 3686; x_wconf 72' lang='grc' dir='ltr'>πρόκειται</span> <span class='ocrx_word' id='word_1_393' title='bbox 650 3621 829 3684; x_wconf 81' lang='grc' dir='ltr'>ἁκοπως,</span> <span class='ocrx_word' id='word_1_394' title='bbox 863 3623 1043 3675; x_wconf 81' lang='grc' dir='ltr'>τουτέστι</span> <span class='ocrx_word' id='word_1_395' title='bbox 1070 3626 1114 3677; x_wconf 66' lang='grc' dir='ltr'><strong>τὸ</strong></span> <span class='ocrx_word' id='word_1_396' title='bbox 1140 3624 1281 3692; x_wconf 84' lang='grc' dir='ltr'>τρέχον</span> <span class='ocrx_word' id='word_1_397' title='bbox 1312 3630 1411 3695; x_wconf 80' lang='grc' dir='ltr'>υόωρ</span> <span class='ocrx_word' id='word_1_398' title='bbox 1443 3633 1530 3684; x_wconf 78' lang='grc' dir='ltr'>τοῖς</span> 
     </span>
    </p>
   </div>
   <div class='ocr_carea' id='block_1_12' title="bbox 1584 1045 2702 3710">
    <p class='ocr_par' dir='ltr' id='par_1_19' title="bbox 1584 1045 2686 1427">
     <span class='ocr_line' id='line_1_65' title="bbox 1586 1045 2682 1142; baseline 0 -14"><span class='ocrx_word' id='word_1_399' title='bbox 1586 1045 1833 1130; x_wconf 86' lang='lat' dir='ltr'><strong>Blaterant</strong></span> <span class='ocrx_word' id='word_1_400' title='bbox 1879 1086 1992 1128; x_wconf 91' lang='lat' dir='ltr'><strong>enim</strong></span> <span class='ocrx_word' id='word_1_401' title='bbox 2028 1090 2121 1131; x_wconf 90' lang='lat' dir='ltr'><strong>tum</strong></span> <span class='ocrx_word' id='word_1_402' title='bbox 2166 1085 2363 1142; x_wconf 87' lang='lat' dir='ltr'><strong>publicae</strong></span> <span class='ocrx_word' id='word_1_403' title='bbox 2408 1085 2651 1129; x_wconf 86' lang='lat' dir='ltr'><strong>meretrices</strong></span> <span class='ocrx_word' id='word_1_404' title='bbox 2671 1118 2682 1140; x_wconf 95' lang='lat'>,</span> 
     </span>
     <span class='ocr_line' id='line_1_66' title="bbox 1585 1155 2684 1213; baseline -0.002 -12"><span class='ocrx_word' id='word_1_405' title='bbox 1585 1163 1678 1202; x_wconf 91' lang='lat' dir='ltr'><strong>tum</strong></span> <span class='ocrx_word' id='word_1_406' title='bbox 1698 1155 2060 1200; x_wconf 83' lang='lat' dir='ltr'><strong>heterodoxorum</strong></span> <span class='ocrx_word' id='word_1_407' title='bbox 2081 1156 2252 1200; x_wconf 84' lang='lat' dir='ltr'><strong>scholae</strong></span> <span class='ocrx_word' id='word_1_408' title='bbox 2271 1188 2283 1211; x_wconf 88' lang='lat'><strong>,</strong></span> <span class='ocrx_word' id='word_1_409' title='bbox 2305 1157 2488 1213; x_wconf 86' lang='lat' dir='ltr'><strong>pulchro</strong></span> <span class='ocrx_word' id='word_1_410' title='bbox 2510 1156 2684 1212; x_wconf 89' lang='lat' dir='ltr'><strong>eloquio</strong></span> 
     </span>
     <span class='ocr_line' id='line_1_67' title="bbox 1586 1226 2686 1284; baseline -0.004 -12"><span class='ocrx_word' id='word_1_411' title='bbox 1586 1229 1869 1284; x_wconf 84' lang='lat' dir='ltr'><strong>ingenuorum</strong></span> <span class='ocrx_word' id='word_1_412' title='bbox 1901 1226 2033 1272; x_wconf 88' lang='lat' dir='ltr'><strong>corda</strong></span> <span class='ocrx_word' id='word_1_413' title='bbox 2055 1227 2330 1283; x_wconf 88' lang='lat' dir='ltr'><strong>decipientes.</strong></span> <span class='ocrx_word' id='word_1_414' title='bbox 2355 1229 2428 1271; x_wconf 89' lang='lat' dir='ltr'><strong>Est</strong></span> <span class='ocrx_word' id='word_1_415' title='bbox 2452 1229 2594 1283; x_wconf 91' lang='lat' dir='ltr'><strong>itaque</strong></span> <span class='ocrx_word' id='word_1_416' title='bbox 2613 1230 2686 1282; x_wconf 81' lang='lat' dir='ltr'><strong>tu-</strong></span> 
     </span>
     <span class='ocr_line' id='line_1_68' title="bbox 1584 1287 2684 1354; baseline -0.002 -12"><span class='ocrx_word' id='word_1_417' title='bbox 1584 1303 1678 1342; x_wconf 89' lang='lat' dir='ltr'><strong>tum</strong></span> <span class='ocrx_word' id='word_1_418' title='bbox 1707 1298 1914 1352; x_wconf 83' lang='lat' dir='ltr'><strong>maxime,</strong></span> <span class='ocrx_word' id='word_1_419' title='bbox 1938 1310 1992 1341; x_wconf 90' lang='lat' dir='ltr'><strong>ne</strong></span> <span class='ocrx_word' id='word_1_420' title='bbox 2019 1298 2144 1341; x_wconf 88' lang='lat' dir='ltr'><strong>initio</strong></span> <span class='ocrx_word' id='word_1_421' title='bbox 2166 1297 2452 1354; x_wconf 83' lang='lat' dir='ltr'><strong>decipiamur3</strong></span> <span class='ocrx_word' id='word_1_422' title='bbox 2484 1310 2584 1341; x_wconf 88' lang='lat' dir='ltr'><strong>nam</strong></span> <span class='ocrx_word' id='word_1_423' title='bbox 2605 1287 2684 1341; x_wconf 84' lang='lat' dir='ltr'><strong>de-</strong></span> 
     </span>
     <span class='ocr_line' id='line_1_69' title="bbox 1588 1368 2161 1427; baseline -0.005 -13"><span class='ocrx_word' id='word_1_424' title='bbox 1588 1375 1736 1427; x_wconf 89' lang='lat' dir='ltr'><strong>ceptus</strong></span> <span class='ocrx_word' id='word_1_425' title='bbox 1752 1401 1764 1423; x_wconf 89' lang='lat'>‚</span> <span class='ocrx_word' id='word_1_426' title='bbox 1798 1368 1971 1413; x_wconf 86' lang='lat' dir='ltr'><strong>difficile</strong></span> <span class='ocrx_word' id='word_1_427' title='bbox 2002 1368 2161 1412; x_wconf 82' lang='lat' dir='ltr'><strong>evadit.</strong></span> 
     </span>
    </p>

    <p class='ocr_par' dir='ltr' id='par_1_20' title="bbox 1587 1439 2689 1771">
     <span class='ocr_line' id='line_1_70' title="bbox 1646 1439 2683 1500; baseline -0.002 -16"><span class='ocrx_word' id='word_1_428' title='bbox 1646 1441 1892 1500; x_wconf 80' lang='lat' dir='ltr'><strong>Auditionis</strong></span> <span class='ocrx_word' id='word_1_429' title='bbox 1920 1445 2072 1495; x_wconf 90' lang='lat' dir='ltr'><strong>tenus,</strong></span> <span class='ocrx_word' id='word_1_430' title='bbox 2098 1439 2338 1483; x_wconf 76' lang='lat' dir='ltr'><strong>delectatio.</strong></span> <span class='ocrx_word' id='word_1_431' title='bbox 2359 1439 2581 1494; x_wconf 87' lang='lat' dir='ltr'><strong>Pinguedo</strong></span> <span class='ocrx_word' id='word_1_432' title='bbox 2605 1452 2683 1482; x_wconf 89' lang='lat' dir='ltr'><strong>au·-</strong></span> 
     </span>
     <span class='ocr_line' id='line_1_71' title="bbox 1587 1492 2685 1568; baseline -0.004 -11"><span class='ocrx_word' id='word_1_433' title='bbox 1587 1518 1674 1557; x_wconf 85' lang='lat' dir='ltr'><strong>tem</strong></span> <span class='ocrx_word' id='word_1_434' title='bbox 1704 1492 1974 1568; x_wconf 82' lang='lat' dir='ltr'><strong>voluptatem</strong></span> <span class='ocrx_word' id='word_1_435' title='bbox 2011 1510 2217 1566; x_wconf 86' lang='lat' dir='ltr'><strong>denotat,</strong></span> <span class='ocrx_word' id='word_1_436' title='bbox 2259 1524 2310 1554; x_wconf 86' lang='lat' dir='ltr'><strong>ex</strong></span> <span class='ocrx_word' id='word_1_437' title='bbox 2340 1522 2425 1566; x_wconf 88' lang='lat' dir='ltr'><strong>qua</strong></span> <span class='ocrx_word' id='word_1_438' title='bbox 2462 1499 2685 1566; x_wconf 81' lang='lat' dir='ltr'><strong>impuritas</strong></span> 
     </span>
     <span class='ocr_line' id='line_1_72' title="bbox 1588 1578 2683 1640; baseline -0.006 -12"><span class='ocrx_word' id='word_1_439' title='bbox 1588 1584 1805 1640; x_wconf 85' lang='lat' dir='ltr'><strong>gignitur.</strong></span> <span class='ocrx_word' id='word_1_440' title='bbox 1827 1584 1947 1626; x_wconf 90' lang='lat' dir='ltr'><strong>cuius</strong></span> <span class='ocrx_word' id='word_1_441' title='bbox 1969 1583 2210 1639; x_wconf 85' lang='lat' dir='ltr'><strong>progenies,</strong></span> <span class='ocrx_word' id='word_1_442' title='bbox 2233 1578 2423 1637; x_wconf 83' lang='lat' dir='ltr'><strong>nequitia</strong></span> <span class='ocrx_word' id='word_1_443' title='bbox 2444 1584 2487 1623; x_wconf 88' lang='lat' dir='ltr'><strong>et</strong></span> <span class='ocrx_word' id='word_1_444' title='bbox 2503 1580 2683 1623; x_wconf 88' lang='lat' dir='ltr'><strong>inscitia.</strong></span> 
     </span>
     <span class='ocr_line' id='line_1_73' title="bbox 1587 1646 2689 1729; baseline -0.006 -29"><span class='ocrx_word' id='word_1_445' title='bbox 1587 1657 1721 1712; x_wconf 85' lang='lat' dir='ltr'><strong>Atqui</strong></span> <span class='ocrx_word' id='word_1_446' title='bbox 1742 1655 1810 1698; x_wconf 90' lang='lat' dir='ltr'><strong>his</strong></span> <span class='ocrx_word' id='word_1_447' title='bbox 1827 1655 1943 1698; x_wconf 83' lang='lat' dir='ltr'><strong>vitiis</strong></span> <span class='ocrx_word' id='word_1_448' title='bbox 1962 1654 2069 1698; x_wconf 90' lang='lat' dir='ltr'><strong>nihil</strong></span> <span class='ocrx_word' id='word_1_449' title='bbox 2088 1646 2327 1696; x_wconf 87' lang='lat' dir='ltr'><strong>invenietur</strong></span> <span class='ocrx_word' id='word_1_450' title='bbox 2349 1652 2531 1695; x_wconf 86' lang='lat' dir='ltr'><strong>amarius</strong></span> <span class='ocrx_word' id='word_1_451' title='bbox 2552 1652 2597 1694; x_wconf 92' lang='lat' dir='ltr'><strong>in</strong></span> <span class='ocrx_word' id='word_1_452' title='bbox 2620 1650 2689 1729; x_wconf 83' lang='lat' dir='ltr'><strong>die</strong></span> 
     </span>
     <span class='ocr_line' id='line_1_74' title="bbox 1587 1727 1755 1771; baseline -0.014 0"><span class='ocrx_word' id='word_1_453' title='bbox 1587 1727 1755 1771; x_wconf 92' lang='lat' dir='ltr'><strong>iudicii.</strong></span> 
     </span>
    </p>

    <p class='ocr_par' dir='ltr' id='par_1_21' title="bbox 1589 1792 2690 2136">
     <span class='ocr_line' id='line_1_75' title="bbox 1647 1792 2689 1852; baseline -0.007 -10"><span class='ocrx_word' id='word_1_454' title='bbox 1647 1799 1758 1842; x_wconf 87' lang='lat' dir='ltr'><strong>Hinc</strong></span> <span class='ocrx_word' id='word_1_455' title='bbox 1787 1797 2085 1852; x_wconf 85' lang='lat' dir='ltr'><strong>cognoscimus</strong></span> <span class='ocrx_word' id='word_1_456' title='bbox 2108 1795 2358 1851; x_wconf 89' lang='lat' dir='ltr'><strong>qualitatem</strong></span> <span class='ocrx_word' id='word_1_457' title='bbox 2377 1792 2655 1837; x_wconf 86' lang='lat' dir='ltr'><strong>iracundam</strong></span> <span class='ocrx_word' id='word_1_458' title='bbox 2643 1805 2689 1835; x_wconf 86' lang='grc' dir='ltr'><strong>ιιι</strong></span> 
     </span>
     <span class='ocr_line' id='line_1_76' title="bbox 1590 1864 2687 1924; baseline -0.008 -10"><span class='ocrx_word' id='word_1_459' title='bbox 1590 1869 1868 1914; x_wconf 87' lang='lat' dir='ltr'><strong>daemonibus</strong></span> <span class='ocrx_word' id='word_1_460' title='bbox 1891 1867 2144 1924; x_wconf 86' lang='lat' dir='ltr'><strong>praevalere.</strong></span> <span class='ocrx_word' id='word_1_461' title='bbox 2169 1866 2349 1909; x_wconf 91' lang='lat' dir='ltr'><strong>Immitis</strong></span> <span class='ocrx_word' id='word_1_462' title='bbox 2371 1865 2484 1907; x_wconf 91' lang='lat' dir='ltr'><strong>enim</strong></span> <span class='ocrx_word' id='word_1_463' title='bbox 2505 1868 2569 1906; x_wconf 89' lang='lat' dir='ltr'><strong>est</strong></span> <span class='ocrx_word' id='word_1_464' title='bbox 2583 1894 2596 1918; x_wconf 87' lang='lat'><em>,</em></span> <span class='ocrx_word' id='word_1_465' title='bbox 2619 1864 2687 1906; x_wconf 89' lang='lat' dir='ltr'><strong>in-</strong></span> 
     </span>
     <span class='ocr_line' id='line_1_77' title="bbox 1591 1938 2690 1999; baseline -0.008 -13"><span class='ocrx_word' id='word_1_466' title='bbox 1591 1944 1716 1999; x_wconf 84' lang='lat' dir='ltr'><strong>quit,</strong></span> <span class='ocrx_word' id='word_1_467' title='bbox 1756 1942 1880 1984; x_wconf 84' lang='lat' dir='ltr'><strong>furor</strong></span> <span class='ocrx_word' id='word_1_468' title='bbox 1918 1952 2067 1982; x_wconf 90' lang='lat' dir='ltr'><strong>eorum</strong></span> <span class='ocrx_word' id='word_1_469' title='bbox 2084 1970 2096 1993; x_wconf 92' lang='lat'><strong><em>‚</em></strong></span> <span class='ocrx_word' id='word_1_470' title='bbox 2130 1943 2173 1981; x_wconf 92' lang='lat' dir='ltr'><strong>et</strong></span> <span class='ocrx_word' id='word_1_471' title='bbox 2202 1938 2264 1981; x_wconf 87' lang='lat' dir='ltr'><strong>ira</strong></span> <span class='ocrx_word' id='word_1_472' title='bbox 2294 1941 2433 1988; x_wconf 80' lang='lat' dir='ltr'><strong>acuta.</strong></span> <span class='ocrx_word' id='word_1_473' title='bbox 2472 1938 2690 1979; x_wconf 84' lang='lat' dir='ltr'><strong>Venantur</strong></span> 
     </span>
     <span class='ocr_line' id='line_1_78' title="bbox 1589 2008 2687 2071; baseline -0.009 -13"><span class='ocrx_word' id='word_1_474' title='bbox 1589 2015 1752 2071; x_wconf 89' lang='lat' dir='ltr'><strong>quippe</strong></span> <span class='ocrx_word' id='word_1_475' title='bbox 1769 2014 1822 2057; x_wconf 92' lang='lat' dir='ltr'><strong>ad</strong></span> <span class='ocrx_word' id='word_1_476' title='bbox 1842 2014 2061 2056; x_wconf 88' lang='lat' dir='ltr'><strong>interitum</strong></span> <span class='ocrx_word' id='word_1_477' title='bbox 2079 2023 2154 2053; x_wconf 91' lang='lat' dir='ltr'><strong>eos</strong></span> <span class='ocrx_word' id='word_1_478' title='bbox 2172 2010 2249 2065; x_wconf 89' lang='lat' dir='ltr'><strong>qui</strong></span> <span class='ocrx_word' id='word_1_479' title='bbox 2268 2008 2351 2052; x_wconf 91' lang='lat' dir='ltr'><strong>sibi</strong></span> <span class='ocrx_word' id='word_1_480' title='bbox 2373 2008 2687 2063; x_wconf 87' lang='lat' dir='ltr'><strong>obtemperant.</strong></span> 
     </span>
     <span class='ocr_line' id='line_1_79' title="bbox 1590 2079 2688 2136; baseline -0.008 -7"><span class='ocrx_word' id='word_1_481' title='bbox 1590 2087 1658 2129; x_wconf 92' lang='lat' dir='ltr'><strong>Sic</strong></span> <span class='ocrx_word' id='word_1_482' title='bbox 1675 2085 1871 2129; x_wconf 90' lang='lat' dir='ltr'><strong>videlicet</strong></span> <span class='ocrx_word' id='word_1_483' title='bbox 1887 2084 2104 2126; x_wconf 89' lang='lat' dir='ltr'><strong>honorant</strong></span> <span class='ocrx_word' id='word_1_484' title='bbox 2122 2093 2212 2135; x_wconf 87' lang='lat' dir='ltr'><strong>eos,</strong></span> <span class='ocrx_word' id='word_1_485' title='bbox 2231 2080 2305 2136; x_wconf 88' lang='lat' dir='ltr'><strong>qui</strong></span> <span class='ocrx_word' id='word_1_486' title='bbox 2322 2080 2439 2135; x_wconf 89' lang='lat' dir='ltr'><strong>ipsos</strong></span> <span class='ocrx_word' id='word_1_487' title='bbox 2455 2079 2688 2130; x_wconf 68' lang='lat' dir='ltr'><strong>honorant.</strong></span> 
     </span>
    </p>

    <p class='ocr_par' dir='ltr' id='par_1_22' title="bbox 1589 2151 2702 2707">
     <span class='ocr_line' id='line_1_80' title="bbox 1648 2151 2690 2210; baseline -0.009 -9"><span class='ocrx_word' id='word_1_488' title='bbox 1648 2159 1839 2201; x_wconf 88' lang='lat' dir='ltr'><strong>Peccatis</strong></span> <span class='ocrx_word' id='word_1_489' title='bbox 1868 2157 1955 2199; x_wconf 89' lang='lat' dir='ltr'><strong>suis</strong></span> <span class='ocrx_word' id='word_1_490' title='bbox 1984 2153 2175 2210; x_wconf 86' lang='lat' dir='ltr'><strong>improbi</strong></span> <span class='ocrx_word' id='word_1_491' title='bbox 2192 2153 2389 2196; x_wconf 89' lang='lat' dir='ltr'><strong>homines</strong></span> <span class='ocrx_word' id='word_1_492' title='bbox 2415 2151 2573 2195; x_wconf 88' lang='lat' dir='ltr'><strong>Christi</strong></span> <span class='ocrx_word' id='word_1_493' title='bbox 2591 2162 2690 2193; x_wconf 85' lang='lat' dir='ltr'><strong>ear·</strong></span> 
     </span>
     <span class='ocr_line' id='line_1_81' title="bbox 1591 2226 2692 2281; baseline -0.008 -8"><span class='ocrx_word' id='word_1_494' title='bbox 1591 2242 1666 2273; x_wconf 85' lang='lat' dir='ltr'><strong>nes</strong></span> <span class='ocrx_word' id='word_1_495' title='bbox 1685 2232 1914 2272; x_wconf 88' lang='lat' dir='ltr'><strong>conterunt</strong></span> <span class='ocrx_word' id='word_1_496' title='bbox 1927 2257 1939 2281; x_wconf 90' lang='lat'>,</span> <span class='ocrx_word' id='word_1_497' title='bbox 1963 2230 2007 2268; x_wconf 89' lang='lat' dir='ltr'><strong>et</strong></span> <span class='ocrx_word' id='word_1_498' title='bbox 2028 2226 2275 2279; x_wconf 83' lang='lat' dir='ltr'><strong>sanguinem</strong></span> <span class='ocrx_word' id='word_1_499' title='bbox 2296 2226 2577 2276; x_wconf 83' lang='lat' dir='ltr'><strong>consumunt,</strong></span> <span class='ocrx_word' id='word_1_500' title='bbox 2601 2233 2692 2265; x_wconf 87' lang='lat' dir='ltr'><strong>rem</strong></span> 
     </span>
     <span class='ocr_line' id='line_1_82' title="bbox 1593 2293 2688 2357; baseline -0.008 -13"><span class='ocrx_word' id='word_1_501' title='bbox 1593 2301 1817 2357; x_wconf 82' lang='lat' dir='ltr'><strong>profanam</strong></span> <span class='ocrx_word' id='word_1_502' title='bbox 1846 2298 2146 2340; x_wconf 86' lang='lat' dir='ltr'><strong>existimantes.</strong></span> <span class='ocrx_word' id='word_1_503' title='bbox 2172 2296 2373 2337; x_wconf 86' lang='lat' dir='ltr'><strong>Attamen</strong></span> <span class='ocrx_word' id='word_1_504' title='bbox 2392 2295 2450 2337; x_wconf 90' lang='lat' dir='ltr'><strong>ait</strong></span> <span class='ocrx_word' id='word_1_505' title='bbox 2472 2293 2688 2336; x_wconf 85' lang='lat' dir='ltr'><strong>Christus:</strong></span> 
     </span>
     <span class='ocr_line' id='line_1_83' title="bbox 1592 2363 2702 2427; baseline -0.01 -12"><span class='ocrx_word' id='word_1_506' title='bbox 1592 2372 1668 2427; x_wconf 90' lang='lat' dir='ltr'><strong>qui</strong></span> <span class='ocrx_word' id='word_1_507' title='bbox 1697 2369 1929 2413; x_wconf 89' lang='lat' dir='ltr'><strong>manducat</strong></span> <span class='ocrx_word' id='word_1_508' title='bbox 1968 2379 2107 2411; x_wconf 90' lang='lat' dir='ltr'><strong>meam</strong></span> <span class='ocrx_word' id='word_1_509' title='bbox 2138 2377 2309 2409; x_wconf 90' lang='lat' dir='ltr'><strong>carnem</strong></span> <span class='ocrx_word' id='word_1_510' title='bbox 2338 2369 2381 2407; x_wconf 92' lang='lat' dir='ltr'><strong>et</strong></span> <span class='ocrx_word' id='word_1_511' title='bbox 2409 2363 2521 2406; x_wconf 89' lang='lat' dir='ltr'><strong>bibit</strong></span> <span class='ocrx_word' id='word_1_512' title='bbox 2549 2375 2702 2417; x_wconf 30' lang='lat' dir='ltr'><strong>meum·</strong></span> 
     </span>
     <span class='ocr_line' id='line_1_84' title="bbox 1590 2439 2691 2498; baseline -0.009 -12"><span class='ocrx_word' id='word_1_513' title='bbox 1590 2444 1839 2498; x_wconf 86' lang='lat' dir='ltr'><strong>sanguinem</strong></span> <span class='ocrx_word' id='word_1_514' title='bbox 1855 2473 1867 2494; x_wconf 92' lang='lat'>‚</span> <span class='ocrx_word' id='word_1_515' title='bbox 1907 2440 2039 2483; x_wconf 88' lang='lat' dir='ltr'><strong>habet</strong></span> <span class='ocrx_word' id='word_1_516' title='bbox 2077 2439 2210 2481; x_wconf 76' lang='lat' dir='ltr'><strong>vitam</strong></span> <span class='ocrx_word' id='word_1_517' title='bbox 2247 2441 2457 2480; x_wconf 86' lang='lat' dir='ltr'><strong>aeternam</strong></span> <span class='ocrx_word' id='word_1_518' title='bbox 2476 2466 2488 2489; x_wconf 93' lang='lat'>‚</span> <span class='ocrx_word' id='word_1_519' title='bbox 2530 2439 2574 2477; x_wconf 92' lang='lat' dir='ltr'><strong>et</strong></span> <span class='ocrx_word' id='word_1_520' title='bbox 2609 2444 2691 2488; x_wconf 86' lang='lat' dir='ltr'><strong>ego</strong></span> 
     </span>
     <span class='ocr_line' id='line_1_85' title="bbox 1589 2507 2690 2557; baseline -0.009 0"><span class='ocrx_word' id='word_1_521' title='bbox 1589 2513 1850 2557; x_wconf 90' lang='lat' dir='ltr'><strong>resuscitabo</strong></span> <span class='ocrx_word' id='word_1_522' title='bbox 1881 2523 1980 2554; x_wconf 90' lang='lat' dir='ltr'><strong>eum</strong></span> <span class='ocrx_word' id='word_1_523' title='bbox 2008 2511 2052 2553; x_wconf 91' lang='lat' dir='ltr'><strong>in</strong></span> <span class='ocrx_word' id='word_1_524' title='bbox 2081 2509 2314 2552; x_wconf 82' lang='lat' dir='ltr'><strong>novissimo</strong></span> <span class='ocrx_word' id='word_1_525' title='bbox 2347 2507 2429 2551; x_wconf 89' lang='lat' dir='ltr'><strong>die.</strong></span> <span class='ocrx_word' id='word_1_526' title='bbox 2467 2508 2557 2549; x_wconf 91' lang='lat' dir='ltr'><strong>Iam</strong></span> <span class='ocrx_word' id='word_1_527' title='bbox 2586 2517 2690 2548; x_wconf 82' lang='lat' dir='ltr'><strong>vero</strong></span> 
     </span>
     <span class='ocr_line' id='line_1_86' title="bbox 1592 2570 2693 2640; baseline -0.009 -12"><span class='ocrx_word' id='word_1_528' title='bbox 1592 2585 1669 2640; x_wconf 83' lang='lat' dir='ltr'><strong>qui</strong></span> <span class='ocrx_word' id='word_1_529' title='bbox 1705 2583 1878 2639; x_wconf 88' lang='lat' dir='ltr'><strong>indigne</strong></span> <span class='ocrx_word' id='word_1_530' title='bbox 1904 2570 2074 2639; x_wconf 15' lang='lat' dir='ltr'><strong>‘corpus</strong></span> <span class='ocrx_word' id='word_1_531' title='bbox 2112 2578 2340 2622; x_wconf 88' lang='lat' dir='ltr'><strong>manducat</strong></span> <span class='ocrx_word' id='word_1_532' title='bbox 2374 2582 2416 2620; x_wconf 90' lang='lat' dir='ltr'><strong>et</strong></span> <span class='ocrx_word' id='word_1_533' title='bbox 2447 2576 2693 2631; x_wconf 85' lang='lat' dir='ltr'><strong>sanguinem</strong></span> 
     </span>
     <span class='ocr_line' id='line_1_87' title="bbox 1590 2646 2691 2707; baseline -0.009 -8"><span class='ocrx_word' id='word_1_534' title='bbox 1590 2655 1701 2699; x_wconf 85' lang='lat' dir='ltr'><strong>bibit</strong></span> <span class='ocrx_word' id='word_1_535' title='bbox 1721 2653 1920 2707; x_wconf 85' lang='lat' dir='ltr'><strong>Domini,</strong></span> <span class='ocrx_word' id='word_1_536' title='bbox 1939 2651 2147 2694; x_wconf 90' lang='lat' dir='ltr'><strong>iudicium</strong></span> <span class='ocrx_word' id='word_1_537' title='bbox 2166 2649 2247 2692; x_wconf 91' lang='lat' dir='ltr'><strong>sibi</strong></span> <span class='ocrx_word' id='word_1_538' title='bbox 2263 2649 2492 2692; x_wconf 90' lang='lat' dir='ltr'><strong>manducat</strong></span> <span class='ocrx_word' id='word_1_539' title='bbox 2508 2651 2551 2690; x_wconf 89' lang='lat' dir='ltr'><strong>et</strong></span> <span class='ocrx_word' id='word_1_540' title='bbox 2565 2646 2691 2690; x_wconf 89' lang='lat' dir='ltr'><strong>bibit.</strong></span> 
     </span>
    </p>

    <p class='ocr_par' dir='ltr' id='par_1_23' title="bbox 1592 2708 2696 3210">
     <span class='ocr_line' id='line_1_88' title="bbox 1643 2708 2692 2776; baseline -0.01 -6"><span class='ocrx_word' id='word_1_541' title='bbox 1643 2726 1764 2771; x_wconf 88' lang='lat' dir='ltr'><strong>&#39;Olim</strong></span> <span class='ocrx_word' id='word_1_542' title='bbox 1790 2735 1882 2768; x_wconf 85' lang='lat' dir='ltr'><strong>non</strong></span> <span class='ocrx_word' id='word_1_543' title='bbox 1911 2724 1993 2766; x_wconf 82' lang='lat' dir='ltr'><strong>fuit</strong></span> <span class='ocrx_word' id='word_1_544' title='bbox 2023 2723 2181 2765; x_wconf 84' lang='lat' dir='ltr'><strong>malum</strong></span> <span class='ocrx_word' id='word_1_545' title='bbox 2200 2754 2212 2776; x_wconf 93' lang='lat'><strong>,</strong></span> <span class='ocrx_word' id='word_1_546' title='bbox 2246 2725 2289 2764; x_wconf 89' lang='lat' dir='ltr'><strong>et</strong></span> <span class='ocrx_word' id='word_1_547' title='bbox 2317 2720 2403 2763; x_wconf 91' lang='lat' dir='ltr'><strong>hoc</strong></span> <span class='ocrx_word' id='word_1_548' title='bbox 2440 2720 2582 2775; x_wconf 88' lang='lat' dir='ltr'><strong>ipsum</strong></span> <span class='ocrx_word' id='word_1_549' title='bbox 2612 2708 2692 2761; x_wconf 84' lang='lat' dir='ltr'><strong>ali-</strong></span> 
     </span>
     <span class='ocr_line' id='line_1_89' title="bbox 1593 2790 2693 2855; baseline -0.01 -13"><span class='ocrx_word' id='word_1_550' title='bbox 1593 2797 1764 2855; x_wconf 90' lang='lat' dir='ltr'><strong>quando</strong></span> <span class='ocrx_word' id='word_1_551' title='bbox 1794 2810 1884 2839; x_wconf 92' lang='lat' dir='ltr'><strong>non</strong></span> <span class='ocrx_word' id='word_1_552' title='bbox 1914 2795 2024 2838; x_wconf 89' lang='lat' dir='ltr'><strong>erit:</strong></span> <span class='ocrx_word' id='word_1_553' title='bbox 2059 2797 2157 2836; x_wconf 89' lang='lat' dir='ltr'><strong>sunt</strong></span> <span class='ocrx_word' id='word_1_554' title='bbox 2186 2792 2300 2835; x_wconf 88' lang='lat' dir='ltr'><strong>enim</strong></span> <span class='ocrx_word' id='word_1_555' title='bbox 2329 2790 2574 2834; x_wconf 88' lang='lat' dir='ltr'><strong>indelebilia</strong></span> <span class='ocrx_word' id='word_1_556' title='bbox 2602 2790 2693 2832; x_wconf 80' lang='lat' dir='ltr'><strong>vir·</strong></span> 
     </span>
     <span class='ocr_line' id='line_1_90' title="bbox 1592 2859 2693 2919; baseline -0.01 -6"><span class='ocrx_word' id='word_1_557' title='bbox 1592 2871 1695 2913; x_wconf 89' lang='lat' dir='ltr'><strong>tutis</strong></span> <span class='ocrx_word' id='word_1_558' title='bbox 1723 2869 1898 2912; x_wconf 88' lang='lat' dir='ltr'><strong>semina.</strong></span> <span class='ocrx_word' id='word_1_559' title='bbox 1933 2868 2028 2909; x_wconf 88' lang='lat' dir='ltr'><strong>Hoc</strong></span> <span class='ocrx_word' id='word_1_560' title='bbox 2057 2864 2164 2907; x_wconf 89' lang='lat' dir='ltr'><strong>mihi</strong></span> <span class='ocrx_word' id='word_1_561' title='bbox 2193 2862 2509 2919; x_wconf 87' lang='lat' dir='ltr'><strong>propemodum</strong></span> <span class='ocrx_word' id='word_1_562' title='bbox 2543 2859 2693 2903; x_wconf 85' lang='lat' dir='ltr'><strong>suadet</strong></span> 
     </span>
     <span class='ocr_line' id='line_1_91' title="bbox 1595 2932 2692 2994; baseline -0.01 -9"><span class='ocrx_word' id='word_1_563' title='bbox 1595 2941 1712 2985; x_wconf 86' lang='lat' dir='ltr'><strong>dives</strong></span> <span class='ocrx_word' id='word_1_564' title='bbox 1740 2940 1817 2983; x_wconf 83' lang='lat' dir='ltr'><strong>ille</strong></span> <span class='ocrx_word' id='word_1_565' title='bbox 1835 2938 1909 2994; x_wconf 91' lang='lat' dir='ltr'><strong>qui</strong></span> <span class='ocrx_word' id='word_1_566' title='bbox 1934 2950 2022 2980; x_wconf 91' lang='lat' dir='ltr'><strong>non</strong></span> <span class='ocrx_word' id='word_1_567' title='bbox 2045 2937 2220 2983; x_wconf 86' lang='lat' dir='ltr'><strong>omnino</strong></span> <span class='ocrx_word' id='word_1_568' title='bbox 2242 2939 2361 2978; x_wconf 92' lang='lat' dir='ltr'><strong>totus</strong></span> <span class='ocrx_word' id='word_1_569' title='bbox 2378 2933 2514 2976; x_wconf 87' lang='lat' dir='ltr'><strong>malus</strong></span> <span class='ocrx_word' id='word_1_570' title='bbox 2531 2932 2692 2984; x_wconf 86' lang='lat' dir='ltr'><strong>fuerat,</strong></span> 
     </span>
     <span class='ocr_line' id='line_1_92' title="bbox 1596 3005 2696 3065; baseline -0.01 -9"><span class='ocrx_word' id='word_1_571' title='bbox 1596 3012 1676 3056; x_wconf 87' lang='lat' dir='ltr'><strong>etsi</strong></span> <span class='ocrx_word' id='word_1_572' title='bbox 1707 3011 1764 3055; x_wconf 92' lang='lat' dir='ltr'><strong>ob</strong></span> <span class='ocrx_word' id='word_1_573' title='bbox 1799 3009 2032 3065; x_wconf 88' lang='lat' dir='ltr'><strong>nequitiam</strong></span> <span class='ocrx_word' id='word_1_574' title='bbox 2077 3007 2222 3050; x_wconf 79' lang='lat' dir='ltr'><strong>inferis</strong></span> <span class='ocrx_word' id='word_1_575' title='bbox 2261 3005 2550 3049; x_wconf 86' lang='lat' dir='ltr'><strong>adiudicatus:</strong></span> <span class='ocrx_word' id='word_1_576' title='bbox 2597 3015 2696 3045; x_wconf 92' lang='lat' dir='ltr'><strong>ecce</strong></span> 
     </span>
     <span class='ocr_line' id='line_1_93' title="bbox 1596 3072 2692 3133; baseline -0.007 -8"><span class='ocrx_word' id='word_1_577' title='bbox 1596 3084 1709 3126; x_wconf 92' lang='lat' dir='ltr'><strong>enim</strong></span> <span class='ocrx_word' id='word_1_578' title='bbox 1728 3082 1798 3124; x_wconf 88' lang='lat' dir='ltr'><strong>ille</strong></span> <span class='ocrx_word' id='word_1_579' title='bbox 1821 3079 2155 3123; x_wconf 86' lang='lat' dir='ltr'><strong>misericordiam</strong></span> <span class='ocrx_word' id='word_1_580' title='bbox 2174 3091 2277 3133; x_wconf 86' lang='lat' dir='ltr'><strong>erga</strong></span> <span class='ocrx_word' id='word_1_581' title='bbox 2297 3079 2449 3121; x_wconf 82' lang='lat' dir='ltr'><strong>fratres</strong></span> <span class='ocrx_word' id='word_1_582' title='bbox 2468 3072 2692 3119; x_wconf 88' lang='lat' dir='ltr'><strong>retinebat.</strong></span> 
     </span>
     <span class='ocr_line' id='line_1_94' title="bbox 1596 3147 2691 3210; baseline -0.008 -13"><span class='ocrx_word' id='word_1_583' title='bbox 1596 3153 1729 3210; x_wconf 88' lang='lat' dir='ltr'><strong>Atqui</strong></span> <span class='ocrx_word' id='word_1_584' title='bbox 1741 3151 2197 3205; x_wconf 84' lang='lat' dir='ltr'><strong>misericordia,semen</strong></span> <span class='ocrx_word' id='word_1_585' title='bbox 2211 3155 2274 3192; x_wconf 91' lang='lat' dir='ltr'><strong>est</strong></span> <span class='ocrx_word' id='word_1_586' title='bbox 2285 3149 2453 3191; x_wconf 87' lang='lat' dir='ltr'><strong>virtutis</strong></span> <span class='ocrx_word' id='word_1_587' title='bbox 2467 3147 2691 3203; x_wconf 90' lang='lat' dir='ltr'><strong>optimum.</strong></span> 
     </span>
    </p>

    <p class='ocr_par' dir='ltr' id='par_1_24' title="bbox 1596 3201 2696 3710">
     <span class='ocr_line' id='line_1_95' title="bbox 1661 3201 2696 3277; baseline -0.008 -10"><span class='ocrx_word' id='word_1_588' title='bbox 1661 3227 1729 3268; x_wconf 85' lang='lat'><strong>15.</strong></span> <span class='ocrx_word' id='word_1_589' title='bbox 1764 3224 1944 3266; x_wconf 88' lang='lat' dir='ltr'><strong>Scientia</strong></span> <span class='ocrx_word' id='word_1_590' title='bbox 1974 3226 2129 3277; x_wconf 87' lang='lat' dir='ltr'><strong>puteus</strong></span> <span class='ocrx_word' id='word_1_591' title='bbox 2158 3221 2285 3264; x_wconf 88' lang='lat' dir='ltr'><strong>simul</strong></span> <span class='ocrx_word' id='word_1_592' title='bbox 2307 3224 2370 3262; x_wconf 85' lang='lat' dir='ltr'><strong>est</strong></span> <span class='ocrx_word' id='word_1_593' title='bbox 2393 3224 2435 3262; x_wconf 91' lang='lat' dir='ltr'><strong>et</strong></span> <span class='ocrx_word' id='word_1_594' title='bbox 2458 3201 2578 3261; x_wconf 76' lang='lat' dir='ltr'><strong>fons:</strong></span> <span class='ocrx_word' id='word_1_595' title='bbox 2604 3221 2696 3260; x_wconf 88' lang='lat' dir='ltr'><strong>ete-</strong></span> 
     </span>
     <span class='ocr_line' id='line_1_96' title="bbox 1598 3289 2688 3351; baseline -0.009 -10"><span class='ocrx_word' id='word_1_596' title='bbox 1598 3298 1688 3341; x_wconf 90' lang='lat' dir='ltr'><strong>nim</strong></span> <span class='ocrx_word' id='word_1_597' title='bbox 1718 3297 1802 3339; x_wconf 85' lang='lat' dir='ltr'><strong>illis</strong></span> <span class='ocrx_word' id='word_1_598' title='bbox 1834 3296 1909 3351; x_wconf 89' lang='lat' dir='ltr'><strong>qui</strong></span> <span class='ocrx_word' id='word_1_599' title='bbox 1938 3294 1993 3337; x_wconf 90' lang='lat' dir='ltr'><strong>ad</strong></span> <span class='ocrx_word' id='word_1_600' title='bbox 2022 3295 2226 3336; x_wconf 85' lang='lat' dir='ltr'><strong>virtutem</strong></span> <span class='ocrx_word' id='word_1_601' title='bbox 2247 3293 2434 3348; x_wconf 83' lang='lat' dir='ltr'><strong>primum</strong></span> <span class='ocrx_word' id='word_1_602' title='bbox 2461 3289 2688 3338; x_wconf 85' lang='lat' dir='ltr'><strong>accedunt,</strong></span> 
     </span>
     <span class='ocr_line' id='line_1_97' title="bbox 1596 3357 2695 3425; baseline -0.012 -13"><span class='ocrx_word' id='word_1_603' title='bbox 1596 3367 1838 3425; x_wconf 88' lang='lat' dir='ltr'><strong>profundus</strong></span> <span class='ocrx_word' id='word_1_604' title='bbox 1874 3371 2029 3423; x_wconf 89' lang='lat' dir='ltr'><strong>puteus</strong></span> <span class='ocrx_word' id='word_1_605' title='bbox 2067 3365 2263 3407; x_wconf 87' lang='lat' dir='ltr'><strong>videtur:</strong></span> <span class='ocrx_word' id='word_1_606' title='bbox 2299 3368 2344 3406; x_wconf 85' lang='lat' dir='ltr'><strong>at</strong></span> <span class='ocrx_word' id='word_1_607' title='bbox 2378 3357 2695 3418; x_wconf 85' lang='lat' dir='ltr'><strong>imperturbatis</strong></span> 
     </span>
     <span class='ocr_line' id='line_1_98' title="bbox 1598 3428 2695 3495; baseline -0.012 -12"><span class='ocrx_word' id='word_1_608' title='bbox 1598 3444 1725 3495; x_wconf 89' lang='lat' dir='ltr'><strong>atque</strong></span> <span class='ocrx_word' id='word_1_609' title='bbox 1754 3439 1873 3494; x_wconf 88' lang='lat' dir='ltr'><strong>puris</strong></span> <span class='ocrx_word' id='word_1_610' title='bbox 1889 3470 1902 3492; x_wconf 87' lang='lat'>‚</span> <span class='ocrx_word' id='word_1_611' title='bbox 1934 3437 2048 3480; x_wconf 81' lang='lat' dir='ltr'><strong>fons,</strong></span> <span class='ocrx_word' id='word_1_612' title='bbox 2072 3437 2138 3480; x_wconf 90' lang='lat' dir='ltr'><strong>Sic</strong></span> <span class='ocrx_word' id='word_1_613' title='bbox 2161 3437 2290 3479; x_wconf 88' lang='lat' dir='ltr'><strong>etiam</strong></span> <span class='ocrx_word' id='word_1_614' title='bbox 2316 3434 2506 3477; x_wconf 85' lang='lat' dir='ltr'><strong>Salvator</strong></span> <span class='ocrx_word' id='word_1_615' title='bbox 2523 3428 2695 3472; x_wconf 86' lang='lat' dir='ltr'><strong>sedebat</strong></span> 
     </span>
     <span class='ocr_line' id='line_1_99' title="bbox 1598 3503 2694 3567; baseline -0.011 -13"><span class='ocrx_word' id='word_1_616' title='bbox 1598 3524 1728 3567; x_wconf 90' lang='lat' dir='ltr'><strong>supra</strong></span> <span class='ocrx_word' id='word_1_617' title='bbox 1765 3510 1929 3553; x_wconf 86' lang='lat' dir='ltr'><strong>fontem</strong></span> <span class='ocrx_word' id='word_1_618' title='bbox 1969 3509 2078 3551; x_wconf 91' lang='lat' dir='ltr'><strong>hora</strong></span> <span class='ocrx_word' id='word_1_619' title='bbox 2116 3508 2284 3550; x_wconf 88' lang='lat' dir='ltr'><strong>circiter</strong></span> <span class='ocrx_word' id='word_1_620' title='bbox 2322 3509 2452 3548; x_wconf 85' lang='lat' dir='ltr'><strong>sexta.</strong></span> <span class='ocrx_word' id='word_1_621' title='bbox 2490 3503 2553 3544; x_wconf 86' lang='grc' dir='ltr'><strong>Τιι</strong></span> <span class='ocrx_word' id='word_1_622' title='bbox 2590 3512 2694 3543; x_wconf 82' lang='lat' dir='ltr'><strong>vero</strong></span> 
     </span>
     <span class='ocr_line' id='line_1_100' title="bbox 1598 3578 2695 3636; baseline -0.012 -11"><span class='ocrx_word' id='word_1_623' title='bbox 1598 3582 1762 3625; x_wconf 87' lang='lat' dir='ltr'><strong>fontem</strong></span> <span class='ocrx_word' id='word_1_624' title='bbox 1780 3580 1971 3636; x_wconf 87' lang='lat' dir='ltr'><strong>intellige</strong></span> <span class='ocrx_word' id='word_1_625' title='bbox 1987 3579 2173 3622; x_wconf 86' lang='lat' dir='ltr'><strong>divinam</strong></span> <span class='ocrx_word' id='word_1_626' title='bbox 2190 3578 2427 3627; x_wconf 87' lang='lat' dir='ltr'><strong>scientiam,</strong></span> <span class='ocrx_word' id='word_1_627' title='bbox 2451 3584 2538 3614; x_wconf 92' lang='lat' dir='ltr'><strong>non</strong></span> <span class='ocrx_word' id='word_1_628' title='bbox 2560 3584 2695 3627; x_wconf 90' lang='lat' dir='ltr'><strong>aquae</strong></span> 
     </span>
     <span class='ocr_line' id='line_1_101' title="bbox 1598 3641 2695 3710; baseline -0.014 -13"><span class='ocrx_word' id='word_1_629' title='bbox 1598 3657 1793 3710; x_wconf 83' lang='lat' dir='ltr'><strong>puteum.</strong></span> <span class='ocrx_word' id='word_1_630' title='bbox 1816 3652 1868 3693; x_wconf 89' lang='lat' dir='ltr'><strong>Et</strong></span> <span class='ocrx_word' id='word_1_631' title='bbox 1890 3650 2015 3692; x_wconf 87' lang='lat' dir='ltr'><strong>sicuti</strong></span> <span class='ocrx_word' id='word_1_632' title='bbox 2032 3650 2131 3692; x_wconf 88' lang='lat' dir='ltr'><strong>fons</strong></span> <span class='ocrx_word' id='word_1_633' title='bbox 2150 3650 2318 3704; x_wconf 86' lang='lat' dir='ltr'><strong>prostat</strong></span> <span class='ocrx_word' id='word_1_634' title='bbox 2334 3644 2497 3699; x_wconf 86' lang='lat' dir='ltr'><strong>absque</strong></span> <span class='ocrx_word' id='word_1_635' title='bbox 2517 3641 2665 3685; x_wconf 87' lang='lat' dir='ltr'><strong>labore</strong></span> <span class='ocrx_word' id='word_1_636' title='bbox 2680 3674 2695 3698; x_wconf 83' lang='lat'>‚</span> 
     </span>
    </p>
   </div>
   <div class='ocr_carea' id='block_1_13' title="bbox 499 3735 2546 3851">
    <p class='ocr_par' dir='ltr' id='par_1_25' title="bbox 499 3735 2546 3851">
     <span class='ocr_line' id='line_1_102' title="bbox 507 3735 2448 3799; baseline -0.003 -15"><span class='ocrx_word' id='word_1_637' title='bbox 507 3753 536 3794; x_wconf 83' lang='lat'><strong>1)</strong></span> <span class='ocrx_word' id='word_1_638' title='bbox 559 3753 789 3786; x_wconf 78' lang='lat' dir='ltr'><strong>Animadverte</strong></span> <span class='ocrx_word' id='word_1_639' title='bbox 809 3754 1007 3788; x_wconf 82' lang='lat' dir='ltr'><strong>catholicum</strong></span> <span class='ocrx_word' id='word_1_640' title='bbox 1030 3756 1210 3790; x_wconf 83' lang='lat' dir='ltr'><strong>doctissimi</strong></span> <span class='ocrx_word' id='word_1_641' title='bbox 1234 3758 1266 3790; x_wconf 84' lang='lat' dir='ltr'><strong>et</strong></span> <span class='ocrx_word' id='word_1_642' title='bbox 1290 3757 1514 3799; x_wconf 86' lang='lat' dir='ltr'><strong>antiquissimi</strong></span> <span class='ocrx_word' id='word_1_643' title='bbox 1532 3756 1682 3798; x_wconf 84' lang='lat' dir='ltr'><strong>origenis</strong></span> <span class='ocrx_word' id='word_1_644' title='bbox 1705 3756 1930 3790; x_wconf 65' lang='lat' dir='ltr'><strong>testimonium</strong></span> <span class='ocrx_word' id='word_1_645' title='bbox 1951 3754 1992 3787; x_wconf 93' lang='lat' dir='ltr'><strong>de</strong></span> <span class='ocrx_word' id='word_1_646' title='bbox 2015 3735 2219 3787; x_wconf 77' lang='lat' dir='ltr'><strong>sacrosancta</strong></span> <span class='ocrx_word' id='word_1_647' title='bbox 2241 3748 2448 3783; x_wconf 81' lang='lat' dir='ltr'><strong>eucharistia.</strong></span> 
     </span>
     <span class='ocr_line' id='line_1_103' title="bbox 499 3800 2546 3851; baseline -0.002 -10"><span class='ocrx_word' id='word_1_648' title='bbox 499 3805 529 3846; x_wconf 81' lang='lat'><strong>2)</strong></span> <span class='ocrx_word' id='word_1_649' title='bbox 552 3806 632 3838; x_wconf 88' lang='lat' dir='ltr'><strong>Heic</strong></span> <span class='ocrx_word' id='word_1_650' title='bbox 657 3807 764 3840; x_wconf 85' lang='lat' dir='ltr'><strong>innuit</strong></span> <span class='ocrx_word' id='word_1_651' title='bbox 791 3807 943 3850; x_wconf 82' lang='lat' dir='ltr'><strong>Origenes</strong></span> <span class='ocrx_word' id='word_1_652' title='bbox 959 3817 1103 3842; x_wconf 86' lang='lat' dir='ltr'><strong>errorem</strong></span> <span class='ocrx_word' id='word_1_653' title='bbox 1120 3810 1214 3842; x_wconf 86' lang='lat' dir='ltr'><strong>illum</strong></span> <span class='ocrx_word' id='word_1_654' title='bbox 1233 3819 1330 3844; x_wconf 89' lang='lat' dir='ltr'><strong>suum</strong></span> <span class='ocrx_word' id='word_1_655' title='bbox 1347 3810 1388 3843; x_wconf 89' lang='lat' dir='ltr'><strong>de</strong></span> <span class='ocrx_word' id='word_1_656' title='bbox 1404 3811 1534 3849; x_wconf 79' lang='lat' dir='ltr'><strong>futura,</strong></span> <span class='ocrx_word' id='word_1_657' title='bbox 1553 3812 1626 3851; x_wconf 80' lang='lat' dir='ltr'><strong>post</strong></span> <span class='ocrx_word' id='word_1_658' title='bbox 1646 3810 1744 3842; x_wconf 84' lang='lat' dir='ltr'><strong>vitam</strong></span> <span class='ocrx_word' id='word_1_659' title='bbox 1757 3833 1768 3849; x_wconf 94' lang='lat'><em>‚</em></span> <span class='ocrx_word' id='word_1_660' title='bbox 1789 3803 2000 3842; x_wconf 70' lang='lat' dir='ltr'><strong>eonversioue</strong></span> <span class='ocrx_word' id='word_1_661' title='bbox 2015 3805 2188 3849; x_wconf 73' lang='lat' dir='ltr'><strong>impiorum</strong></span> <span class='ocrx_word' id='word_1_662' title='bbox 2201 3828 2211 3845; x_wconf 96' lang='lat'>,</span> <span class='ocrx_word' id='word_1_663' title='bbox 2231 3805 2263 3836; x_wconf 81' lang='lat' dir='ltr'><strong>et</strong></span> <span class='ocrx_word' id='word_1_664' title='bbox 2276 3809 2453 3844; x_wconf 69' lang='lat' dir='ltr'><strong>poenarum</strong></span> <span class='ocrx_word' id='word_1_665' title='bbox 2472 3800 2546 3832; x_wconf 78' lang='lat' dir='ltr'><strong>fine-</strong></span> 
     </span>
    </p>
   </div>
  </div>
 </body>
</html>
