2996 4432
986 265 1157 297 comm
1191 263 1430 296 vasonns
1464 265 1559 297 nrc.
1597 266 1685 298 mn.
1724 269 1757 299 1.
2444 258 2501 304 81

242 355 525 411 apostolicae;
554 358 598 397 et
626 351 766 398 allatis
795 352 924 395 sacris
958 352 1220 406 canonibus,
1249 352 1394 408 eisque
1423 350 1591 407 liquido
1619 353 1921 409 praeservatiS,
1952 355 2120 410 prolata
2148 359 2192 399 et
2221 357 2425 400 sententia
2452 358 2512 401 ab

243 428 395 472 eodem
425 426 609 471 concilio
640 425 720 469 sub
749 423 1027 468 anathematis
1045 424 1272 468 interdicto
1290 455 1302 478 ,
1332 429 1382 467 ut
1399 424 1540 467 nullus
1556 437 1750 481 *unquam
1780 425 1989 468 laicorum
2012 440 2148 483 neque
2168 442 2216 471 ex
2241 428 2324 471 alio
2356 429 2511 472 ordine

243 504 510 556 praesumat,
539 498 619 541 nisi
646 509 722 553 per
755 496 977 539 distinctos
1001 496 1155 551 gradus
1182 494 1411 538 ascendens
1438 493 1639 537 diaconus
1677 498 1752 537 aut
1791 496 2013 552 presbyter
2042 497 2179 540 factus
2207 499 2336 541 fuerit
2364 500 2507 543 cardi-

243 572 370 626 nalis,
392 571 447 614 ad
468 573 659 613 sanctum
688 568 897 610 honorem
919 568 1163 623 promoveri
1182 566 1474 623 pontificatus·
1498 584 1515 602 υ
1541 567 1647 608 Item
1676 566 1719 608 in
1743 568 1925 610 concilio
1954 567 2142 611 eiusdem
2171 570 2371 624 Stephani
2406 572 2502 614 ·111·

249 662 265 678 a
288 642 524 698 Oportebat
556 645 604 682 ut
632 638 734 682 haec
764 643 1032 682 sacrosancta
1060 637 1234 681 domina
1263 642 1410 681 nostra
1437 637 1634 692 eeclesia,
1668 638 1784 681 iuxta
1812 640 1932 694 quod
1964 653 1989 682 a
2021 641 2147 683 beato
2181 644 2308 685 Petro
2340 647 2383 685 et
2415 644 2507 686 eius

235 713 550 757 successoribus
582 712 819 754 institutum
847 715 932 764 est,
965 711 1045 752 rite
1068 710 1362 764 ordinaretur,
1390 709 1495 752 etin
1525 710 1787 764 apostolatus
1808 709 1974 753 culmen
2000 724 2106 754 unus
2137 713 2190 756 de
2219 713 2509 758 cardinalibus

241 784 498 840 preshyteris
522 786 595 825 aut
615 781 863 824 diaconibus
890 786 1252 824 consecraretur.»
1281 782 1332 823 In
1353 780 1520 823 actione
1541 785 1705 835 quarta.
1737 782 1801 823 «Si
1820 783 1915 836 quis
1939 796 1990 824 ex
2013 785 2222 840 episeopis
2242 787 2308 828 vel
2329 787 2509 843 presby-

238 857 341 900 teris
373 855 441 898 vel
472 854 691 897 monachis
721 853 788 896 vel
816 853 961 906 laicis,
998 857 1147 895 contra
1167 865 1379 895 canonum
1409 856 1452 894 et
1472 856 1714 894 sanctorum
1743 856 1912 906 patrum
1943 859 2098 897 statuta
2127 869 2435 912 prorumpens,
2459 861 2505 902 in

237 926 419 983 gradum
439 924 626 967 filiorum
646 926 688 966 S.
714 925 767 966 R.
794 923 993 966 ecclesiae
1010 954 1022 975 ,
1043 923 1087 966 id
1109 923 1538 986 estpresbyterorum
1566 922 1841 965 cardinalium
1873 928 1915 966 et
1945 924 2224 969 diaconorum
2243 960 2255 982 ‚
2290 929 2352 970 ire
2381 943 2504 984 pra-e-

238 997 492 1052 sumpserit,
521 1001 564 1038 et
586 996 696 1038 hanc
720 996 996 1051 apostolicam
1016 995 1161 1037 sedem
1187 994 1386 1037 invadere
1406 994 1587 1049 quilibet
1607 1008 1658 1037 ex
1689 995 1939 1050 supradictis
1963 999 2213 1051 tentaverit,
2244 1004 2287 1041 et
2308 1000 2363 1042 ad
2385 1013 2502 1044 sum-

236 1081 353 1112 mum
383 1068 668 1123 pontificalem
697 1068 907 1110 honorem
933 1065 1157 1109 ascendere
1180 1065 1390 1119 voluerit,
1420 1066 1504 1120 ipsi
1523 1071 1564 1108 et
1585 1067 1665 1108 sibi
1686 1067 1928 1110 faventibus
1948 1067 2025 1110 fiat
2050 1074 2302 1124 perpetuum
2326 1073 2504 1114 anathe-

237 1156 319 1186 ma.
343 1161 359 1178 υ
394 1143 501 1184 Item
527 1141 650 1183 infra.
684 1159 700 1176 n
717 1140 757 1182 Si
778 1140 872 1194 quis
903 1139 1098 1181 resistcre
1118 1139 1445 1193 praesumpserit
1464 1136 1751 1194 sacerdotibus
1773 1142 1901 1193 atque
1926 1139 2182 1194 primatibus
2211 1141 2410 1184 ecclesiae
2436 1144 2504 1186 vel

239 1218 394 1257 cuncto
418 1213 532 1256 clero
564 1212 618 1255 ad
647 1211 888 1266 eligendum
910 1211 990 1253 sibi
1012 1223 1235 1253 romanum
1259 1210 1507 1252 Pontificem
1534 1210 1764 1253 secundum
1797 1211 1905 1253 hanc
1932 1213 2177 1255 canonicam
2198 1214 2469 1258 traditionem
2485 1250 2498 1271 ,

238 1286 462 1329 anathema
497 1286 566 1326 sit.
592 1285 747 1326 »Item
781 1282 899 1338 quod
930 1282 1081 1324 electio
1115 1281 1328 1336 pontificis
1357 1294 1443 1323 non
1476 1281 1688 1336 pertineat
1715 1282 1832 1323 laicis
1858 1287 2048 1336 tantum,
2074 1296 2125 1325 ex
2153 1285 2333 1327 concilio
2363 1287 2502 1329 laodi-

237 1370 342 1400 ceno
375 1369 471 1412 cap.
507 1357 621 1398 ··1111
657 1357 784 1398 «Non
805 1359 868 1406 est
890 1353 1223 1410 permittendum
1252 1353 1403 1395 turbae
1433 1352 1658 1394 electiones
1683 1365 1830 1395 eorum
1855 1354 2020 1408 facere,
2055 1356 2128 1409 qui
2159 1361 2257 1398 suut
2278 1357 2333 1399 ad
2363 1371 2501 1400 sacer-

238 1429 405 1471 dotium
432 1426 732 1483 promovendi.
758 1428 867 1469 Item
900 1439 952 1468 ex
984 1425 1155 1468 decreto
1189 1437 1326 1480 papae
1357 1411 1594 1466 Caelestini.
1633 1425 1894 1467 «Ducendus
1930 1423 1966 1482 1)
1989 1431 2051 1468 est
2081 1428 2294 1482 populus,
2319 1442 2406 1472 non
2429 1444 2499 1473 se-

237 1499 456 1556 quendus;
482 1510 670 1553 nosque,
699 1499 734 1540 si
758 1499 975 1552 nesciunt,
999 1510 1073 1540 eos
1103 1488 1348 1552 quidliceat
1378 1495 1534 1551 quidve
1561 1509 1648 1538 non
1677 1496 1830 1549 liceat,
1855 1509 2155 1554 commoner,e
2188 1512 2274 1542 non
2301 1500 2368 1543 his
2395 1514 2501 1545 con-

236 1584 404 1615 sensum
433 1570 662 1625 praebere,
698 1570 914 1612 debemus.

355 1645 398 1685 9
431 1643 629 1684 Decursis
650 1643 794 1695 itaque
814 1646 880 1683 tot
900 1645 1145 1683 sanctorum
1174 1644 1344 1695 patrum
1373 1639 1695 1681 auctoritatibus
1716 1630 1945 1682 latinorum
1976 1641 2135 1683 scilicet
2157 1647 2199 1683 et
2229 1654 2496 1698 graecorum,

237 1718 354 1769 patet
393 1713 500 1755 nihil
535 1713 636 1754 iuris
674 1713 969 1766 imperatoriae
1005 1712 1206 1766 potestati
1233 1712 1278 1753 in
1315 1710 1562 1766 pontificum
1602 1711 1803 1753 electione
1842 1725 1917 1754 seu
1946 1715 2218 1767 promotione
2250 1715 2304 1756 ab
2344 1716 2502 1759 eisdem

236 1785 486 1830 attributum
518 1797 622 1826 esse.
662 1784 798 1825 Immo
836 1796 973 1838 neque
1000 1783 1157 1825 laicalis
1185 1787 1371 1837 potestas
1404 1782 1486 1824 sibi
1514 1783 1741 1837 quicquam
1771 1784 1814 1825 in
1842 1784 1908 1825 his
1942 1784 2148 1836 vindicet,
2185 1799 2210 1827 a
2244 1787 2501 1840 quibusdam

237 1870 383 1900 eorum
416 1856 494 1898 sub
523 1855 812 1907 anathemate,
845 1854 891 1896 id
921 1859 982 1896 est
1010 1867 1034 1896 a
1065 1855 1158 1896 Deo
1186 1855 1478 1909 separatione,
1512 1854 1741 1896 inhibitum
1773 1855 1917 1897 fuisse.
1954 1857 2006 1898 Et
2042 1861 2154 1898 certe
2185 1857 2264 1899 sub
2300 1860 2500 1913 praefatis

225 1930 424 1972 somanis
454 1927 735 1976 Pontificibus
761 1927 960 1981 leguntur
993 1926 1176 1968 extitisse
1206 1925 1487 1980 potentissimi
1521 1926 1824 1981 imperatoreS,
1852 1940 1949 1969 1n0n
1979 1928 2116 1969 solum
2147 1930 2319 1972 orientis
2354 1943 2501 1974 verum

236 2001 364 2042 etiam
390 1998 619 2042 occidentis
637 2029 649 2048 ‚
669 1998 827 2039 seilicet
845 1997 1162 2043 Valentinianus
1181 2001 1223 2038 et
1244 1996 1506 2039 Theodosius
1527 1999 1713 2048 iuniores
1728 2030 1740 2050 ,
1764 2000 2016 2053 Martianus,
2041 2000 2262 2043 Mauritius
2278 2033 2289 2054 ,
2319 2007 2361 2044 et
2384 2003 2500 2045 Pho-

236 2085 322 2116 cas.
362 2072 414 2112 Et
451 2083 547 2111 cuin
578 2069 793 2124 praefatae
834 2068 1088 2110 universales
1124 2067 1304 2123 synodi,
1340 2067 1385 2110 id
1421 2073 1484 2110 est
1519 2070 1655 2123 prima
1691 2074 1734 2111 et
1772 2071 1978 2124 septima,
2013 2084 2036 2113 a
2071 2076 2137 2113 tot
2170 2072 2361 2126 patribus
2394 2086 2496 2127 age-

236 2147 384 2186 rentur
415 2143 618 2192 Nicaeae,
660 2140 991 2182 christianissimi
1019 2139 1298 2193 imperatores
1328 2139 1624 2181 Constantinus
1665 2152 1841 2194 magnus
1860 2172 1872 2193 ,
1908 2146 1951 2183 et
1982 2142 2083 2183 item
2120 2144 2419 2186 Constantinus
2455 2149 2499 2187 et

239 2215 362 2257 Irene
395 2218 525 2255 mater
557 2212 671 2264 eiuS‚
700 2211 898 2265 leguntur
925 2209 1120 2253 adfuisse.
1158 2210 1239 2252 Sed
1268 2215 1310 2252 et
1348 2210 1501 2252 Basilio
1532 2223 1688 2265 magno
1719 2212 1975 2267 imperatore
2008 2217 2177 2268 petente
2209 2219 2250 2256 et
2278 2221 2498 2270 praesente

216 2286 394 2340 'legitur
423 2289 573 2327 octava
602 2282 792 2338 synodus
821 2283 923 2323 item
955 2281 1198 2323 universalis
1231 2282 1598 2336 Constantinopoli
1631 2282 1845 2324 celebrata
1874 2283 2015 2326 fuisse.
2051 2286 2327 2339 Itaquevcnm
2361 2287 2499 2341 prima

235 2369 382 2400 earum
418 2357 586 2397 censeat
620 2366 707 2395 non
744 2352 987 2394 habendum
1025 2364 1280 2407 quemquam
1319 2353 1566 2407 episcopum
1597 2354 1688 2396 sine
1727 2355 1908 2397 concilio
1942 2357 2282 2411 metropolitani;
2320 2359 2499 2412 septima

234 2436 336 2472 'vero
363 2429 492 2471 trium
526 2439 740 2469 sacrorum
771 2425 969 2467 ordinum
997 2425 1246 2467 electionem
1279 2437 1304 2466 a
1327 2424 1591 2480 principibus
1620 2425 1889 2479 prohibuerit
1918 2425 2042 2479 fieri;
2069 2431 2217 2469 octava
2246 2432 2386 2470 autem
2417 2430 2496 2471 sub

2542 1448 2611 1479 cod.
2631 1448 2651 1478 f.
2675 1453 2734 1479 111.

237 2500 501 2543 anathemate
534 2498 796 2540 interdixerit
830 2495 1081 2551 pontificum
1110 2495 1357 2538 electionem
1390 2495 1526 2538 laicali
1557 2498 1783 2551 potestati,
1818 2510 1920 2538 num
1950 2498 2025 2552 qui
2054 2503 2295 2552 praesentes
2325 2500 2497 2542 aderant
2542 2503 2558 2513 “

237 2574 514 2626 imperatores
545 2570 682 2623 questi
711 2572 810 2610 sunt
843 2569 926 2609 hoc
957 2566 1012 2608 ad
1049 2567 1114 2620 sui
1146 2571 1437 2622 contemptum
1469 2566 1584 2619 fieri,
1617 2566 1735 2621 quod
1774 2567 1881 2609 nihil
1916 2568 1968 2610 de
2006 2568 2257 2623 pontificum
2291 2570 2497 2612 electione

241 2641 491 2684 eorumdem
518 2641 744 2681 referretur
771 2637 1008 2693 potestati?
1041 2639 1176 2680 Immo
1204 2640 1347 2693 potius
1371 2639 1569 2692 leguntur
1591 2644 1833 2681 sanctorum
1856 2643 2023 2694 patrum
2056 2641 2378 2684 constitutiones
2403 2654 2496 2684 arn-

237 2714 428 2768 plexatos
455 2712 610 2763 fuisse3
645 2723 799 2765 easque
825 2709 999 2764 quidam
1027 2721 1176 2751 eorum
1206 2714 1304 2764 post
1335 2711 1523 2764 quinque
1555 2711 1890 2765 patriarcharum
1920 2711 2248 2766 subscriptiones
2268 2714 2352 2754 suis
2381 2725 2494 2768 quo-

237 2797 320 2840 que
355 2782 736 2838 subscriptionibus
768 2780 1003 2822 roborasse.
1040 2781 1146 2822 Item
1178 2793 1273 2822 cum
1302 2779 1527 2834 contigerit
1551 2793 1750 2823 romanos
1781 2782 2001 2835 pontifices
2039 2782 2092 2824 de
2123 2782 2375 2837 pontificum
2405 2784 2493 2825 ele-

237 2858 379 2898 ctione
411 2855 663 2908 decernere,
701 2853 883 2906 contigit
910 2864 964 2893 ne
996 2864 1171 2894 suorum
1203 2856 1440 2906 temporum
1480 2853 1756 2907 imperatores
1788 2853 1870 2895 hoe
1908 2853 1962 2895 ad
1997 2854 2061 2895 sui
2098 2854 2264 2908 imperii
2297 2855 2491 2897 iniuriam

234 2928 328 2970 fieri
362 2931 533 2981 questos
563 2924 724 2967 fuisse?
754 2924 850 2965 Non
880 2922 1092 2977 equidem.

362 3000 430 3041 10.
464 3000 570 3040 Sunt
593 3000 731 3038 autem
756 2994 929 3049 quidam
950 3006 1127 3045 eorum,
1164 2998 1313 3036 contra
1343 3006 1452 3049 quos
1481 2995 1728 3047 scribimus,
1761 2997 1834 3050 qui
1865 3000 2014 3050 putant
2044 2996 2248 3051 quiddam
2278 2998 2421 3052 magni
2445 2998 2490 3040 in

236 3072 302 3114 sui
336 3069 624 3112 defensionem
652 3066 942 3118 adinvenisse,
975 3076 1072 3106 cum
1107 3065 1385 3107 introducunt
1422 3066 1676 3120 Gregorium
1707 3071 1749 3108 et
1785 3067 2052 3109 Ambrosium
2083 3079 2108 3109 a
2137 3067 2292 3109 saeculi
2326 3068 2489 3122 princi-

236 3143 360 3198 pibus
389 3141 443 3184 ad
473 3139 765 3195 pontificatum
799 3141 1021 3192 promotos
1050 3137 1205 3190 fuisse3
1231 3137 1350 3192 quod
1379 3150 1508 3192 quam
1538 3138 1735 3180 frivolum
1758 3151 1969 3193 quamque
1990 3139 2142 3180 falsum
2172 3140 2246 3193 sit,
2273 3139 2490 3183 evidenter

235 3213 395 3256 iudicio
425 3210 675 3266 apparebit,
699 3209 859 3251 collatis
888 3220 1035 3250 eorum
1059 3208 1336 3250 electionibus
1359 3221 1454 3251 cum
1485 3210 1672 3264 capitulo
1696 3214 1869 3252 octavae
1892 3210 2068 3265 synodi,
2094 3210 2211 3265 quod
2234 3223 2361 3266 supra
2381 3211 2488 3253 scri·-

229 3285 413 3339 psimus.
447 3283 551 3324 Nam
580 3281 775 3336 quamvis
806 3279 1036 3321 multorum
1066 3291 1272 3320 annorum
1302 3279 1526 3321 interstitio
1557 3293 1582 3322 a
1611 3293 1656 3322 se
1687 3280 1866 3333 distent,
1891 3286 2032 3323 tamen
2053 3281 2112 3323 ita
2130 3281 2211 3323 sihi
2232 3282 2489 3324 concordare

235 3355 433 3397 videntur
451 3384 463 3405 ‚
488 3357 596 3396 utet
625 3351 813 3407 synodus
842 3355 884 3392 et
915 3363 1062 3392 eorum
1093 3351 1241 3392 electio
1273 3355 1315 3392 et
1343 3351 1558 3405 promotio
1589 3363 1675 3392 uno
1700 3350 1936 3406 eodemque
1963 3352 2042 3393 Dei
2064 3352 2218 3406 spiritu
2248 3356 2342 3394 acta
2359 3352 2487 3394 fuisse

234 3425 486 3481 probentur.
520 3423 586 3465 Sic
616 3423 727 3464 enim
757 3423 801 3463 in
832 3423 958 3476 gestis
987 3420 1235 3464 eorumdem
1263 3420 1468 3476 scriptum
1497 3421 1694 3463 habetur.
1735 3440 1750 3457 α
1771 3422 2042 3477 Gregorium‚
2067 3422 2168 3464 licet
2194 3423 2297 3464 totis
2326 3422 2488 3464 viribus

236 3499 511 3545 renitentem,
537 3495 673 3536 clerus
702 3498 955 3548 senatusque
985 3498 1028 3535 ct
1057 3493 1242 3548 populus
1270 3505 1470 3534 romanus
1500 3492 1583 3534 sibi
1613 3492 1881 3534 concorditer
1911 3493 2156 3548 pontificem
2194 3493 2402 3547 delegere.
2432 3494 2488 3534 At

235 3569 309 3611 ubi
339 3568 553 3610 decretum
583 3566 861 3620 generalitatis
881 3564 1059 3607 evadere
1090 3565 1278 3619 nequiit,
1310 3576 1608 3606 consensurum
1640 3576 1684 3606 se
1714 3564 1944 3619 aliquando
1975 3565 2209 3619 simulavit,
2235 3569 2277 3606 et
2305 3565 2487 3619 impera-

234 3639 320 3681 tori
349 3637 543 3680 Mauritio
575 3637 693 3678 cuius
721 3635 856 3677 filium
886 3648 937 3677 ex
966 3635 1134 3677 lavacro
1165 3638 1310 3677 sancto
1340 3638 1610 3689 susceperat,
1639 3635 1819 3685 latenter
1846 3635 2004 3678 litteras
2035 3635 2259 3679 destinavit
2289 3633 2485 3676 adiurans

228 3722 288 3751 ne
320 3720 507 3763 unquam
536 3719 743 3749 assensum
773 3706 937 3761 populo
967 3706 1217 3761 praeberet,
1249 3710 1299 3748 ut
1327 3718 1372 3748 se
1401 3705 1527 3748 huius
1556 3706 1732 3749 honoris
1762 3707 1898 3761 gloria
1927 3708 2213 3751 sublimarent.
2249 3705 2329 3748 Sed
2359 3718 2485 3760 prac-

353 3814 380 3855 1)
402 3812 485 3846 cod.
503 3807 690 3845 docendus.
715 3813 816 3844 Porro
837 3811 878 3844 de
898 3811 1110 3846 electionibus
1129 3811 1355 3846 ecelesiasticis
1375 3811 1473 3845 latius
1493 3811 1663 3845 anselmus
1683 3810 1717 3844 in
1738 3811 1939 3846 collectionis
1959 3821 2037 3846 suae
2055 3811 2228 3845 canonicae
2249 3809 2334 3843 libro
2356 3810 2485 3852 quarto.

233 3867 352 3900 Confer
374 3867 485 3909 spicil.
503 3875 584 3899 rom.
607 3867 645 3898 Τ.
664 3866 721 3898 vl.
739 3874 771 3906 p.
788 3867 859 3898 325.

2273 3916 2306 3957 L
