2996 4432
499 253 563 298 76

499 351 670 394 dicebat
698 349 869 392 beatam
899 350 1110 404 virginem
1140 351 1318 394 Mariam
1347 364 1435 395 non
1465 353 1547 396 Dei
1573 351 1649 397 sed
1683 353 1870 397 hominis
1905 354 2210 398 tantummodo
2248 355 2499 411 genitricem
2517 387 2529 411 ,
2563 361 2612 399 ut
2649 359 2777 402 aliam

499 434 725 478 personam
755 422 893 464 carnis
913 452 925 475 ‚
959 422 1087 464 aliam
1117 422 1277 464 faceret
1307 423 1500 480 deitatis;
1533 425 1802 481 temporibus
1831 425 2061 468 Theodosii
2082 426 2287 482 principis
2316 427 2522 481 iunioris,
2549 428 2770 472 Caelestini

495 506 634 549 papae
663 494 855 547 romani,
888 493 1099 535 Iuvenalis
1130 495 1616 551 constantinopolitani,
1651 496 1800 552 Cyrilli
1838 495 2129 551 alexandrini,
2163 499 2237 552 qui
2262 500 2376 540 ·XII·
2402 499 2585 554 capitula
2609 505 2774 543 „contra

498 564 683 607 Nestorii
712 563 1074 619 blasphemiarum
1103 564 1284 608 totidem
1316 567 1500 622 capitula
1517 601 1529 622 ,
1562 572 1735 616 auctore
1772 567 1924 610 eodem
1961 571 2108 610 sancto
2150 569 2310 624 Cyrillo
2331 600 2342 622 ‚
2375 569 2768 613 anathematizando

497 636 855 690 conscripserunt.
882 635 1042 687 Quarta
1062 636 1105 677 in
1129 635 1396 681 Chalcedone
1417 638 1636 682 ·DCXXX·
1658 642 1830 693 patrum
1850 642 2001 680 contra
2019 639 2241 695 Eutychen
2263 641 2772 696 constantinopolitanum

497 704 693 748 abbatem
710 737 721 759 ,
755 706 830 761 qui
846 704 1072 748 'asserebat
1103 707 1316 750 Christum
1345 714 1445 763 post
1474 709 1700 751 humanam
1732 711 2088 764 assumptionem,
2113 722 2201 753 non
2222 723 2273 753 ex
2304 710 2467 755 duabus
2497 714 2659 755 naturis
2681 715 2774 756 exi—

497 783 633 832 stere,
660 777 735 820 sed
765 778 974 820 solam'in
1006 789 1057 819 eo
1090 777 1276 821 divinam
1305 784 1498 822 naturam
1527 791 1799 834 permanere3
1832 779 2098 835 temporibus
2127 782 2328 824 Marciani
2358 783 2588 839 principis,
2621 785 2777 827 Leonis

499 861 636 904 papae
667 849 830 890 romani
849 879 861 900 ‚
887 849 1101 891 Iuvenalis
1122 844 1512 905 hierosolymitani,
1538 850 1725 893 Anatolii
1748 851 2224 906 constantinopolitani;
2249 854 2325 908 qui
2347 854 2628 898 condemnata
2650 868 2777 910 prae-

244 928 256 940 ·
274 922 454 957 ‘notandum-
498 920 654 975 scripta
684 919 845 961 haeresi
875 924 1114 962 statuerunt
1144 933 1324 963 canones
1347 921 1582 974 ·XXV11·*,
1607 934 1793 976 quorum
1822 927 1970 965 auctor
2001 924 2178 965 maxime
2207 923 2320 966 idem
2350 929 2519 968 sanctus
2549 927 2776 969 Anatolius

498 990 984 1045 constantinopolitanus
1015 992 1241 1046 episcopus
1269 992 1368 1034 fuit.
1403 992 1558 1044 Quinta
1578 993 1623 1034 in
1644 994 2014 1049 Constantinopoli
2045 999 2193 1037 contra
2213 994 2487 1038 Theodorum
2510 1003 2776 1052 mopsueste-

496 1074 600 1104 num
630 1066 672 1104 et
703 1074 849 1103 omnes
881 1061 1145 1115 haereticos;
1179 1062 1254 1116 qui
1284 1061 1536 1105 Theodorus
1567 1063 1731 1107 dicebat
1761 1065 1889 1107 alium
1922 1078 2009 1108 esse
2039 1067 2176 1108 Deum
2205 1065 2395 1108 Verbum
2425 1071 2468 1108 et
2497 1067 2626 1110 alium
2650 1069 2773 1111 Chri-

498 1138 640 1186 stum3
674 1136 717 1174 et
746 1145 908 1174 sacram
938 1132 1144 1187 virginem
1174 1133 1346 1175 Mariam
1365 1132 1546 1189 negabat
1568 1135 1646 1176 Dei
1666 1136 1914 1190 genitricem
1934 1137 2085 1191 fuisse3
2107 1137 2376 1192 temporibus
2398 1138 2622 1181 Iustiniani
2651 1141 2772 1194 prin-

499 1204 626 1259 cipis,
650 1203 794 1258 vigilii
824 1216 959 1258 papae
990 1203 1179 1255 romani,
1215 1205 1373 1246 Domni
1402 1206 1666 1260 antiocheni,
1699 1207 1899 1263 Eutychii
1920 1208 2398 1264 constantinopolitani3
2425 1209 2500 1263 qui
2522 1210 2678 1252 ·XIIH·
2703 1223 2775 1253 ca-

499 1274 635 1329 pitula
666 1274 1058 1317 anathematizando
1090 1276 1350 1330 scripserunt
1381 1280 1528 1319 contra
1557 1277 1770 1320 Theodori
1801 1283 1845 1320 et
1874 1279 2089 1321 sociorum
2124 1280 2215 1322 eius
2243 1279 2541 1335 blasphemias.
2575 1282 2699 1324 Sexta
2727 1282 2775 1324 in

173 1347 290 1377 *immo
302 1346 453 1387 plurium.
497 1345 867 1400 Constantinopoli
890 1346 987 1387 ·CL·
1009 1344 1028 1362 *
1049 1339 1219 1401 patrum
1249 1352 1399 1390 contra
1428 1349 1659 1391 Macar-ium
1688 1349 1990 1393 antiochenum
2020 1355 2063 1392 et
2093 1351 2233 1393 socios
2263 1353 2352 1393 eius
2370 1383 2383 1406 ‚
2417 1351 2493 1406 qui
2528 1364 2657 1394 unam
2692 1344 2775 1394 <ro-

494 1416 702 1459 luntatem
734 1420 776 1466 et
807 1418 1095 1471 operationem
1116 1418 1161 1459 in
1183 1418 1350 1472 Christo
1381 1418 1742 1474 falsa'suspicione
1764 1421 2031 1475 astruebant;
2057 1422 2323 1476 temporibus
2353 1422 2616 1464 Constantini
2646 1423 2771 1478 prin-

497 1488 604 1543 cipis
619 1519 631 1542 ‚
666 1487 901 1542 Agathonis
932 1501 1062 1543 papae
1091 1490 1283 1543 romani,
1310 1491 1482 1545 Georgii
1503 1492 1984 1547 constantinopolitani,
2006 1493 2083 1548 qui
2105 1492 2386 1535 condemnata
2404 1493 2566 1535 haeresi
2588 1492 2774 1549 praefata

496 1558 884 1603 anathematizando
915 1559 1173 1615 scripserunt
1202 1573 1358 1603 novem
1389 1562 1575 1617 capitula
1605 1563 1781 1605 interius
1812 1576 1992 1606 annexa.

1295 1670 1851 1712 EPIMETRUM
1910 1671 1970 1712 II.

610 1777 661 1817 In
682 1778 810 1817 codice
832 1782 912 1818 vat.
937 1778 1023 1830 pal.
1048 1778 1316 1830 antiquissimo
1339 1779 1438 1831 554,
1461 1781 1504 1820 in
1519 1791 1595 1831 quo
1621 1783 1678 1820 est
1693 1780 1861 1831 Eqberti
1883 1780 2123 1820 eboracensis
2150 1779 2274 1831 (saec.
2302 1779 2443 1831 VIII.)
2459 1781 2767 1831 paenitentiate,

499 1845 611 1888 breve
642 1852 797 1900 tamen,
834 1861 903 1889 nee
931 1850 1010 1889 nisi
1038 1850 1088 1889 ab
1117 1850 1169 1889 iis
1197 1851 1328 1891 verbis
1355 1849 1568 1891 institutio
1597 1848 1672 1891 illa
1702 1853 1873 1902 sancta,
1906 1862 2007 1902 quae
2036 1853 2189 1891 suntin
2210 1851 2359 1891 Concz't.
2384 1851 2526 1890 Zattae
2546 1853 2645 1890 tomo
2664 1850 2769 1890 XII.

495 1921 568 1959 cot.
596 1919 715 1971 479„
744 1921 951 1972 praecedit
980 1921 1170 1973 acephala
1192 1920 1393 1973 praefatio
1424 1934 1494 1962 ceu
1523 1921 1718 1973 quaedam
1748 1922 1934 1973 apotoqia
1965 1921 2158 1984 Zheodort
2187 1924 2469 1966 cantuariensis
2506 1923 2575 1973 qui
2612 1922 2771 1973 pariter

494 1991 672 2031 ediderat
700 1991 824 2043 (saec,
853 1993 968 2045 Vll.)
983 1993 1284 2044 paenitentiale.
1318 1994 1433 2033 Hanc
1462 1993 1602 2033 rudem
1614 1991 1905 2045 praefationem
1934 1995 1978 2033 in
2007 1995 2187 2033 neutrius
2211 1994 2514 2045 paenitentiati‚
2544 1997 2636 2033 tom.
2662 1993 2766 2043 XII.

486 2062 717 2114 praedicto,
747 2064 1007 2104 inveniebam.
1044 2066 1116 2104 Est
1145 2069 1276 2105 autem
1306 2064 1547 2105 huiusmodi.

174 2140 256 2175 *pro
267 2138 448 2167 incorrecta.
615 2165 624 2173 .
676 2165 686 2175 .
739 2166 749 2175 .
805 2166 815 2175 .
864 2135 1040 2177 eruditis
1078 2135 1150 2177 illa
1191 2135 1422 2190 depravata
1459 2136 1789 2190 incorreptaque
1812 2135 1829 2153 *
1858 2135 1948 2177 eius
1979 2147 2067 2177 esse
2105 2134 2259 2187 iudicia
2288 2135 2439 2177 merito
2486 2134 2765 2189 abnegantur.

493 2205 525 2245 Ε
558 2204 713 2258 quibus
742 2218 828 2247 non
860 2219 994 2261 pauca
1033 2219 1129 2248 cum
1159 2207 1314 2261 passim
1338 2219 1363 2248 a
1384 2206 1579 2261 pluribus
1601 2207 1852 2260 mixtimque
1873 2210 2071 2248 tenentur
2089 2238 2101 2260 ‚
2126 2207 2288 2260 pariter
2311 2207 2555 2260 posuimus,
2579 2211 2627 2248 ut
2649 2206 2771 2248 Chri-

493 2281 559 2317 sto
601 2276 776 2319 domino
812 2279 984 2319 iuvante
1022 2278 1295 2333 sequentibus
1325 2277 1445 2319 libris
1483 2290 1534 2320 ex
1564 2278 1622 2320 eis
1659 2278 1893 2333 praecipua
1932 2278 2048 2319 iuxta
2086 2277 2311 2319 modulum
2342 2282 2534 2320 nostrum
2572 2277 2766 2331 corriga-

493 2358 603 2388 mus
637 2348 715 2390 Sed
746 2347 884 2390 adhuc
917 2348 968 2391 de
998 2349 1073 2391 illo
1106 2349 1350 2391 dubitantes
1381 2361 1535 2404 opere,
1568 2350 1708 2404 aliqua
1736 2349 1780 2390 in
1812 2349 2063 2403 quibusdam
2094 2349 2160 2391 his
2189 2349 2419 2391 necessaria
2451 2349 2665 2403 opusculis
2690 2347 2771 2390 ad-

493 2420 698 2461 nectimus
718 2452 729 2473 ,
763 2425 805 2462 et
834 2421 1012 2462 maxime
1051 2420 1198 2462 libello
1237 2421 1544 2476 paenitentiae,
1577 2432 1684 2475 quae
1715 2433 1739 2462 a
1774 2419 1977 2474 prudenti
2013 2425 2155 2474 posse·
2176 2419 2298 2461 facile
2336 2428 2436 2461 reor
2471 2418 2645 2461 adverti.
2685 2420 2769 2461 Re-

493 2493 576 2531 stat
605 2490 738 2544 igitur
759 2503 885 2546 super
905 2490 970 2533 his
992 2491 1048 2533 ad
1070 2491 1357 2534 defensionem
1377 2493 1508 2547 patris
1530 2492 1668 2534 nostri
1687 2491 1904 2534 Theodori
1934 2492 2154 2534 dilectioni
2185 2496 2346 2533 vestrae
2366 2495 2533 2533 tantum
2563 2494 2769 2545 quantum

493 2574 721 2615 possumus
751 2563 852 2605 satis
880 2563 1047 2605 facere:
1085 2575 1269 2618 quorum
1299 2564 1344 2605 in
1375 2564 1555 2606 aliorum
1585 2563 1895 2605 catholicorum
1926 2562 2047 2604 dictis
2087 2562 2255 2617 plenam
2285 2574 2373 2603 non
2403 2561 2664 2603 invenientes
2685 2573 2768 2624 'cx-

494 2634 782 2688 positionem,
826 2647 922 2677 eum
957 2635 1055 2677 ideo
1091 2636 1406 2690 frequentastis.
1446 2637 1508 2677 De
1547 2635 1702 2690 quibus
1738 2647 1827 2677 non
1864 2634 2076 2676 immerito
2118 2633 2345 2687 omnibus,
2383 2646 2461 2675 vos
2501 2633 2576 2688 qui
2611 2632 2769 2674 horum

283 2704 299 2720 *
318 2702 361 2732 ³¹³¹
380 2703 448 2733 md·
492 2704 732 2747 carissimi*
759 2718 882 2748 causa
911 2719 960 2748 ca
989 2706 1227 2750 iudicantes
1258 2707 1445 2749 difficilia
1475 2707 1690 2758 extitisse,
1716 2710 1764 2747 ut
1786 2718 1852 2747 me
1874 2706 1917 2748 in
1948 2705 2124 2747 illorum
2146 2717 2283 2759 agone
2301 2737 2312 2759 ‚
2336 2704 2504 2746 Christo
2530 2716 2609 2758 pro
2641 2702 2768 2745 vobis

492 2778 750 2829 agonotheta
771 2809 783 2829 ,
817 2782 1050 2821 certantem
1080 2780 1240 2821 meritis
1269 2779 1419 2821 vestris
1458 2783 1606 2821 contra
1639 2779 1905 2820 imminentes
1939 2778 2050 2820 ictus
2090 2776 2397 2819 detrahentium
2439 2776 2584 2818 dextra
2619 2775 2767 2817 laeva-

491 2860 574 2902 que
605 2848 868 2903 defendatis,
902 2850 1105 2904 obsccro;
1139 2850 1294 2905 quihus
1325 2850 1491 2892 facilius
1530 2854 1593 2892 est
1626 2849 1922 2892 laborantibus
1962 2848 2182 2891 detrahere
2202 2881 2216 2902 ‚
2257 2859 2386 2902 quam
2426 2847 2567 2889 studio
2609 2845 2771 2888 laboris
2824 2845 2827 2848 ’

490 2919 711 2963 desudare.
745 2922 796 2963 Et
827 2922 928 2977 quia
958 2922 1009 2964 de
1038 2923 1194 2964 nostris
1225 2915 1398 2978 quidam
1429 2922 1762 2977 sapientissimos
1792 2921 1987 2975 sugillare
2017 2920 2213 2962 ecclesiae
2243 2920 2322 2961 Dei
2350 2919 2518 2977 linguae
2550 2931 2650 2960 suae
2681 2929 2761 2959 vo-

488 2990 697 3032 lubilitate
729 2992 994 3046 didicerunt;
1028 2998 1221 3036 sanctum
1250 2994 1409 3048 loquor
1439 2994 1775 3049 Hieronymum,
1801 3005 1927 3047 quem
1956 2992 2237 3046 maliloquum
2257 2991 2504 3032 bominibus
2532 2990 2763 3046 inquiunt;

459 3051 463 3055 ¹
490 3063 773 3116 Augustinum
803 3064 1130 3119 multiloquum,
1162 3065 1373 3107 Isidorum
1405 3065 1640 3119 glossarum
1671 3064 2032 3118 compositorem:
2067 3067 2189 3105 taceo
2221 3061 2274 3104 de
2304 3061 2505 3116 reliquis,
2539 3072 2636 3103 cum
2667 3072 2765 3118 san-7
2808 3096 2812 3101 .

492 3136 606 3174 etum
635 3133 753 3175 aiunt
783 3135 1037 3189 Gregorium
1066 3132 1309 3190 apostolum
1345 3140 1540 3178 nostrum
1570 3149 1617 3178 ea
1647 3135 1799 3178 dixisse
1829 3134 1953 3176 facile
1985 3146 2095 3188 quae
2131 3133 2257 3175 ceteri
2293 3133 2411 3188 prius
2448 3134 2765 3186 exposuerunt,

166 3193 448 3265 *00{1}†,-¹312·,}g{{,}}§.j
491 3194 818 3248 tritis'aliorum
840 3208 1015 3250 callibus
1034 3206 1384 3261 ingredientem*.
1410 3208 1515 3250 Inde
1535 3209 1704 3250 noviter
1727 3206 1894 3259 audivi,
1919 3204 2038 3260 quod
2059 3205 2215 3247 horreo
2241 3203 2406 3256 dicere,
2432 3201 2642 3257 quendam
2662 3213 2767 3243 ven-

491 3275 695 3318 tricosum
727 3278 945 3333 gentilium
974 3278 1215 3320 fabularum
1246 3283 1520 3332 sectatorem,
1551 3279 1658 3332 legis
1687 3278 1767 3320 Dei
1795 3278 2001 3329 latorem,
2026 3280 2068 3318 et
2092 3276 2232 3331 operis
2252 3274 2385 3316 totius
2405 3273 2554 3317 mundi
2576 3273 2764 3328 scripto-

185 3333 447 3406 **0⁰g,‘}1‘¹j}}²5}{}{225233
490 3359 580 3388 rem
601 3347 821 3401 sugillare3
847 3348 950 3402 quid
968 3379 980 3402 ,
1004 3350 1221 3404 inquiens,
1245 3350 1335 3404 ipse
1358 3351 1526 3404 Moyses
1559 3349 1758 3391 emeritus
1780 3345 1791 3363 ‘
1815 3348 1884 3390 vel
1905 3347 2012 3390 scire
2042 3347 2112 3389 vel
2132 3347 2172 3388 ei
2195 3346 2335 3388 dicere
2366 3345 2575 3400 potuisset
2600 3343 2643 3385 *2²
2664 3343 2762 3385 Mea

488 3418 620 3471 igitur
651 3418 838 3461 defensio
863 3424 967 3474 aput
995 3421 1099 3463 tales
1122 3434 1232 3476 quae
1253 3433 1341 3463 esse
1363 3425 1531 3476 potest,
1557 3420 1633 3475 qui
1655 3420 1699 3461 in
1723 3419 2042 3475 comparatione
2064 3430 2212 3460 eorum
2235 3429 2345 3472 quos
2367 3415 2626 3471 praeposui,
2655 3412 2763 3456 nihil

488 3488 616 3530 sum?
648 3489 794 3531 Gratia
823 3494 961 3532 tamen
993 3491 1070 3533 Dei
1099 3504 1191 3534 sum
1222 3492 1269 3534 id
1299 3491 1419 3547 quod
1448 3503 1568 3533 sum:
1604 3503 1715 3546 quae
1745 3491 1907 3532 utinam
1937 3490 1981 3531 in
2011 3501 2079 3531 me
2115 3500 2250 3531 vacua
2289 3499 2377 3529 non
2415 3485 2517 3540 fiat,
2548 3497 2626 3540 per
2667 3495 2765 3526 eum

489 3561 562 3613 qui
594 3573 644 3601 ex
674 3560 808 3603 nihilo
848 3566 1001 3603 cuncta
1039 3562 1222 3604 creando
1263 3568 1423 3617 potens,
1446 3567 1510 3605 est
1539 3567 1582 3604 et
1612 3562 1665 3605 de
1693 3561 1877 3604 minimis
1913 3572 2069 3615 magna
2102 3559 2330 3615 perficere!
2365 3559 2450 3600 Pro
2483 3568 2571 3612 quo
2602 3554 2760 3598 haheat

488 3636 635 3674 auctor
665 3633 922 3687 quicumque
953 3633 1186 3676 catholicus
1215 3635 1429 3677 licentiam
1459 3647 1486 3678 a,
1512 3633 1663 3686 nobis,
1696 3632 1732 3676 s'i
1762 3633 1867 3689 quid
1896 3632 2063 3687 uspiam
2095 3631 2303 3673 invenerit
2333 3629 2385 3672 de
2413 3629 2480 3671 his
2510 3626 2628 3684 quod
2658 3637 2760 3683 pos·

281 3714 296 3729 *
315 3714 358 3743 ita
376 3714 445 3742 eoa.
490 3704 543 3744 sit
574 3703 825 3758 emendare,
847 3703 893 3746 id
922 3694 1085 3745 ratione
1115 3717 1343 3759 peragere3
1369 3707 1488 3761 quasi
1517 3706 1598 3748 nisi
1620 3702 1876 3748 vincantur*
1898 3716 2005 3759 quae
2035 3702 2252 3758 sequenda
2277 3714 2365 3744 non
2396 3701 2523 3755 sunt,
2554 3710 2652 3761 cum
2683 3709 2759 3739 ae-

168 3782 375 3814 ‘Romxnt
405 3789 446 3813 13.
492 3775 671 3828 qualiter
701 3780 926 3829 tenentur,
969 3777 1288 3819 contentionem
1316 3777 1400 3819 illis
1429 3782 1606 3819 movent
1640 3776 1920 3830 inmodicam;
1955 3775 2115 3830 quibus
2143 3774 2304 3819 dictum
2335 3777 2400 3816 est
2416 3771 2452 3814 *ι
2484 3785 2562 3814 non
2590 3773 2634 3813 in
2665 3781 2762 3811 con-

493 3851 658 3889 tentione
688 3853 726 3890 et
754 3850 1035 3901 aemulatione,
1071 3849 1142 3890 sect
1170 3850 1381 3891 induimini
1411 3850 1612 3892 dominum
1643 3850 1776 3908 Iesum
1809 3848 2027 3909 Christum.
2080 3902 2083 3905 Δ
