2996 4432
463 217 474 226 ²
526 256 615 303 148

203 1096 234 1124 B.
251 1096 271 1124 Ῐ.
288 1098 328 1123 12.
345 1094 376 1123 et
388 1061 482 1123 (Ξέΐᾱ.

415 2264 443 2284 v.
464 2260 488 2283 Γ).

356 2293 387 2321 Β.
409 2292 427 2320 f.
446 2295 489 2320 3.

416 2893 493 2918 v.8

309 2924 493 2954 A.f...47b

354 2961 493 2989 Β.“1.33.

518 349 707 418 μεγάλοις
741 373 784 400 το
816 345 994 413 πρέποντ,
1028 347 1131 398 autri
1163 367 1291 395 τοινυν
1325 343 1480 412 ἔπῇρθη
1499 383 1512 404 ,
1546 369 1617 394 κα-

517 420 713 476 θισαντος
738 422 778 469 ἐν
812 423 853 468 δε
858 422 923 475 ξιᾷ
953 440 1026 472 της
1051 414 1327 504 μεγαλοσυνης
1359 418 1398 465 ἐν
1430 419 1622 480 ὑψηλοις,

521 515 626 558 μετα
657 514 701 541 το
731 486 989 556 καθαρισμον
1021 510 1096 537 των
1129 489 1335 573 ἁμαρτιῶν
1352 485 1617 539 πεποιηκέναι·

522 565 620 615 οὕτω
649 560 837 620 νοητέον,
869 558 935 607 καὶ
969 554 1207 623 ὑψηλότερον
1239 554 1360 606 αὐτον
1392 560 1467 607 τῶν
1505 559 1624 622 οὖρα-

518 639 591 684 νῶν
629 653 831 698 γεγονεναι
874 650 978 692 μετα
1013 650 1083 680 την
1126 626 1366 678 ἀνάστασιν·
1412 647 1544 677 νηωιοι
1581 624 1624 674 δὲ

521 705 672 757 πάντες
705 702 738 751 οἶ
773 724 840 768 προ
825 698 1065 753 οσελθᾶντες
1099 703 1148 764 τῇ
1178 720 1337 756 πιστει,
1363 694 1623 751 νησιάζοντες

525 780 574 840 τῇ
606 794 740 833 κακιᾳ·
776 794 866 826 τους
898 770 958 819 ἔτι
996 767 1036 817 δὲ
1068 752 1317 824 θηλάζοντες
1349 770 1382 816 οἱ
1416 763 1625 822 νηπιάζον-

526 869 589 900 τες
623 841 870 909 ὑπερέβησαν
901 837 1055 899 ηλικια,
1087 838 1153 888 καὶ
1185 836 1335 893 τούτοις
1368 860 1410 888 το
1443 857 1549 900 μετα
1579 858 1622 886 το

524 913 632 982 γαλα
661 918 801 1000 βρωμα
830 910 1092 962 κατάλληλον·
1133 913 1294 959 τοιοῦτοι
1327 905 1370 956 δὲ
1403 905 1552 962 πάντες
1589 929 1623 954 οι

527 982 786 1072 στραφέντες
803 1006 871 1031 και
903 978 1099 1048 γενόμενοι
1131 980 1181 1035 ὦς
1213 1000 1266 1028 τα
1297 974 1436 1029 παιδια
1476 978 1541 1041 4).

590 1057 712 1106 ’Έστι
745 1051 789 1103 δὲ
826 1076 907 1108 τοις
944 1055 1124 1136 ἀκριβῶς
1145 1051 1374 1099 κατανοοῦσι
1414 1044 1625 1112 προσδοκία

531 1132 599 1179 τοῦ
636 1124 838 1176 δυνασθαι
874 1125 1024 1186 μαθειν
1063 1117 1151 1174 τοὺς
1183 1115 1363 1185 οὐρανοὺς
1399 1140 1467 1165 και
1502 1113 1557 1166 τὰ
1583 1119 1624 1164 ἐν

529 1200 663 1251 αὐτοῖς
701 1193 791 1244 τινα
829 1213 967 1259 τροπον
1013 1187 1299 1253 τεθεμελιωται
1344 1209 1444 1252 προς
1489 1183 1624 1238 οὖσιαν

529 1266 722 1317 ἐλθόντα·
754 1261 886 1329 λέγοις
918 1264 951 1310 δ’
981 1256 1028 1308 ἀν
1051 1284 1116 1309 και
1135 1256 1331 1341 οὐρανους
1358 1256 1443 1313 τοὺς
1470 1254 1521 1306 τᾶ
1543 1256 1626 1305 ἅνω

529 1341 786 1423 φρονοῦντας,
815 1356 885 1382 και
917 1333 959 1381 οὐ
990 1330 1043 1381 τὰ
1056 1348 1305 1396 προσκαιρα·
1344 1328 1446 1377 οὗτοι
1482 1347 1559 1394 γαρ
1590 1330 1624 1375 οἳ

529 1404 684 1492 οὐρανοι
716 1407 938 1470 διηγοῦνται
975 1399 1087 1458 δόξαν
1124 1404 1233 1449 θεου·
1273 1395 1435 1451 σεληνην
1473 1396 1515 1447 δε
1553 1419 1624 1450 την

529 1474 751 1528 ἐκκλησιαν·
783 1496 850 1523 και
880 1470 1053 1539 ἀστερας
1086 1493 1175 1526 τους
1209 1468 1478 1527 ἀκουσαντας,
1517 1467 1626 1533 ὖμεις

531 1570 576 1598 το
584 1569 688 1633 φως
720 1550 787 1596 τοῦ
817 1566 940 1607 κοσμο
924 1564 979 1592 υ·
1012 1546 1063 1619 ὦΝς
1101 1538 1201 1592 εἰναι
1238 1562 1382 1592 ταυτον
1419 1543 1533 1589 τοῦτο
1569 1541 1627 1602 τῷ

533 1614 621 1672 τοὺς
655 1615 872 1702 ἀνθρωπους
904 1614 1001 1681 ἔργα
1025 1608 1123 1662 εἰναι
1148 1633 1222 1662 των
1254 1615 1323 1662 τοῧ
1354 1614 1441 1659 θεοῦ
1471 1629 1623 1675 χειρων·

532 1687 630 1773 ἔργα
659 1708 756 1772 γαρῖ
782 1708 899 1754 φησι,
934 1705 1009 1735 των
1041 1705 1176 1750 χειρων
1210 1704 1280 1732 σου
1312 1678 1410 1732 εἰσιν
1443 1703 1475 1729 οι
1508 1702 1626 1747 ουρα-

530 1777 603 1806 νοι·
639 1779 670 1806 ει
703 1780 756 1819 μη
789 1780 851 1811 τις
883 1752 986 1821 λέγει
1012 1751 1064 1805 τὰ
1086 1748 1424 1838 μεγαλοφυέςερα
1438 1755 1514 1801 τῶν
1544 1773 1629 1802 κτι-

531 1825 694 1890 σμάτων
726 1831 813 1876 θεοῦ
842 1823 1026 1892 γενέσθαι
1058 1846 1217 1892 χερσιν,
1251 1846 1304 1875 τοι
1335 1826 1366 1872 δ’
1397 1820 1522 1870 ἄλλα
1533 1823 1646 1870 δακ-’

532 1896 624 1948 τύλο
610 1921 664 1952 ις
695 1899 831 1948 αυτου’
871 1894 1091 1964 σαφηνιζων
1127 1893 1167 1944 δὲ
1205 1918 1252 1950 ως
1286 1914 1402 1980 νζατοι
1430 1915 1473 1943 το
1513 1895 1628 1955 σῶμα

532 1991 600 2019 τον
637 1969 843 2035 ἄνθρωπον
882 1967 1026 2028 ’ἐλαβεν
1048 2004 1060 2026 ,
1099 1963 1236 2031 ἑπαγει
1267 1987 1311 2015 το
1332 2003 1362 2023 ,
1379 1986 1405 2015 η
1435 1960 1519 2017 υἶός
1552 1964 1627 2010 ἀν-

531 2037 662 2105 θρωπε
665 2055 704 2087 υ·
735 2037 841 2089 κατὰ
871 2042 982 2101 σῶμα
1012 2036 1112 2104 γᾶρς
1145 2038 1188 2084 οὐ
1220 2057 1324 2085 κατα
1353 2032 1508 2098 ψυχην,
1542 2030 1626 2088 υιός

534 2110 597 2165 τίς
627 2106 836 2195 ἀνθρωπου
868 2127 992 2159 εστιν·
1025 2110 1118 2171 μεθ’
1150 2129 1192 2155 ου
1224 2102 1368 2159 δεικνυς
1406 2125 1479 2157 την
1515 2108 1628 2169 λογι-

532 2202 600 2231 >mv
632 2202 769 2231 ουσιαν
791 2218 804 2237 .,
840 2201 989 2234 ταυτης
1024 2200 1067 2227 το
1105 2175 1271 2242 μεγεθος
1305 2171 1488 2243 ἐπιφέρει.

607 2253 692 2300 Οὐκ
724 2272 815 2300 eta-e
854 2247 896 2298 δὲ
934 2251 994 2297 ο’τι
1030 2248 1224 2302 ἔσλασας
1260 2245 1412 2304 αὐτον,
1451 2248 1518 2295 οὐκ
1552 2265 1629 2310 γαρ

533 2343 619 2388 περι
652 2317 902 2406 δημιουργίας
935 2317 1044 2367 ἀλλα
1073 2339 1253 2383 προνοιας
1286 2321 1352 2366 νῦν
1384 2314 1625 2380 διαλέγεται·

535 2394 771 2457 ἑκτραγῳδέῖ
802 2387 846 2439 δε
876 2388 1063 2443 πολλάκις
1093 2411 1119 2440 η
1149 2409 1279 2473 γραφη
1315 2409 1385 2438 την
1421 2384 1629 2472 ἀνθρωπὶ·

533 2484 600 2513 νην
633 2459 849 2510 εὐτέλειαν·
882 2460 1091 2527 ἄνθρωπος
1113 2481 1206 2525 γαρ,
1232 2479 1363 2525 φησιν,
1390 2477 1629 2521 ματαιοτητι

533 2529 731 2595 ὡμοιώθη·
766 2534 808 2580 αἱ
841 2551 984 2596 ημεραι
1017 2530 1140 2579 αυτοῦ
1167 2529 1219 2584 ὦς
1248 2551 1360 2578 σκιαι
1390 2524 1627 2594 παράγουσι·

533 2625 603 2650 και
639 2599 777 2652 παλιν·
787 2601 1051 2689 ἄνθρωπος
1047 2638 1059 2659 ,
1097 2601 1188 2650 ὤσει
1226 2597 1365 2664 χορτος
1402 2620 1446 2646 αι
1482 2595 1630 2663 ·ἦμεραι

537 2673 673 2722 αὐτοῦ·
709 2669 802 2720 ὡσει
830 2670 950 2726 ἀνθος
984 2674 1051 2721 τοῦ
1076 2672 1216 2735 ἀγροῖ),
1249 2671 1370 2724 οὕτως
1396 2666 1627 2741 ἐξανθησει·

537 2744 597 2791 ἔτι
629 2764 784 2805 πνευμα
816 2744 977 2793 διῆλθεν
1010 2744 1048 2789 ἐν
1081 2743 1205 2804 αὐτῷ,
1238 2762 1305 2788 και
1339 2741 1412 2804 οὐχ
1442 2735 1628 2805 υποῖρξει,

535 2834 603 2860 και
636 2835 699 2860 ουκ
728 2810 986 2877 ἐπιγνώσεται
1019 2811 1077 2860 ἐ’τι
1109 2831 1177 2860 τον
1211 2806 1328 2860 τόπον
1351 2811 1487 2859 αὐτοῦ

596 2884 706 2948 Ὅρα
743 2905 815 2935 την
858 2880 1114 2932 ἀκολουθιαν·
1153 2877 1431 2936 οὐκκαθάωαξ
1468 2876 1630 2928 ωοὲντων

537 2957 691 3005 θνητων
724 2951 828 3009 ζώων
859 2974 997 3020 αρχειν
1030 2951 1244 3011 τέθειται,
1277 2948 1385 2999 ἀλλα
1419 2952 1493 3001 τῶν
1528 2971 1631 3013 ημε-

535 3042 627 3088 ρων·
662 3026 704 3072 οὐ
734 3045 809 3090 γαρ
839 3027 976 3091 κρατεῖ
1003 3043 1258 3088 μονοκερωτος
1279 3060 1293 3078 .,
1328 3017 1413 3070 οὐδε
1445 3024 1518 3070 τῶν
1549 3020 1630 3069 αλ-

536 3096 654 3143 λων’
647 3098 813 3160 ισχυρῶν
846 3093 890 3144 τὲ
919 3115 987 3143 και
1020 3092 1167 3160 ἀγριων
1199 3089 1419 3178 παρίςαται
1449 3113 1500 3145 ως
1531 3089 1632 3153 ημέ-

536 3184 609 3228 ρων
641 3185 803 3231 αρχειν,
838 3166 879 3213 ἐκ
911 3168 979 3215 τοῦ
1010 3162 1200 3232 σροβατα
1229 3185 1297 3211 και
1327 3159 1429 3222 βόας
1462 3160 1597 3215 πάσας
1616 3198 1629 3221 ,

538 3233 598 3283 ἔτι
630 3233 671 3282 δὲ
703 3256 766 3282 και
802 3256 852 3284 τα
881 3233 1003 3287 κτήνη
1037 3238 1106 3284 τοῦ
1135 3230 1299 3290 πεδιου,
1336 3255 1405 3280 και
1438 3228 1490 3280 τοὶ
1523 3230 1629 3287 ἑξῆς

539 3300 682 3366 νομιζω
714 3308 827 3354 τοῦτο
850 3310 985 3360 ·κοιλως
1019 3301 1212 3370 εἷρησθαι·
1246 3326 1317 3371 προ
1343 3299 1417 3369 γὰρ
1450 3305 1520 3356 τῆς
1552 3324 1632 3351 πα·

541 3371 745 3438 ραβάσεως
775 3397 841 3423 και
870 3397 1018 3426 τουτων
1049 3395 1176 3462 ηρχεν
1203 3396 1219 3422 ο
1255 3374 1473 3439 ἄνθρωπος·
1506 3394 1539 3420 οι
1573 3370 1631 3420 δι-

540 3466 642 3492 καιοι
674 3441 715 3491 δὲ
741 3465 806 3492 και
833 3466 975 3495 τουτων
999 3468 1109 3509 μετα
1130 3463 1201 3497 την
1225 3442 1453 3510 παράβασιν
1478 3440 1632 3509 ἄρχου-

542 3534 623 3565 σιν·
656 3513 706 3568 ὦς
739 3510 888 3565 Δανιηλ
922 3518 961 3564 ἐν
993 3540 1047 3580 τω
1078 3513 1208 3577 λάκκῳ
1239 3537 1313 3564 των
1337 3511 1504 3563 λεόντων
1532 3515 1634 3572 βλη-

540 3582 631 3640 θεις
650 3621 664 3644 .‚
694 3606 759 3632 και
790 3584 986 3647 μηδεμιαν
1018 3589 1057 3643 ἐξ
1090 3589 1217 3636 αὐτων
1254 3581 1429 3639 ὖποστας
1456 3579 1630 3643 βλαβην·

541 3678 611 3703 και
646 3677 664 3703 ο
702 3656 871 3708 Πανλος
908 3677 977 3707 την
1012 3655 1175 3720 ἔχιδναν
1212 3678 1285 3712 της
1329 3655 1468 3704 ἑαυτοῦ
1503 3653 1633 3721 χειρὸς

536 3721 749 3780 ,ἐκτινάξας
782 3723 844 3775 ἐπὶ
878 3723 946 3777 τὴν
979 3724 1116 3791 πυράν·
1145 3731 1254 3795 θῆρες
1284 3724 1361 3793 γὰρ
1382 3725 1530 3792 ἄγριοι,
1562 3746 1633 3792 φη-

1582 262 1742 292 monn

1691 351 1755 390 est
1766 347 1845 390 nisi
1859 346 2336 402 magnificentissimum?
2349 348 2445 403 Ipsa
2455 348 2587 404 igitur
2604 350 2780 394 exaltata

1696 423 1781 473 est,
1811 418 1886 461 illo
1907 422 2006 473 post
2027 418 2311 473 expiationem
2330 425 2598 474 peccatorum
2616 421 2787 464 sedente

1695 489 1752 531 ad
1775 489 1989 532 dexteram
2010 490 2233 533 maiestatis
2248 490 2288 532 in
2302 490 2492 532 excelsis.
2509 492 2561 532 Et
2581 491 2640 533 sie
2661 492 2787 535 intel-

1680 559 1910 621 ligendum
1939 560 2069 614 illud,
2086 560 2206 615 quod
2223 572 2374 615 nempe
2397 565 2495 615 post
2518 563 2789 604 resurreetio-

1697 642 1792 672 nem
1824 631 1947 673 caelis
1975 631 2177 674 excelsior
2202 631 2338 674 factus
2369 631 2439 675 sit.
2473 632 2657 674 Infantes
2684 645 2786 675 vero

1697 705 1794 743 sunt
1811 713 1981 755 omnes,
2014 702 2087 757 qui
2103 701 2351 745 accedentes
2376 701 2431 745 ad
2453 701 2596 754 fidem,
2620 703 2788 758 parvuli

1697 775 1793 813 suut
1805 771 1979 813 malitia.
1989 772 2092 814 Illos
2103 778 2244 816 tamen
2255 773 2524 828 laotentes,hi
2538 774 2611 828 qui
2623 774 2789 828 parvuli

1697 845 1809 894 sunt,
1823 846 1957 884 aetate
1965 847 2333 898 superant‚estque
2346 843 2657 899 ipsis‚postlac,
2667 843 2788 886 cibus

1697 911 1860 955 dandus
1879 913 2076 956 idoneus.
2098 914 2340 958 Istiusmodi
2360 919 2504 958 autem
2523 919 2620 958 sunt
2639 926 2786 957 omnes

1697 985 1771 1038 qui
1788 984 1982 1026 conversi
1999 988 2117 1038 sunt,
2132 989 2176 1026 et
2197 984 2338 1028 effecti
2359 990 2576 1041 tamquam
2600 986 2782 1041 parvuli.

1755 1055 1919 1110 His-qui
1932 1055 2079 1098 sedulo
2097 1055 2383 1110 speculantur,
2398 1069 2493 1112 spes
2507 1056 2712 1112 quaedam
2724 1060 2789 1099 est

1696 1126 1980 1180 cognoscendi
1993 1126 2127 1169 caelos
2142 1129 2184 1168 et
2203 1126 2247 1168 in
2263 1126 2323 1169 eis
2339 1131 2538 1171 contenta
2551 1159 2563 1181 ‚
2581 1133 2623 1170 et
2639 1140 2786 1183 quem—

1695 1197 1924 1240 admodum
1945 1197 2121 1239 fundata
2145 1197 2231 1240 sint
2253 1209 2348 1239 cum
2373 1197 2513 1253 primo
2536 1203 2785 1253 coeperunt.

1696 1267 1886 1310 existere.
1920 1268 2047 1310 Potes
2083 1269 2210 1319 etiam
2245 1267 2386 1311 dicere
2423 1269 2561 1311 caelos
2594 1270 2788 1330 bomines

1697 1339 1772 1393 qui
1792 1351 1972 1393 superna
1994 1339 2161 1394 sapiunt
2180 1343 2223 1381 et
2242 1351 2330 1381 non
2359 1340 2624 1395 temporalia.
2657 1341 2788 1384 Nam-

1697 1422 1781 1464 que
1801 1410 1845 1452 hi
1866 1421 2012 1465 reapse
2035 1409 2140 1452 caeli
2162 1413 2359 1454 enarrant
2378 1410 2557 1464 gloriam
2578 1398 2670 1452 Dei.
2699 1410 2787 1453 Lu-

1697 1493 1796 1523 nam
1825 1484 1947 1536 potes
1980 1480 2215 1535 intelligere
2250 1480 2483 1534 ecclesiam.
2520 1480 2664 1523 Sidera
2692 1481 2791 1535 illos

1698 1553 1774 1607 qui
1795 1551 2042 1594 audierunt:
2068 1564 2146 1594 vos
2165 1551 2263 1594 estis
2277 1551 2348 1594 lux
2364 1552 2527 1594 mnndi.
2549 1551 2688 1604 Quare
2710 1564 2789 1607 pe-

1694 1622 1816 1665 rinde
1845 1627 1909 1665 est
1928 1635 1977 1665 ac
1995 1623 2031 1665 si
2053 1622 2165 1665 dicat
2193 1622 2388 1666 homines
2417 1635 2504 1665 esse
2531 1634 2662 1677 opera
2691 1635 2787 1666 ma-

1697 1706 1829 1736 nuum
1848 1694 1942 1736 Dei.
1972 1694 2114 1749 Opera
2134 1694 2245 1736 enim
2267 1705 2470 1736 manuum
2498 1697 2668 1736 tuarum
2689 1697 2789 1736 sunt
2820 1727 2822 1729 a

1698 1766 1819 1809 caeli.
1840 1766 1930 1808 Nisi
1949 1766 2061 1808 sorte
2082 1765 2185 1808 dicit
2203 1764 2432 1822 grandiora
2451 1777 2579 1820 opera
2591 1797 2603 1819 ,
2621 1769 2791 1807 creatu-

1696 1851 1765 1880 ras
1785 1850 1874 1880 esse
1894 1849 2095 1880 manuum
2113 1838 2206 1891 Dei3
2225 1837 2407 1892 reliqua,
2429 1836 2662 1891 digitorum
2678 1837 2792 1879 eius-

1686 1909 1810 1952 dem.
1828 1911 1883 1952 Ut
1899 1913 2041 1951 autem
2058 1908 2251 1951 ostendat
2265 1920 2310 1950 se
2330 1907 2383 1951 de
2401 1907 2589 1950 hominis
2605 1919 2789 1962 corpore
2845 1909 2847 1911 ’

1696 1981 1841 2036 loqui,
1863 1979 1981 2024 addit
1999 1994 2010 2022 ι
2034 1985 2109 2023 aut
2126 1979 2238 2023 filius
2258 1979 2457 2022 hominis.
2480 1980 2584 2022 Nam
2602 1990 2786 2034 corpore

1697 2065 1786 2094 non
1809 2052 1944 2095 anima
1975 2052 2155 2107 quisque
2178 2055 2243 2093 est
2263 2051 2448 2093 hominis
2476 2049 2602 2092 filius.
2638 2051 2790 2093 Postea

1695 2124 1945 2166 rationalem
1971 2122 2254 2165 substantiam
2282 2133 2371 2164 esse
2399 2120 2606 2165 denotans
2620 2150 2633 2174 ,
2666 2120 2793 2163 huius

1697 2193 2008 2250 praestantiam·
2028 2192 2262 2246 subiungit.

1756 2265 1852 2307 Non
1883 2264 1988 2307 dixit
2015 2263 2211 2306 ¹formasti
2249 2273 2376 2315 eum3
2416 2273 2556 2317 neque
2596 2262 2707 2303 enim
2738 2260 2792 2303 de

1699 2336 1911 2379 creatione
1939 2334 2013 2377 sed
2043 2333 2097 2376 de
2135 2332 2401 2388 providentia
2439 2345 2552 2375 nunc
2580 2331 2788 2386 loquitur.

1697 2407 1903 2462 Deplorat
1923 2409 2064 2447 autem
2082 2415 2388 2458 saepenumero
2411 2402 2619 2457 scriptura
2640 2400 2792 2444 huma-

1699 2490 1793 2521 nam
1814 2477 2043 2520 vilitatem:
2066 2476 2200 2518 *homo
2216 2505 2229 2529 ,
2256 2473 2393 2528 enim,
2422 2473 2584 2528 inquit,
2616 2472 2795 2515 vanitati

1696 2548 1842 2590 similis
1856 2548 1991 2590 factus
2009 2550 2096 2600 est;
2115 2545 2204 2588 dies
2224 2545 2314 2587 eius
2329 2543 2438 2587 sicut
2458 2542 2608 2585 umbra
2622 2546 2792 2597 praete-

1700 2623 1837 2662 reunt.
1871 2620 1924 2661 Et
1953 2629 2123 2660 rursus:
2158 2617 2289 2659 homo
2305 2647 2318 2670 ,
2351 2615 2458 2657 sicut
2495 2614 2670 2656 foenum
2701 2612 2794 2655 dies

1699 2691 1815 2744 eius3
1847 2690 1957 2732 sicut
1986 2688 2067 2731 flos
2098 2687 2217 2742 agri,
2237 2687 2297 2729 ita
2317 2684 2548 2738 efflorebit:
2573 2685 2673 2740 quia
2701 2685 2792 2740 spi-

1698 2762 1809 2804 ritus
1841 2760 2068 2816 pertransit
2095 2759 2141 2801 in
2172 2757 2278 2812 i110-,
2309 2760 2352 2799 et
2378 2768 2467 2799 non
2494 2754 2693 2797 subsistet
2710 2784 2723 2808 ,
2751 2757 2795 2796 et

1699 2845 1790 2875 non
1821 2835 2101 2886 cognoscetur
2131 2829 2308 2884 amplius
2336 2827 2457 2870 locus
2486 2826 2590 2869 eius.

1760 2903 1926 2946 videsis
1946 2901 2274 2957 quid-sequitur.
2292 2897 2418 2941 Haud
2440 2896 2601 2940 cunctis
2616 2907 2793 2951 prorsus

1701 2973 1955 3018 mortalibus
1984 2970 2264 3015 animantibus
2286 2970 2492 3024 imperare
2518 2967 2650 3009 homo
2684 2965 2795 3008 dici-
2848 2960 2850 2962 ’

1702 3050 1800 3099 tur,
1822 3044 1896 3087 sed
1916 3028 2151 3086 cicuribus.
2174 3053 2260 3084 non
2280 3040 2391 3083 enim
2407 3035 2704 3081 monoceronti
2719 3035 2797 3079 do—

1701 3118 1913 3169 minatur,
1944 3127 2084 3170 neque
2121 3113 2213 3155 aliis
2247 3110 2393 3154 validis
2426 3120 2476 3152 ac
2499 3102 2766 3150 silvestribus
2780 3135 2794 3158 ,

1702 3171 1920 3242 tamquam
1941 3185 2177 3238 cicuribus,
2203 3182 2412 3226 dominari
2428 3178 2702 3230 adfirmatur,
2717 3175 2796 3219 sed
2840 3239 2842 3241 ,
2898 3220 2902 3222 ,

1703 3258 1855 3300 ovibus
1886 3261 1929 3299 et
1952 3256 2067 3298 omni
2098 3254 2232 3297 boum
2266 3251 2434 3308 generi,
2457 3249 2548 3304 agri
2568 3245 2793 3299 iumentis,

1696 3332 1749 3370 -et
1766 3327 1955 3382 reliquis.
1981 3327 2123 3381 Atque
2145 3325 2248 3367 haec
2277 3322 2491 3379 praeclare
2522 3319 2793 3377 dicta-puto;

1698 3399 1862 3442 etenim
1880 3401 1976 3441 ante
1995 3395 2369 3450 transgressionem
2381 3423 2394 3446 ,
2411 3391 2511 3434 feris
2523 3398 2696 3446 quoque
2707 3387 2796 3429 im·-

1701 3468 1881 3524 perabat
1897 3467 2044 3510 homo.
2065 3466 2202 3508 Immo
2213 3464 2314 3507 iusti
2330 3463 2520 3506 homines
2538 3462 2638 3515 post
2655 3460 2794 3499 trans-

1703 3539 1961 3594 gressionem
1982 3547 2155 3592 quoque
2176 3535 2244 3578 his
2269 3533 2639 3590 imperitaverunt3
2663 3526 2795 3568 veluti

1703 3608 1885 3652 Danihel
1896 3608 1940 3651 in
1958 3607 2128 3650 leonum
2141 3606 2283 3649 lacum
2304 3605 2532 3654 coniectus,
2547 3597 2796 3651 nullumque

1704 3681 1758 3725 ab
1780 3681 1846 3723 his
1868 3679 2165 3722 detrimentum
2187 3688 2350 3732 passus.
2374 3675 2482 3717 Item
2500 3668 2655 3714 Paulus
2678 3666 2796 3710 colu-

1703 3752 1831 3796 brum
1853 3762 1980 3792 manu
2003 3762 2080 3793 sua
2099 3748 2280 3792 excussit
2294 3746 2339 3789 in
2359 3745 2516 3800 ignem.
2535 3741 2665 3785 Ferae
2684 3739 2797 3782 enim

619 3845 648 3883 1)
669 3842 787 3874 Confer
809 3851 929 3875 novum
953 3844 985 3875 S.
1009 3843 1178 3884 Augustini
1199 3852 1380 3876 sermonem
1405 3846 1454 3876 35.
1480 3842 1566 3883 apud
1582 3850 1647 3874 ‘nos
1668 3843 1694 3873 Τ
1728 3841 1755 3872 1.
1771 3847 1854 3871 cum
1874 3837 1951 3869 adn.
