2944 4426
411 243 439 287 6
1068 264 1070 267 >
1435 252 1635 286 omGEms

410 362 448 387 57
484 360 533 402 ἴῃ
564 358 810 399 peractae&
842 357 1008 407 πῦνΏρων
1039 340 1304 420 λα’ῆγθριῶν,
1336 359 1400 386 καί
1434 359 1510 388 των

411 413 448 457 ἐν
481 411 530 472 τῇ
563 428 685 472 κρισει
718 403 945 467 βλαπτικων
977 405 1172 457 κολάσεων
1196 411 1384 496 περιαιρεῖ
1416 429 1507 464 τους

269 844 298 863 v.
319 839 363 863 27.

140 872 206 901 cod.
227 872 248 902 f.
271 875 314 901 19.
334 871 365 899 b.

276 1198 304 1218 v.
325 1192 370 1218 30.

144 1223 211 1255 cod.
233 1225 253 1254 f.
277 1230 321 1255 20.
338 1232 368 1253 a.

286 1427 313 1448 v.
329 1423 374 1448 33.

407 482 510 529 ου’τω
541 482 793 544 φρονοῦντας·
829 476 871 527 τδ
904 499 1004 527 αυτο
1034 476 1077 527 δὲ
1106 500 1204 529 ποιει
1237 501 1303 527 και
1337 477 1510 544 πρᾳότης

406 573 473 598 και
506 545 699 632 ἀοργησια
735 571 799 597 και
837 546 1120 615 μακροθυμια,
1152 571 1219 597 και
1254 550 1334 598 οσα
1364 546 1505 616 πέφυκε

407 616 696 670 καταστέλλειν
730 616 796 667 τδν
828 618 961 682 ἓνμὲν
970 637 1296 706 m‘conpote-ovgstu7·
1325 640 1434 705 ειπερ
1467 620 1507 665 ἐν.

408 695 479 745 τῆς
517 711 704 755 ταραχης
751 692 819 739 τοῦ
860 693 993 754 ,θυμοῦ
1030 711 1082 740 τα
1123 687 1267 757 φοβεροὶ
1309 687 1507 757 φάσματα

410 762 531 808 ειωθε
565 756 775 824 γινεσὲαι.

480 832 541 879 Οὐ
573 852 687 893 μονον
715 852 788 880 των
824 828 1015 895 ἐδωδιμων
1040 853 1095 893 μη
1127 828 1288 895 ἀπόσχῃ
1320 824 1363 878 εὐ
1388 848 1509 880 ποιειν

411 903 520 952 ἐνδεῆ
542 939 554 960 ,
581 898 699 951 ἀλλα
733 924 798 950 και
837 901 1011 967 γνώσεως
1043 904 1140 948 θεοῦ
1170 923 1237 948 και
1270 921 1407 987 σοφιας
1443 896 1510 947 καὶι

411 975 590 1021 ἐντολων’
628 995 692 1020 και
738 995 821 1021 ωαν
865 994 943 1021 οτι
947 993 989 1020 77
1025 974 1113 1034 Sco>
1154 967 1264 1039 φιλον
1301 992 1364 1018 και
1409 990 1512 1035 (προς

412 1039 532 1090 αὐτον
565 1065 673 1091 οικειο
679 1047 722 1091 ῧν
742 1082 757 1101 .,
788 1066 841 1106 W
873 1040 1033 1107 απόσχῃ
1067 1037 1108 1090 εῧ
1140 1043 1260 1091 ποιεῖν
1293 1043 1347 1102 τῷ
1375 1040 1513 1089 ἐνδεο-

413 1134 513 1176 μενῳ
546 1136 631 1165 σου.

483 1184 567 1232 AD:
571 1207 595 1235 η
625 1188 650 1235 ἦ
687 1206 780 1250 προς
816 1181 883 1231 τον
917 1178 1081 1233 πλησιον
1115 1181 1250 1263 ἐχθρα
1284 1176 1516 1246 ἀωεργαζε-

408 1259 482 1302 ’ται
518 1275 604 1303 τινα
633 1251 777 1313 xcx-70⁸7,
812 1256 854 1301 οὐ
883 1250 973 1316 μένε
977 1274 996 1299 ν
1030 1269 1276 1315 σωματικον,
1311 1249 1420 1299 ἀλλα
1449 1273 1516 1298 και

416 1323 601 1387 ψυχικον.

477 1394 645 1459 ’Άγνοια
681 1393 782 1458 κυριο
769 1417 808 1442 .7
843 1395 879 1440 ἐν
913 1414 1028 1446 οικοις
1066 1394 1220 1452 ἀσεβῶν
1244 1427 1258 1449 ,
1294 1395 1436 1456 γνῶσις
1475 1387 1518 1438 δε

419 1470 488 1511 &aa
493 1468 514 1511 D
547 1469 583 1512 ἐν
617 1468 769 1528 ψυχαις
803 1461 977 1512 δικαιων·
1013 1459 1194 1517 ἑπαυλεις
1225 1458 1384 1511 δικαῖων
1409 1462 1520 1511 εὐλο-

418 1538 593 1598 γοῧνται,
627 1537 721 1584 ὅταν
753 1558 770 1582 ο
794 1530 985 1601 Χριστος
1019 1530 1194 1598 ἀπονέμῃ
1229 1554 1281 1582 τα
1301 1532 1397 1597 γέρα
1429 1528 1520 1580 ἑκα-

419 1627 499 1667 στῳ
530 1628 634 1654 κατα
659 1628 711 1654 τα
737 1606 833 1672 ἔργα
865 1623 1008 1655 αυτων·
1042 1607 1124 1666 τοῖς
1156 1601 1278 1665 ἀσεβέ
1283 1625 1321 1652 σι
1354 1599 1396 1651 δε
1420 1624 1521 1652 κατ·-

420 1672 517 1740 οἶραν
549 1699 617 1724 και
650 1678 714 1724 οὐκ
747 1679 829 1723 εὐλο
814 1698 943 1740 ογιαν.

490 1748 542 1795 Ἡ
576 1746 677 1813 ἂκρα
701 1743 820 1794 κακία
850 1769 916 1793 και
945 1747 1000 1799 εἷς
1027 1741 1138 1798 τέλος
1165 1741 1382 1811 ἐπῃρμενη,
1409 1743 1523 1811 ὑπερ-

419 1839 569 1883 ηφανια
611 1821 810 1866 ναλέῖται·
858 1813 1144 1866 ἀντιτάσσεται
1189 1813 1230 1862 δὲ
1277 1836 1401 1880 κυριος
1431 1836 1523 1872 τοις

352 1932 355 1934 ,
421 1909 469 1950 με
476 1908 495 1934 7
533 1882 642 1937 ἀδικο
627 1911 679 1942 οις
702 1927 715 1946 .,
754 1912 803 1943 ως
841 1883 1075 1936 δικαιοσυνη
1115 1887 1198 1940 τοῖς
1223 1884 1439 1953 ψευσταις,
1474 1885 1524 1940 ὦς

159 2277 226 2306 cod.
248 2278 267 2306 f.
287 2246 383 2308 διχῆ).

165 2792 234 2820 cod.
257 2793 278 2821 r.
300 2762 381 2822 231¹
362 2780 392 2822 1›'

180 3709 239 3739 coa
269 3709 290 3739 f.
310 3678 406 3738 2'129b

421 1961 474 2005 ἀλ
477 1956 604 2009 -ηθεια-
638 1982 720 2013 τοις
746 1956 834 2006 δε
813 1979 1092 2025 υπερηφανοις,
1113 1978 1164 2010 ως
1187 1976 1343 2007 ταπεινο
1327 1978 1411 2041 ,φρο
1395 1954 1522 2006 σ·ύνη

424 2026 481 2077 διδ
516 2052 579 2076 και
616 2052 697 2083 τοις
731 2048 895 2079 ταπεινοι
927 2031 1101 2117 φρονοῦσι
1133 2023 1243 2093 φιλος
1277 2024 1355 2083 ἑςῖ·
1391 2029 1526 2077 τοῦτον

425 2121 499 2165 γαρ
533 2101 621 2149 ἐστι
666 2122 731 2156 το,
771 2097 903 2148 ὃιδωσι
949 2119 1064 2165 χαριν
1103 2117 1324 2153 ταωεινοις·
1363 2101 1447 2152 τοῖς
1485 2093 1527 2145 δε

427 2168 680 2235 ὖωερηφανοις
701 2166 1002 2220 ἀντιτασσεται.

500 2238 629 2294 Δόξαν
660 2240 827 2306 ουράνιον
858 2245 971 2305 κληρο
974 2258 1208 2302 νομησουσιν
1240 2241 1273 2287 οἶ
1306 2258 1376 2290 την
1400 2237 1527 2286 ἐ’νθεον

428 2308 566 2377 σοφίαν
598 2310 801 2374 μαθόντες
835 2332 878 2359 τε
911 2333 976 2359 και
1010 2309 1253 2365 διδάξαντες·
1274 2310 1452 2374 ὕψωσαν
1486 2304 1528 2356 δε

430 2403 580 2435 εαυτοις
626 2379 788 2443 ατιμίαν
827 2381 859 2429 οἶ
898 2383 1093 2443 ἀσεβεῖς,
1142 2376 1301 2428 ἐνωσιον
1352 2375 1528 2444 ἀγγέλων

429 2475 492 2498 και
528 2449 756 2517 ἀνθρώπων
777 2473 882 2517 παρα
921 2474 961 2500 το
947 2456 988 2499 .D
1020 2453 1213 2517 Χριστοῦ

1411 2597 1590 2640 CAP.

439 2726 716 2846 Παιδειαν,
751 2782 820 2811 την
856 2756 992 2811 uenam
1025 2755 1167 2824 ἀρετ-ην
1174 2754 1319 2841 Νλεγει·
1354 2754 1536 2816 ἔννοιαν,

439 2853 509 2880 την
540 2826 659 2878 Ξειαν
691 2851 848 2897 γνωσιν
882 2828 967 2884 νιος
997 2825 1042 2878 δε
1074 2830 1219 2894 ἀρετῶν
1251 2827 1271 2876 ὅ
1303 2849 1378 2878 κατ
1410 2822 1538 2881 αὐτας

437 2896 699 2964 πεποιωμένος
723 2941 735 2962 ‚
775 2900 816 2956 ὃς
856 2922 919 2948 ουκ
956 2898 1080 2947 αλλου
1117 2895 1257 2965 χάριν,
1296 2898 1388 2946 οἷλλ
1422 2898 1539 2945 ενεκα

440 2975 508 3026 τῆς
540 2974 681 3038 ἀρετ-ης
720 2995 772 3023 τα
802 2995 875 3021 κατ
917 2968 1044 3022 αὐτην
1080 2972 1238 3035 ἐνεργεῖ.

510 3117 637 3180 Δῶρον
673 3116 781 3177 o’cya..
756 3110 831 3160 &cv
870 3115 1057 3177 δωροῦμαι
1093 3110 1214 3173 ὗμιν,
1253 3132 1325 3162 την
1370 3107 1540 3176 ἐπουρά-

441 3206 493 3231 νιο
498 3206 517 3230 ν
544 3182 704 3244 βασιλεΙ
696 3205 755 3230 ιαν
778 3222 790 3240 .,
829 3204 894 3229 εαν
930 3204 996 3231 τον
1029 3179 1145 3242 νέμον
1178 3203 1253 3243 μου
1284 3204 1339 3243 μη
1369 3183 1571 3247 ἐγκατα-Κ

444 3251 602 3305 λιπητε·
636 3250 843 3315 σηυειωτὲο
848 3274 867 3298 ν
894 3251 934 3299 δε
967 3254 1167 3309 ἐνταῦθα,
1201 3252 1261 3300 ’ὄτι
1293 3253 1407 3316 δωρον
1440 3251 1541 3315 ἀγα-

443 3322 508 3371 θον
541 3321 718 3386 ἕνομάζει
744 3321 809 3370 τον
835 3325 942 3378 νοῧν,
971 3319 1037 3369 διὰ
1061 3318 1127 3370 τδν
1160 3317 1414 3383 λαμβάνοντα
1446 3322 1544 3386 δῶρα

444 3396 482 3441 ἐν
514 3391 645 3455 κὸλπῳ
677 3389 815 3447 ἀδίκως
834 3433 846 3450 ,
871 3390 937 3440 καὶ
971 3389 1028 3454 μὴ
1050 3387 1385 3453 κατευοδούμενον·
1413 3393 1540 3439 ἐκεῖνα

443 3461 519 3529 γάρ
551 3466 655 3529 δῶρα
688 3462 828 3522 ἄδικα,
865 3459 917 3512 τα
947 3458 1167 3528 πράγματα
1199 3459 1304 3526 λέγει
1336 3465 1405 3512 τοῦ
1429 3479 1543 3513 πονηῖ-

446 3537 544 3600 ροῧ,
582 3535 683 3598 ἅπερ
720 3533 737 3580 o‘
773 3538 859 3588 75D3
907 3531 1148 3597 δεχὸμενος,
1191 3535 1234 3580 οὐ
1270 3534 1544 3582 κατευοδοῧται

451 3607 490 3652 ἒν
526 3625 615 3658 ταις
648 3602 729 3651 οδο
698 3626 751 3657 οις
775 3606 846 3651 αι’)-
852 3607 907 3651 cD.

520 3671 690 3741 Στεφανο
698 3697 713 3728 ς
753 3695 870 3740 χαριτ
859 3695 924 3721 ,ων
956 3675 996 3721 αἶ
1024 3676 1105 3724 ἐντο
1091 3672 1178 3723 ολαι
1205 3676 1271 3722 τοῧ
1295 3675 1393 3720 θεοῦ
1422 3671 1546 3731 εἶσιν,

451 3748 599 3799 αιτινες
632 3766 699 3795 τον
733 3743 876 3809 ςὲφανο
862 3765 899 3791 .7
933 3747 1004 3798 τῆς
1034 3740 1246 3803 βασιλειας
1270 3738 1552 3807 ἀντιπαρέχειν-

453 3839 491 3865 σι
530 3819 609 3869 τοῖς
656 3818 823 3865 ποιοῦσιν
867 3812 1006 3868 αυτάς·
1059 3835 1225 3881 ςεφανος
1265 3811 1306 3862 δὲ
1353 3815 1493 3879 τρυφῆς
1528 3816 1553 3862 ἦ

1580 340 1626 384 id
1647 339 1974 395 tantummod03
2001 339 2077 383 sed
2097 352 2122 382 a
2141 339 2262 383 malis
2290 340 2334 382 in
2361 335 2474 384 vitae
2495 344 2675 387 transitu

1580 411 1919 454 accusationibus
1934 442 1946 465 ,
1969 415 2012 453 et
2033 424 2058 454 a
2076 411 2266 454 molestis
2286 410 2433 456 iudicii
2453 414 2599 467 poenis
2625 414 2676 465 li-

1580 481 1703 526 berat
1723 494 1796 525 eos
1819 482 1895 539 qui
1915 482 1995 525 hac
2015 486 2155 524 mente
2178 474 2290 524 sunt.
2317 481 2436 524 Idem
2463 467 2678 537 praestant

1576 553 1853 597 mansuetudo
1870 576 1890 607 ,—
1904 554 2081 607 lenstas,
2114 553 2315 608 patientia
2333 584 2344 605 ‚
2380 557 2423 595 et
2442 566 2673 608 quaecum-

1579 637 1663 680 que
1679 625 1734 667 ad
1752 624 2011 668 cohibendas
2030 625 2118 667 irae
2138 625 2448 667 commotiones
2467 629 2672 680 spectant:

1577 694 1787 750 siquidem
1807 707 1858 736 ex
1872 696 1958 736 irae
1973 694 2297 749 perturbatione
2315 694 2525 756 terribiles
2542 695 2678 751 phan-

1577 767 1706 808 tasiae
1736 765 1827 807 fieri
1856 765 2008 807 solent.
2620 818 2622 820 ι

1638 837 1734 878 Non
1765 836 1992 880 alimoniae
2016 836 2316 879 tantummodo
2338 838 2482 892 largus
2499 842 2590 880 esto
2608 839 2678 881 in-

1582 907 1743 962 digenti
1762 937 1774 959 ‚
1805 914 1955 948 verum
1986 907 2110 949 etiam
2142 907 2314 949 notitiae
2332 908 2410 949 Dei
2425 910 2680 963 sapientiae-

1583 991 1666 1034 que
1695 979 1784 1020 eius
1815 981 1857 1020 et
1886 982 2229 1033 praeceptorum.
2263 979 2316 1019 Et
2352 977 2559 1032 quicquid
2587 981 2680 1024 Deo

1583 1053 1749 1104 gratum
1770 1052 1860 1101 est,
1882 1049 2004 1103 eique
2027 1061 2106 1090 nos
2128 1048 2479 1103 adpropinquans
2496 1079 2508 1102 ‚
2531 1061 2585 1091 ne
2603 1051 2683 1092 tri-

1585 1120 1717 1163 buere
1747 1119 1908 1161 abnuas
1937 1119 1973 1160 ei
2005 1119 2080 1174 qui
2110 1131 2193 1174 ope
2222 1123 2296 1163 tua
2326 1119 2501 1173 indiget.

1646 1192 1760 1233 Haec
1790 1189 1991 1232 adversus
2021 1189 2264 1243 proximum
2293 1190 2516 1232 inimicitia
2533 1220 2544 1242 ‚
2576 1190 2684 1232 male

1587 1262 1689 1304 facit
1718 1261 1902 1303 hominis
1931 1272 2020 1302 non
2051 1260 2227 1315 corpori
2255 1264 2423 1304 tantum
2451 1260 2527 1303 Sed
2557 1246 2685 1303 etiam

1589 1333 1766 1376 animae.

1649 1403 1896 1461 Ignorantia
1925 1403 2004 1444 Dei
2034 1402 2079 1444 in
2111 1401 2309 1444 domibus
2331 1402 2584 1456 impiorum3
2605 1403 2684 1444 Dei

1592 1480 1741 1518 contra
1756 1475 1909 1517 notitia
1925 1475 1970 1516 in
1987 1473 2207 1516 animabus
2222 1474 2447 1522 iustorum.
2463 1473 2687 1517 Domicilia

1590 1548 1800 1590 iustorum
1823 1545 2162 1590 benedicuntur:
2192 1556 2289 1586 cum
2313 1543 2474 1586 scilicet
2499 1544 2689 1587 Christus

1592 1618 1784 1674 ipsorum
1801 1617 2004 1673 operibus
2021 1615 2210 1671 praemia
2223 1614 2455 1668 retribuet3
2478 1617 2688 1656 verumta-
2709 1639 2711 1641 v

1592 1702 1690 1731 men
1709 1688 1850 1743 impiis
1867 1686 2209 1729 maledictionem
2228 1698 2316 1728 non
2330 1684 2686 1727 benedictionem.

1653 1762 1822 1802 Summa
1853 1762 1896 1800 et
1926 1752 2460 1811 consummatanequitia,
2495 1755 2691 1810 superbia
2758 1797 2761 1799 .

1596 1831 1848 1888 appellatur.
1889 1829 2147 1872 Adversatur
2184 1831 2323 1869 autem
2354 1827 2469 1868 Deus
2498 1826 2689 1879 iniustis,

1597 1907 1804 1959 quatenus
1825 1901 1983 1943 iustitia
2002 1904 2064 1942 est
2081 1931 2092 1953 ,
2113 1898 2385 1941 mendacibus
2401 1901 2609 1952 quatenus
2621 1910 2693 1938 ve-

1596 1975 1726 2027 ritas,
1760 1972 1954 2028 superbis
1986 1975 2195 2026 quatenus
2233 1969 2438 2012 modestia
2469 1972 2546 2010 est.
2581 1969 2691 2010 Pro-

1596 2049 1741 2101 pterea
1771 2048 1814 2086 et
1837 2042 2060 2086 humilium
2092 2042 2251 2084 amicus
2272 2045 2365 2096 ests
2381 2041 2447 2091 Ita
2478 2040 2590 2081 enim
2611 2032 2695 2093 sigss

1597 2116 1772 2160 nificant
1794 2113 1946 2169 verba:
1973 2112 2204 2155 humilibus
2229 2111 2302 2154 dat
2324 2111 2529 2166 gratiam3
2554 2114 2596 2152 at
2625 2122 2693 2151 su-

1598 2187 1742 2242 perbis
1772 2185 2036 2229 adversatur.

1658 2257 1889 2300 Caelestem
1919 2255 2100 2310 gloriam
2128 2253 2431 2304 hereditabunt
2449 2284 2461 2306 ‚
2496 2252 2570 2308 qui
2591 2250 2698 2294 divi-

1599 2342 1698 2372 nam
1735 2327 1981 2383 sapientiam
2018 2325 2242 2368 didicerint
2272 2328 2313 2366 et
2344 2323 2582 2365 docuerint.
2618 2322 2698 2363 Cu-

1598 2399 1763 2442 mulant
1778 2410 1879 2440 vero
1903 2397 1984 2439 sibi
2003 2395 2276 2449 ignominiam
2301 2393 2435 2448 impii,
2458 2403 2602 2434 coram
2624 2402 2698 2432 an·

1602 2470 1708 2526 gelis
1734 2460 1779 2512 vet
1808 2467 2080 2521 hominibus,
2113 2478 2138 2507 a
2168 2465 2350 2508 Christo.

1654 2596 1736 2639 IV..

1610 2714 1918 2811 Disciplinam
1949 2753 2052 2797 dicit
2085 2751 2289 2794 moralem
2316 2749 2544 2799 virtutem3
2577 2744 2703 2788 intel·
2770 2791 2775 2797 ,

1607 2830 1792 2880 lectum,
1824 2826 2012 2869 divinam
2039 2824 2272 2867 scientiam.
2304 2820 2434 2863 Filius
2454 2821 2596 2861 autem
2615 2816 2703 2858 vir·
2756 2834 2757 2837 ¹
2799 2821 2803 2825 ’

1607 2904 1748 2942 tutum
1767 2902 1854 2950 est,
1874 2897 1949 2952 qui
1962 2895 2041 2937 illis
2056 2898 2117 2936 est
2131 2892 2399 2943 informatus3
2413 2889 2571 2947 quique
2590 2885 2702 2929 haud

1610 2971 1781 3014 alterius
1809 2968 1871 3011 rei
1902 2966 2039 3022 gratia
2056 2996 2068 3018 ‚
2102 2964 2175 3018 sed
2203 2967 2381 3019 propter
2410 2961 2544 3015 ipsam
2568 2958 2706 3000 virtu-

1610 3047 1696 3084 tem
1714 3072 1725 3093 ‚
1757 3041 1802 3082 in
1831 3051 1878 3081 ea
1907 3051 1952 3080 se
1982 3040 2162 3079 exercet.

1668 3113 1839 3155 Donum
1868 3109 2031 3152 bonum
2061 3107 2117 3150 do
2147 3106 2271 3148 vobis
2301 3103 2475 3146 caeleste
2505 3112 2714 3156 regnum„

1611 3183 1646 3225 si
1673 3182 1808 3236 legem
1836 3191 1973 3222 meam
2003 3190 2091 3220 non
2122 3164 2402 3219 deserueritis.
2437 3170 2542 3215 Heic
2574 3182 2707 3226 porro

1613 3250 2031 3297 animadvertendum
2062 3253 2152 3301 est,
2178 3247 2336 3295 donum
2360 3245 2524 3300 bonum
2547 3242 2630 3285 dici
2652 3239 2705 3305 ab

1614 3338 1665 3368 eo
1696 3328 1908 3376 mentem,
1947 3325 2125 3377 propter
2162 3320 2283 3362 illum
2323 3318 2399 3372 qui
2430 3315 2542 3358 dona
2575 3314 2618 3354 in
2647 3311 2704 3352 si-

1612 3408 1715 3439 num
1735 3395 1890 3450 accipit
1910 3394 2066 3436 iniuste
2080 3423 2092 3445 ,
2117 3395 2160 3433 et
2182 3402 2261 3432 nec
2281 3398 2488 3445 prospero
2511 3393 2707 3426 successu

1612 3467 1763 3509 utitur.
1795 3466 1903 3516 Nam
1931 3463 2078 3518 iniqua
2116 3461 2189 3503 illa
2228 3459 2342 3515 dona
2381 3456 2484 3499 dicit
2519 3465 2599 3508 pro
2637 3452 2705 3493 in-

1614 3537 1743 3593 probi
1772 3535 1955 3579 hominis
1993 3533 2206 3588 negotiis,
2243 3542 2353 3586 quae
2383 3528 2419 3570 si
2446 3528 2571 3568 mens
2593 3524 2707 3566 exci-

1616 3608 1733 3664 piat,
1765 3608 1809 3649 in
1837 3606 1917 3648 viis
1946 3605 2031 3647 suis
2060 3616 2148 3646 non
2176 3602 2431 3644 fortunatur.

1677 3678 1846 3721 Corona
1876 3676 2130 3731 gratiarum,
2161 3670 2354 3718 mandata
2384 3666 2553 3709 Domini
2583 3669 2707 3719 sunt,

1622 3761 1731 3805 quac
1760 3747 1881 3802 regni
1911 3757 2114 3789 coronam
2144 3741 2322 3785 vicissim
2360 3736 2602 3779 retribuunt
2632 3735 2712 3778 ob-

1622 3818 1883 3863 servantibus
1905 3819 2010 3872 ipsa.
2036 3816 2202 3858 Corona
2224 3822 2322 3853 vero
2345 3808 2590 3852 deliciarum
2613 3818 2717 3861 cog-
