2996 4432
1267 196 1522 268 Bormonis..
2460 219 2523 266 55
2594 206 2598 212 ⁸

251 330 319 381 rii
349 346 529 381 eorum
567 323 837 396 exempla,
866 331 1003 375 caste
1028 320 1233 383 vivant,
1265 331 1328 373 ut
1351 319 1559 390 possint
1591 316 1764 370 dicere
1796 316 1864 370 ad
1897 318 2207 370 Dominum:
2245 336 2367 389 pars
2401 337 2516 371 mea

254 414 398 463 Deus
420 420 442 473 ,’
471 421 524 462 et
559 427 656 477 ego
682 414 795 459 sors
824 405 953 469 Dei;
994 414 1045 455 et
1075 402 1294 469 audiant
1322 420 1444 454 cum
1469 400 1594 452 Levi
1621 401 1773 452 cuius
1805 400 2193 471 participantur
2223 401 2511 453 vocabulo:

253 495 379 545 «late
412 493 533 546 Levi
560 492 722 543 cleros
756 489 897 550 eius,
943 487 1066 539 date
1100 486 1222 540 Levi
1258 483 1600 536 hereditatem
1625 483 1759 534 eius.
1800 482 2048 535 Similiter
2087 495 2139 536 et
2168 483 2512 548 subdiaconi,

258 578 354 646 qui
389 574 609 627 ministri
645 590 890 624 vasorum
924 581 1073 634 sunt,
1114 571 1187 621 ita
1223 586 1275 620 se
1300 570 1358 620 in
1386 567 1585 618 timore
1611 566 1709 618 Dei
1746 578 2054 631 exerceant,
2085 578 2143 618 ut
2172 567 2241 619 ad
2271 566 2517 620 diacona-

261 670 347 710 tus
381 658 588 709 valeant
611 655 812 726 apicem
846 653 1141 723 pervenire.
1177 650 1422 704 Similiter
1445 648 1514 702 de
1547 649 1736 700 ceteris
1760 647 2038 700 ordinibus
2061 650 2392 702 sentiendum
2419 661 2512 703 est.

259 741 487 794 Stultum
509 750 594 792 ‘est
625 739 765 791 enim
789 736 1020 808 aliquem
1048 735 1301 803 clericum
1328 733 1462 786 velle
1497 731 1642 794 fieri,
1676 730 1719 783 si
1750 728 1818 782 ad
1851 730 2074 783 maiores
2099 730 2314 784 ordines
2337 731 2518 785 arden-

264 836 346 876 ter
387 843 498 876 non
519 821 785 876 'desiderat
819 816 1116 893 pervenire.

824 988 905 1034 Ex
935 985 1109 1033 LIBRO
1143 985 1220 1041 VI,
1256 985 1357 1040 QUI
1388 984 1490 1030 EST
1521 984 1599 1029 DE
1629 982 1951 1031 MONACHIS.

278 1102 863 1218 121.Monachorum
897 1160 1152 1221 quattuor
1186 1139 1403 1220 genera,
1443 1147 1602 1199 beato
1633 1145 1917 1199 Benedicto
1942 1146 2207 1200 referente
2239 1148 2286 1216 1)
2322 1167 2517 1219 cogno-
2564 1168 2635 1198 eod.
2654 1169 2736 1199 ιω.
2757 1175 2786 1199 a.

266 1236 465 1287 vimus:
507 1236 738 1306 primum
774 1233 1197 1286 anachoritarum
1219 1271 1234 1295 ,
1275 1231 1370 1302 qui
1405 1249 1470 1283 ex
1503 1229 1796 1282 coenobitis
1818 1229 2060 1301 probati,
2089 1230 2231 1282 velut
2254 1231 2358 1284 iam
2383 1250 2520 1284 eme-

270 1321 388 1385 riti,
427 1319 571 1371 visus
605 1318 884 1371 hominum
921 1316 1208 1387 fugienteS,
1237 1314 1543 1384 angelorum
1578 1312 1840 1364 vallantur
1874 1312 2136 1384 praesidio
2158 1355 2172 1380 ,
2201 1325 2254 1366 et
2288 1315 2521 1367 revelan-

270 1415 358 1455 tur
393 1402 628 1473 eloquio.
669 1399 968 1452 Secundum
1003 1410 1081 1451 est
1116 1398 1549 1459 coenobitarum,
1588 1397 1686 1449 sub
1723 1397 1900 1467 regula
1937 1397 2143 1450 abbatis
2185 1397 2517 1468 degentium,

269 1487 366 1557 qui
391 1485 655 1537 imitantes
679 1483 954 1535 dominum
980 1493 1224 1534 nostrum
1247 1482 1419 1534 Iesum
1444 1481 1711 1533 Christum
1727 1522 1743 1546 ,
1770 1499 1883 1532 non
1908 1499 2055 1532 suam
2078 1481 2403 1536 voluntatem
2427 1482 2520 1535 sed

268 1569 488 1620 alterius
524 1567 743 1619 faciunt.
787 1566 1023 1617 Tertium
1062 1576 1142 1617 est
1176 1565 1502 1618 teterrimum
1538 1582 1704 1634 genus
1739 1563 2176 1632 sarrabaitarum,
2216 1566 2311 1636 qui
2343 1583 2523 1620 secun·

269 1651 398 1703 dum
434 1651 711 1722 proprium
746 1649 955 1701 libitum
990 1648 1222 1700 viventes
1241 1688 1255 1712 ‚
1284 1638 1613 1699 sine'abbate
1630 1647 1810 1711 ,terni
1833 1647 1916 1698 vel
1941 1647 2055 1699 bini
2079 1648 2137 1699 in
2161 1647 2362 1700 cellulis
2386 1667 2521 1701 com·
2588 1640 2593 1645 ¹

269 1745 570 1796 morantur,
609 1731 830 1784 artificio
866 1750 1055 1783 manus
1078 1732 1274 1782 victum
1309 1740 1641 1801 quaerentes.
1682 1730 1944 1795 Quartum
1983 1749 2373 1801 gyrovagorum
2394 1772 2408 1795 ,
2455 1749 2519 1784 eo

268 1815 419 1888 quod
457 1813 831 1886 gyrovagando
867 1825 1034 1866 certas
1059 1832 1171 1865 non
1194 1813 1426 1865 habeant
1448 1813 1746 1864 mansiones
1761 1852 1775 1875 ,
1803 1831 2034 1883 quorum
2058 1813 2343 1865 claustrum
2366 1832 2521 1866 mun·

203 1926 212 1935 =
268 1900 371 1952 dus
407 1911 502 1951 est.
543 1899 781 1950 Fuerunt
816 1908 990 1950 autem
1025 1898 1083 1949 in
1117 1897 1282 1949 veteri
1317 1908 1628 1950 testamento
1664 1897 1764 1948 viri
1799 1896 2054 1967 religiosi,
2094 1898 2278 1949 vinum
2307 1909 2359 1950 et
2391 1898 2519 1952 sice-
2564 1912 2739 1943 codd-4⁹-
2760 1912 2790 1941 b·

269 2003 382 2036 ram
418 2002 532 2035 non
566 1982 835 2047 bibenteS,
875 2000 974 2034 nec
1009 1982 1066 2032 in
1102 1980 1401 2033 civitatibus
1435 1992 1847 2043 commoranteS,
1886 1981 1945 2032 in
1980 1982 2221 2034 tentoriis
2257 1994 2310 2036 et
2345 1983 2402 2034 in
2435 2001 2520 2035 ca-

189 2080 198 2087 ·
269 2066 397 2119 sulis
433 2065 727 2118 habitantes
762 2065 913 2116 iuxta
951 2063 1147 2116 fluenta
1182 2062 1450 2129 Iordanis3
1492 2083 1723 2134 quorum
1756 2065 2022 2135 principes
2058 2065 2281 2117 extitere
2305 2066 2442 2118 Elias
2470 2078 2522 2118 et

272 2150 535 2214 Elisaeus3
578 2168 645 2201 ex
681 2167 913 2219 quorum
949 2165 1170 2200 numero
1208 2148 1426 2199 extitere
1461 2147 1556 2198 filii
1591 2148 1804 2199 Rechab
1825 2189 1838 2212 ,
1879 2149 1973 2218 qui
1997 2148 2214 2200 siceram
2237 2167 2350 2200 non
2373 2149 2522 2201 bibe·

271 2233 419 2284 bant.
459 2230 560 2284 Sed
586 2250 697 2282 non
721 2230 881 2301 longo
904 2241 1027 2301 post
1051 2241 1290 2300 tempore
1306 2270 1321 2293 ,
1349 2230 1614 2282 Iohannes
1637 2230 1869 2301 Baptista
1893 2231 2172 2283 Zachariae
2195 2231 2332 2283 filius
2363 2234 2523 2285 eremi

270 2315 478 2367 deserta
518 2314 838 2385 penetravit,
890 2324 943 2365 et
978 2313 1108 2386 licet⁴
1149 2332 1346 2383 agnum
1392 2313 1663 2365 tollentem
1710 2325 1926 2384 peccata
1970 2314 2186 2378 mundi,
2241 2314 2523 2369 iordanicis

278 2398 548 2459 meruisset
582 2397 783 2467 tingere
818 2388 1079 2466 lymphis,
1119 2414 1230 2448 non
1266 2407 1443 2449 tamen
1478 2397 1648 2448 factus
1685 2407 1763 2448 est
1798 2395 2193 2449 succedentium
2217 2399 2316 2450 sibi
2341 2399 2397 2452 in
2422 2399 2524 2452 hec

276 2481 549 2552 proposito
586 2480 846 2550 magister.
2095 2539 2108 2556 ⁸

389 2581 503 2616 122.
531 2563 594 2613 ln
612 2581 751 2613 novo
776 2573 951 2613 autem
975 2572 1286 2614 testamento
1311 2562 1579 2614 Antonius
1607 2563 2001 2634 persecutiones
2034 2563 2267 2634 fugienS,
2293 2565 2523 2636 Aegypti

272 2646 481 2698 deserta
498 2646 699 2716 primus
717 2644 1038 2715 penetravit3
1061 2645 1117 2696 in
1135 2645 1239 2697 hoc
1256 2645 1459 2716 primus
1476 2687 1489 2709 ,
1512 2646 1640 2716 quia
1665 2646 1766 2697 sibi
1795 2646 2228 2717 subsequentium
2256 2647 2424 2700 iactus
2448 2659 2526 2699 est

279 2729 523 2797 magister
541 2747 558 2792 3·
583 2728 638 2778 in
664 2728 767 2778 hoc
785 2725 1051 2778 secundus
1066 2727 1192 2797 quia
1219 2727 1508 2778 multorum
1533 2729 1636 2779 iam
1660 2747 1922 2780 annorum
1948 2730 2521 2797 transactocurriculo‚

275 2830 398 2863 cum
415 2810 640 2880 Aegypti
665 2809 907 2861 circuiret
925 2808 1212 2874 anfractuS,
1241 2809 1446 2861 invenit
1464 2810 1539 2861 ibi
1564 2811 1782 2862 Paulum
1811 2812 2039 2881 primum
2057 2813 2321 2864 eremitam
2339 2813 2394 2865 in
2418 2831 2528 2883 spe-

275 2914 345 2946 cu
376 2894 693 2954 latitantem,
721 2911 751 2944 a
777 2911 888 2962 quo
918 2892 1074 2944 etiam
1093 2903 1287 2944 vestem
1311 2893 1539 2963 suscepit
1562 2893 1855 2964 palmarum
1872 2894 2009 2947 foliis
2027 2907 2345 2959 contextam,
2369 2914 2528 2966 quem

277 2989 331 3030 et
345 2988 614 3028 mortuum
645 2977 757 3046 ipse
783 2975 1044 3046 sepelivit.
1075 2974 1180 3027 Sed
1204 2994 1317 3027 non
1347 2976 1508 3046 longo
1533 2987 1658 3047 post
1682 2976 1961 3030 intervallo
1991 2979 2243 3049 temporis
2265 2979 2528 3049 Ephraem

278 3060 471 3125 abbaS,
512 3071 564 3111 et
597 3059 817 3111 Basilius
850 3057 1158 3130 cappadOX,
1191 3058 1358 3129 legem
1394 3057 1586 3111 dedere
1622 3060 1893 3112 monachis
1917 3072 1978 3112 ut
2012 3062 2196 3112 vinum
2221 3072 2275 3114 et
2311 3062 2527 3114 siceram

282 3163 395 3195 non
430 3143 693 3195 biberent.
729 3141 814 3194 Ad
844 3140 1122 3194 sacerdotii
1148 3160 1275 3194 vero
1302 3140 1521 3211 gradum
1548 3139 1723 3194 adhuc
1750 3141 1994 3194 monachi
2024 3162 2136 3195 non
2159 3144 2531 3214 proveheban-

282 3239 398 3288 tur,
427 3226 598 3278 donec
623 3244 689 3276 ex
714 3236 999 3296 praecepto
1023 3224 1191 3276 Siricii
1221 3243 1391 3296 papae
1421 3225 1523 3276 hoc
1547 3223 1816 3286 decretum
1843 3237 1920 3277 est
1939 3267 1952 3291 ,
1986 3238 2046 3278 ut
2070 3227 2390 3279 necessitatis
2414 3247 2530 3280 cau·

281 3327 337 3359 sa
367 3309 447 3359 vel
476 3307 712 3363 utilitatis
737 3325 799 3359 ex
831 3306 1103 3358 monachis
1134 3320 1576 3378 promoverentur
1606 3307 1673 3360 ad
1705 3309 1922 3361 clei-um.
1951 3310 2013 3361 In
2042 3309 2376 3363 occidentalis
2403 3312 2529 3362 vero

281 3390 427 3442 orbis
464 3390 665 3442 climate
696 3389 951 3441 Martinus
986 3407 1187 3459 gemma
1222 3390 1577 3455 sacerdotum,
1627 3403 1908 3462 postquam
1949 3394 2198 3445 turonius
2249 3394 2529 3464 episcopus

283 3483 487 3523 creatus
506 3483 600 3535 est,
624 3472 858 3541 regulam
874 3469 1087 3523 vivendi
1104 3473 1376 3524 monachis
1399 3473 1648 3539 instituit,
1670 3494 1734 3527 ex
1753 3476 1902 3528 cuius
1923 3475 2240 3548 discipulatu
2258 3478 2410 3529 multi
2430 3477 2532 3547 epi-

283 3574 432 3625 scopi
452 3566 504 3607 et
518 3554 736 3607 abbates
758 3573 856 3626 per
883 3573 1063 3607 omnes
1081 3554 1279 3607 Gallias
1309 3567 1363 3607 et
1381 3555 1660 3627 Hispanias
1681 3559 1930 3611 claruere.
1954 3559 2059 3613 Sed
2082 3579 2195 3612 non
2218 3560 2378 3629 longo
2411 3571 2532 3630 pos-t

286 3653 525 3711 tempore
549 3639 863 3693 Benedictus
886 3641 1269 3694 monachorum
1296 3641 1566 3712 apostolus
1588 3641 1733 3694 velut
1761 3642 1947 3694 lucifer
1974 3644 2262 3696 matutinus
2292 3643 2528 3707 emicuit,

375 3774 409 3815 1)
434 3772 535 3809 Haec
559 3771 709 3810 nonnisi
736 3771 869 3820 partim
884 3798 894 3818 ,
912 3781 981 3810 nec
1006 3771 1087 3811 sine
1113 3771 1306 3818 varietate,
1328 3771 1481 3810 suntin
1501 3771 1629 3821 regula
1654 3772 1693 3810 S.
1719 3771 1910 3812 Benedicti
1932 3773 2029 3822 apud
2045 3772 2279 3812 Holstenium
2292 3771 2384 3811 Cod.
2409 3771 2532 3820 regul.

284 3830 330 3865 Τ.
355 3830 385 3865 Ι.
412 3839 448 3876 p.
477 3834 560 3867 115.
1753 3831 1776 3850 -Ι
