2944 4426
1231 249 1279 282 m
1310 249 1586 285 novatam..
2476 238 2537 284 65

335 343 418 397 Qui
449 342 505 387 ad
533 342 723 398 singulos
751 339 931 384 familiae
949 349 1046 381 suae
1068 337 1255 380 desectus
1276 340 1369 380 sto-

274 415 490 463 machatur
511 448 522 470 ‚
565 415 653 457 sine
691 411 850 455 familia
884 410 981 453 erit.
1024 409 1187 459 Serviet.
1227 412 1368 451 autem

275 486 474 542 insipiens
505 485 723 541 prudenti.

313 559 496 614 Impius
521 557 596 599 ille
625 559 713 607 est,
744 553 817 608 qui
839 553 977 595 Deum
1008 549 1124 603 odit3
1149 554 1361 605 peccator,

275 629 350 684 qui
379 628 544 671 actibus
572 636 751 680 nequam
782 627 864 666 est.
901 624 1062 665 Iustum
1082 621 1166 665 hoc
1189 621 1286 664 loco
1307 620 1370 663 di-

277 699 336 741 cit
365 699 503 742 virum
531 699 750 739 actuosum
780 699 871 737 tum
890 693 1032 744 verbis
1061 698 1154 736 tum
1180 692 1366 735 scientia.

276 769 432 814 Multus
446 768 564 810 -enim
594 770 656 826 est
684 767 865 808 iustitiae
896 765 1029 821 rigor.
1056 771 1061 775 '

277 1021 424 1108 Heio
451 1065 605 1107 melior
629 1076 718 1106 non
752 1050 813 1106 est
835 1063 1171 1118 comparativum
1197 1059 1269 1104 sed
1289 1072 1370 1115 pro

275 1136 394 1179 bono
425 1135 594 1178 dieitur.
1123 1185 1133 1194 ⁶

334 1207 410 1250 Vir
439 1211 638 1249 actuosus
654 1237 665 1259 ‚
699 1205 776 1247 etsi
803 1198 959 1259 idiota,
993 1203 1289 1246 honorabilior
1309 1205 1372 1243 est

276 1291 330 1322 eo
361 1278 437 1334 qui
467 1278 600 1320 verbo
631 1272 901 1332 pompaticus
931 1280 993 1318 est
1023 1280 1064 1318 et
1093 1276 1220 1317 iners,

335 1349 387 1392 Id
416 1353 480 1392 est
509 1348 672 1391 radices
694 1349 905 1390 iustorum
922 1359 1010 1390 non
1028 1345 1366 1402 extirpabuntur,

280 1419 419 1462 bonae
450 1419 608 1461 scilicet
639 1417 978 1480 consuetudines.

335 1490 555 1546 Quidquid
580 1487 760 1543 dixerit,
785 1489 988 1544 operibus
1016 1493 1191 1530 testatur
1207 1519 1218 1541 ‚
1251 1491 1294 1529 et
1314 1487 1372 1528 si-

279 1562 386 1618 quid
405 1558 534 1618 opere
557 1561 801 1609 credibilius
824 1565 902 1603 est.
929 1560 1007 1603 Vel
1025 1561 1083 1602 ita
1104 1559 1208 1602 dicit
1224 1590 1236 1612 ‚
1259 1571 1338 1614 pro
1356 1589 1368 1612 ‚

277 1622 544 1689 perspicuam
563 1663 575 1686 ‚
615 1631 837 1687 probatam
861 1662 874 1684 ‚
913 1630 1328 1687 irreprehensibilem
1356 1660 1368 1682 ,

275 1704 472 1748 idoneam
486 1704 668 1758 denique
683 1704 818 1758 ipsam
837 1702 1142 1746 demonstrare.
1165 1703 1242 1744 Rei
1263 1713 1367 1743 vero

276 1775 448 1829 iniquae
475 1778 626 1816 testem
656 1773 760 1817 dicit
789 1786 886 1816 eum
901 1804 916 1827 ,
937 1773 1012 1828 qui
1031 1772 1195 1815 etiamsi
1217 1773 1372 1814 iniusta

276 1845 426 1898 faciat,
452 1858 500 1888 ea
518 1845 736 1899 defendit,
725 1859 736 1869 ·
762 1845 962 1889 dolosum
983 1849 1122 1886 autem
1135 1876 1146 1898 ‚
1171 1843 1245 1898 qui
1267 1842 1372 1885 nihil

276 1921 438 1959 rectum
465 1916 613 1959 habet.

334 1989 478 2030 Sermo
509 1988 562 2030 de
592 1987 886 2044 punitionibus
915 1991 1050 2032 terret
1077 1999 1173 2035 eum
1194 1986 1268 2041 qui
1291 1999 1371 2028 nu-

277 2071 355 2114 per
370 2058 425 2101 ad
439 2060 670 2114 practicam
685 2059 816 2101 vitam
834 2059 1037 2112 accessit3
1054 2063 1217 2100 recreat
1234 2062 1374 2100 autem

275 2131 604 2185 promissionum
623 2131 816 2173 nuncius.
830 2131 939 2174 Nam
962 2130 1175 2186 perfectus
1198 2127 1372 2184 quidem

274 2202 409 2244 iustus
437 2214 525 2244 non
547 2201 711 2244 timebit
732 2202 786 2244 ab
809 2201 1026 2244 auditione
1047 2201 1182 2254 mala,
1200 2200 1373 2243 Domini

221 2292 227 2293 ff
273 2272 471 2315 timorem
490 2272 650 2315 habens
671 2274 747 2328 qui
775 2272 975 2315 omnibus
995 2273 1192 2328 superior
1221 2275 1298 2314 est.

336 2344 480 2386 Iustus
508 2343 717 2386 humanae
747 2345 944 2387 conscius
974 2343 1231 2386 infirmitatis
1248 2343 1375 2397 igno-

277 2415 376 2466 scit,
395 2415 555 2457 etiamsi
571 2416 731 2458 amicus
747 2417 1005 2472 peccaverit.
1020 2416 1099 2458 Vel
1116 2414 1216 2470 quia
1237 2414 1389 2456 sciens

276 2485 437 2528 factum
466 2498 553 2528 esse
582 2486 766 2528 amicum
796 2485 851 2531 ad
879 2487 1108 2541 imaginem
1137 2485 1242 2539 Dei,
1267 2496 1371 2527 eon-

277 2561 399 2599 sonat
426 2555 509 2599 sibi
537 2557 728 2600 modeste
745 2559 952 2612 sentiens,
981 2566 1111 2613 seque
1142 2555 1370 2610 cohibens;

278 2629 321 2667 et
348 2627 456 2669 nihil·
481 2627 647 2671 hostilis
676 2629 860 2672 malitiae
891 2630 1104 2684 retinens,
1125 2627 1372 2683 tranquillas

279 2696 398 2739 fovet
425 2699 720 2753 cogitationes.

1219 2815 1398 2859 cAP.

226 2972 233 2977 “
279 2936 438 3024 Iustus
466 2981 595 3025 finem
626 2984 797 3028 virtutis
827 2971 926 3030 suae
960 2991 1261 3042 consequetur,
1296 2985 1371 3029 sed

277 3051 422 3094 iniusti
450 3052 637 3095 fructum
667 3067 754 3097 non
791 3062 966 3112 carpent
1000 3063 1227 3101 maturum.
1262 3059 1369 3100 Ter-

279 3122 391 3164 rebit
409 3136 452 3165 se
471 3123 612 3178 ipsum
641 3125 840 3181 iniquus,
869 3127 957 3170 non
972 3129 1188 3172 inveniens
1218 3129 1368 3172 defen-

277 3195 439 3236 sionem
469 3200 646 3249 peccato
676 3209 771 3239 suo.

335 3266 422 3307 Lex
451 3266 653 3309 naturalis
671 3299 684 3322 ‚
717 3280 768 3310 ex
797 3281 880 3324 qua
899 3270 1082 3324 pullulat
1102 3273 1214 3315 vitae
1230 3285 1366 3316 causa.

278 3337 398 3379 Iusto
416 3337 524 3379 enim
546 3337 615 3379 lex
632 3350 719 3380 non
738 3343 800 3381 est
820 3341 988 3394 posita3
1017 3353 1154 3396 poena
1176 3343 1230 3386 ad
1252 3357 1370 3388 mor-

276 3409 364 3448 tem
377 3439 390 3461 ,
420 3407 588 3450 irretito
611 3409 808 3463 peccatis.
841 3410 954 3453 Fons
982 3411 1094 3454 vitae
1109 3444 1122 3467 ,
1144 3413 1369 3457 mandato-

276 3490 373 3520 rum
391 3480 619 3522 exsecutio.
637 3481 764 3523 Iustis
779 3479 1008 3537 gentilibus
1022 3484 1372 3529 circumcisorum

278 3561 383 3604 opes
412 3549 651 3605 obtingent.

1506 337 1561 386 Ὁ
1598 333 1708 403 ἐφ’
1691 331 1843 401 εκάστῳ
1887 341 1963 387 τῶν
2000 334 2295 402 ι’λαττωματων
2337 359 2404 387 του
2439 334 2542 386 ἰδιου

1438 428 1544 455 οικου
1578 403 1845 471 δυσχεραινων
1867 444 1880 466 ‚
1919 406 2044 462 ἄοικος
2082 407 2214 458 ἔσται·
2263 406 2460 457 δουλευσει
2498 406 2542 457 δὲ

1438 475 1566 545 ἄφρων
1598 475 1783 563 φρονίμῳ,

1507 543 1711 608 Ἀσεβης
1723 544 1850 596 τοίνυν
1874 583 1887 605 ‚
1899 567 2077 633 φησιν,
2111 549 2130 594 3
2164 547 2231 597 τὸν
2273 545 2369 596 θεον
2405 568 2543 612 μισων·

1433 615 1676 683 ’ἁμαρτωλὸς
1704 619 1802 677 de‚‘
1783 639 1803 665 o
1825 638 1909 683 περι
1932 614 2001 671 τὰς
2021 615 2176 703 πράξεις
2195 641 2241 667 πο
2227 617 2369 684 νηρός·
2394 617 2521 668 δικαιο
2506 642 2544 667 ν

1440 686 1483 738 δὲ
1504 689 1676 738 ἑνταῧθα
1696 685 1761 736 τόν
1781 685 1988 753 πρακτικὲν
2008 709 2115 751 μετα
2131 685 2246 752 λόγου
2264 710 2330 736 και
2353 687 2547 752 ἐπιςημης

1441 756 1564 826 λέγει·
1588 755 1714 810 πολλὴ
1727 756 1805 826 γάρ
1830 759 1913 814 ἑςιν
1935 757 1960 810 ἦ
1982 762 2055 813 τῆς
2081 757 2321 813 δικαιοσύνης
2352 759 2547 826 ἀκρίβεια.

1243 883 1424 927 CAP.

1485 880 1583 923 XII.

2527 1060 2548 1071 Ν

1448 1019 1542 1107 ΓΓό
1588 1079 1759 1132 κρεισσον
1804 1056 1847 1104 οὐ
1892 1077 2107 1122 συγκριτικο
2091 1051 2165 1115 lv,
2212 1057 2303 1103 ἀλλ’
2346 1053 2434 1105 ἀντι
2481 1079 2551 1106 τευ

1446 1129 1608 1194 αγαθοῧ
1639 1126 1707 1194 i)

1514 1202 1566 1248 ‘O
1598 1195 1831 1284 πρακτικός
1844 1219 1908 1245 και
1949 1192 2133 1256 ἰδιώτης,
2170 1219 2236 1246 τευ
2271 1200 2308 1246 ἓν
2342 1195 2446 1264 λόγῳ
2481 1221 2545 1246 και

1445 1293 1485 1319 κο
1488 1272 1597 1334 μψου
1627 1267 1693 1318 καὶ
1725 1265 1928 1334 ἀπράκτου
1953 1306 1966 1325 ,
2001 1264 2222 1335 τιμιώτερος
2248 1273 2314 1333 2)

1515 1342 1568 1388 Αἶ
1592 1338 1699 1407 ριζαι
1724 1361 1799 1388 των
1824 1336 1980 1388 δικαιων
2004 1361 2068 1386 ουκ
2091 1337 2289 1407 ἀξαρθῆσο
2293 1359 2406 1400 νται,
2434 1361 2548 1390 τουτ-
2613 1347 2620 1354 ’

1811 1406 1900 1429 iet)-

1448 1432 1555 1461 εστιν
1588 1411 1630 1458 αἶ
1665 1411 1823 1477 αγαὲαι
1857 1430 1970 1464 εςεις.

1505 1479 1563 1530 O
1602 1479 1668 1530 ἐὰν
1706 1478 1848 1567 stiffi,
1862 1502 1979 1547 φησι,
2022 1485 2230 1530 πιστοῦται
2278 1485 2361 1536 τοῖς
2406 1481 2544 1549 ἔργοις

1445 1575 1511 1600 και
1550 1554 1582 1599 εἱ
1620 1551 1728 1616 ἔργου
1765 1548 1851 1601 ἐστι
1889 1547 2138 1617 ωιστὲτερον·
2177 1548 2201 1602 ἦ
2238 1549 2328 1600 ἀντι
2367 1557 2432 1601 τοῦ
2467 1575 2550 1620 φα-

1444 1643 1581 1689 νεραν,
1614 1624 1663 1682 βε
1666 1619 1984 1683 βασανισμὲνην,
2017 1619 2311 1708 ρἰνὲὶεγκτον,’
2305 1644 2437 1674 ικανην
2471 1626 2548 1672 αὐ-

1447 1716 1515 1745 την
1553 1696 1763 1748 ἐπιδεῖξαι·
1800 1689 1941 1741 ἀδίκων
1987 1690 2028 1741 δὲ
2073 1690 2259 1756 μάρτυς,
2298 1717 2317 1742 ο
2356 1698 2547 1753 συνιστᾷν

1446 1767 1645 1832 ἐπιχειρῶν
1677 1760 1705 1810 οἳ
1735 1760 1781 1811 ἂν
1815 1761 1926 1812 ἄδικα
1960 1760 2123 1829 πράττῃ·
2160 1761 2286 1819 δόλιος
2312 1761 2376 1824 δὲ,
2411 1764 2460 1819 ὥς
2487 1767 2549 1814 οὐ·

1447 1833 1512 1885 div
1546 1834 1828 1898 {xmv'ez’afie'ffi

1513 1981 1564 2026 ‘O
1595 1998 1669 2039 μεν
1703 1979 1776 2025 τῶν
1800 1972 1996 2024 κολασεων
2022 1972 2135 2039 λόγος
2170 1998 2358 2043 ταρασσει
2384 1975 2450 2026 τὸν
2475 1977 2545 2045 ἄρ-

1447 2071 1483 2099 τι
1522 2069 1715 2115 φειτωντα
1762 2050 1817 2110 τῷ
1852 2068 2048 2111 πρακτικῳ
2087 2043 2173 2109 βιῳ·
2215 2045 2407 2115 ευφραῖνει
2446 2046 2487 2096 δὲ
2525 2050 2547 2097 c‘

1446 2141 1523 2169 τιν
1560 2120 1818 2204 ἓπαγγελιων·
1858 2117 1876 2164 o‘
1912 2138 1987 2184 γαρ
2024 2115 2169 2172 τέλειος
2209 2116 2333 2166 ὃικαιο
2317 2141 2356 2172 ς
2392 2142 2434 2167 ου
2472 2141 2517 2186 φο
2521 2148 2544 2156 -

1444 2187 1670 2252 βηὲήσεται
1702 2184 1784 2237 &ab
1817 2189 1937 2242 ἀκοης
1968 2210 2020 2237 ω
2006 2191 2164 2254 ονηρᾶς,
2192 2186 2357 2256 φοβον”
2336 2211 2442 2252 εχων
2475 2212 2544 2238 κυ-

1444 2259 1524 2327 ρίου
1557 2255 1622 2310 τὸν
1631 2258 1913 2348 ὑπεραίροντα
1944 2255 2093 2308 πάντα.

1513 2334 1565 2380 Ὁ
1596 2328 1670 2392 μὲν
1701 2326 1850 2384 δίκαιος
1883 2327 1991 2385 εἰδὼς
2023 2349 2093 2380 την
2125 2326 2376 2406 ανὲρωπῖνην
2411 2328 2598 2379 ἀσθέ-

1444 2421 1572 2459 νειαν,
1598 2421 1872 2466 συγγινωσκει,
1898 2396 1970 2461 κᾷν
1996 2396 2211 2466 ἁμαρτημα
2233 2423 2259 2466 ῃ
2281 2398 2324 2451 τό
2350 2398 2460 2467 παρὰ
2479 2424 2520 2451 το
2523 2405 2548 2451 ’ὗ

1444 2471 1568 2540 φίλου·
1605 2494 1631 2523 η
1666 2493 1728 2520 οτι
1769 2468 2029 2535 ἔπιγινωσκων
2067 2474 2128 2520 ὅτι
2161 2493 2235 2519 κατ
2288 2469 2419 2519 εἰκόνα
2461 2477 2546 2520 θεέυ
2526 2495 2549 2520 υ

1444 2545 1528 2602 ἒςιν
1560 2566 1580 2592 0
1613 2539 1750 2628 ιριλος
1744 2579 1764 2600 ,
1793 2540 1994 2608 σύμφωνος
2024 2544 2169 2591 ἑαυτοῦ
2201 2541 2290 2591 ἔστι
2322 2563 2452 2609 μετριο
2457 2563 2550 2609 φρο-

1442 2620 1541 2673 νῶν,
1560 2635 1626 2662 και
1649 2609 1894 2680 φυλάσσωνε
1879 2612 2042 2673 εαυτὲν,
2070 2635 2138 2660 και
2158 2610 2282 2675 μηδὲν
2303 2616 2390 2667 τῆς
2395 2611 2550 2678 ’ἔχθρας

1441 2707 1580 2739 κακιας
1610 2683 1735 2747 ἔχων,
1772 2681 2063 2738 ἀστασιάστους
2084 2682 2175 2746 ἔχει
2204 2704 2293 2740 τους
2317 2680 2543 2749 λογισμους·

1460 2813 1578 2857 XIII.

1443 2937 1615 3027 'O
1569 2999 1641 3041 μεν
1672 2999 1747 3044 γαρ
1780 2981 1854 3034 ἔξει
1887 2978 1932 3029 τὸ
1967 2978 2076 3034 τέλος
2115 2983 2186 3035 τῆς
2224 2982 2390 3045 ἀρετης,
2434 2980 2468 3028 οἶ
2502 2978 2544 3029 δε

1441 3046 1591 3114 καρπὸν
1623 3071 1697 3113 ουχ
1729 3051 1879 3104 ἕξουσιν
1910 3048 2064 3117 ὥριμον·
2109 3048 2268 3102 πτσῆσει
2310 3051 2342 3097 δ’
2375 3048 2539 3111 ganuteina,

1441 3121 1515 3183 οὐχ
1547 3141 1721 3185 ευρισκων
1755 3124 1944 3171 συστῆναι
1977 3123 2044 3190 τῇ
2059 3119 2198 3169 ἑαυτοῦ
2231 3118 2421 3186 ἁμαρτίᾳ.
2465 3176 2470 3183 ἱ

2585 342 2614 364 v.
2636 339 2679 364 29.

2584 371 2621 400 A.
2643 371 2664 400 f.
2688 375 2733 401 55.
2752 379 2780 401 a.

2587 555 2618 577 v.
2637 552 2681 577 31.

2587 584 2622 614 C.
2644 591 2675 620 p.
2700 587 2762 614 348.

2591 1047 2667 1071 ν.9.

2590 1078 2623 1107 C
2648 1082 2764 1114 p.318.

2591 1190 2620 1211 v.
2651 1188 2678 1212 9.

2589 1218 2625 1247 A.
2645 1218 2667 1248 f.
2686 1224 2730 1249 57.

1511 3259 1650 3324 Νόμος
1681 3265 1702 3310 3
1736 3259 1913 3346 φυσικός,
1941 3263 2005 3329 ἀφ’
2036 3285 2078 3311 ου
2111 3259 2217 3330 βρυει
2252 3260 2296 3312 2¹3
2332 3267 2405 3318 τῆς
2433 3267 2540 3319 ζωῆς
2609 3293 2620 3335 '.
2675 3293 2680 3299 ·

1441 3354 1507 3380 αιτ
1511 3350 1579 3381 ιον
1604 3335 1734 3394 δικαιῳ
1753 3330 1828 3398 γὰρ
1847 3331 1960 3396 νόμος
1986 3334 2028 3380 οὗ
2046 3335 2189 3381 κειται·
2218 3354 2381 3399 τιμωρια
2407 3332 2491 3382 ὂε’
2476 3356 2539 3386 επι

1439 3401 1620 3452 ,θάνατον
1653 3406 1708 3466 τῷ
1738 3399 2020 3467 παγιδευθεντι
2050 3407 2198 3459 κακοῖς·
2222 3407 2249 3455 ἦ
2279 3426 2385 3469 moy-n
2411 3408 2540 3464 ζωης,

1442 3469 1494 3521 ‘coi
1531 3472 1628 3539 ἔργα
1665 3476 1739 3523 τῶν
1777 3475 1957 3522 ἐντολῶν.
1996 3471 2170 3529 Δικαῖοις
2209 3478 2290 3531 wig
2328 3474 2490 3525 ἔθνεσιν
2521 3475 2541 3522 ὅ

1450 3545 1524 3591 τῶν
1557 3545 1600 3590 ἐκ
1632 3540 1842 3609 aspiro-ufic
1873 3546 2038 3599 πλοῦτος
2074 3543 2383 3610 προσγενήσεται
2410 3547 2480 3610 3).

353 3673 383 3713 1)
403 3672 458 3707 Sic
477 3673 545 3707 fere
565 3675 665 3707 etiam
686 3675 819 3708 sanctus
840 3643 984 3718 cyrillus
1003 3676 1039 3709 in
1059 3679 1293 3712 commentario
1314 3680 1468 3722 epistolae
1487 3682 1531 3715 ad
1552 3682 1654 3716 Hehr.
1678 3685 1703 3716 1.
1728 3686 1760 3725 4,
1773 3683 1868 3716 cuius
1887 3692 1947 3717 nos
1966 3686 2193 3719 commentarii
2216 3685 2375 3728 deperditi
2389 3684 2543 3726 reliquias

214 3726 220 3729 χ
276 3723 440 3759 edidimus
461 3727 496 3759 in
517 3728 579 3760 bac
599 3730 664 3763 ΡΡ.
685 3737 770 3761 nova
787 3728 984 3763 bibliotheca
1005 3732 1043 3763 Τ.
1066 3731 1126 3763 ΙΙΙ.

302 3821 310 3829 .
353 3779 384 3819 2)
406 3780 501 3813 quta
520 3782 616 3815 vetus
637 3782 739 3815 illud:
768 3782 826 3816 odi
844 3782 1016 3823 hominem
1037 3786 1169 3826 {quava
1188 3794 1314 3828 opera,
1329 3787 1543 3832 philosopha
1560 3792 1746 3825 sententia.

354 3834 386 3874 ³)
408 3834 510 3868 Sicuti
532 3836 612 3869 Iobo
632 3836 859 3871 incircumciso
882 3839 968 3880 (non
989 3831 1098 3872 t'amen
1119 3839 1283 3875 idolorum
1303 3842 1447 3886 cultori)
1470 3853 1530 3878 sua
1551 3845 1708 3878 naturalis
1730 3845 1854 3880 iustitia
1877 3847 2011 3887 proruit
