2996 4432
260 803 329 832 cod.
352 803 372 833 s.
395 806 455 833 138.

268 3155 335 3193 cod.
350 3164 363 3191 I
387 3166 464 3198 139.Δ

504 267 566 312 98
1443 278 1573 310 caan.
1613 279 1854 312 nansnnmr

500 366 584 409 lem
617 365 914 408 'necessitatem
935 394 947 418 ,
984 364 1076 407 >sive
1111 376 1188 419 per
1228 364 1414 408 occultas
1453 366 1753 422 obreptiones,
1794 366 2031 410 invenimus
2065 367 2108 410 in
2152 368 2329 412 ccclesia
2363 370 2523 426 malos,
2558 384 2667 427 quos
2703 386 2780 415 ec-

500 438 729 480 clesiastica
760 436 985 491 disciplina
1025 436 1239 490 corrigere
1279 440 1352 478 aut
1392 440 1588 479 coercere
1618 449 1707 479 non
1742 448 1998 492 possumuS,
2030 442 2133 481 tunc
2173 452 2226 482 ne
2264 441 2464 484 ascendat
2498 443 2543 485 in
2582 457 2659 486 cor
2698 457 2782 487 no·-

499 515 637 553 strum
675 509 805 564 impia
845 513 887 551 et
923 508 1158 564 perniciosa
1194 509 1513 563 praesumptio,
1552 521 1638 564 qua
1667 508 1934 551 aestimemus
1968 521 2049 552 nos
2079 510 2133 552 ab
2163 511 2246 555 illis
2281 526 2371 556 esse
2409 515 2665 569 separandos
2687 547 2699 570 ,
2732 522 2782 558 ut

499 581 682 637 peccatis
712 593 862 623 eorum
891 592 980 622 non
1009 579 1307 634 inquinemur,
1331 584 1461 635 atque
1491 586 1593 636 post
1622 592 1701 623 nos
1730 579 1903 623 trahere
1933 592 2138 623 conemur
2171 583 2305 627 veluti
2335 585 2547 641 mundOS,
2582 593 2748 631 sanctos
2766 619 2778 640 ,

499 658 627 707 atque
667 651 899 706 discipulos
919 682 930 704 ‚
966 649 1021 693 ab
1057 650 1229 693 unitatis
1264 663 1469 707 compage
1502 652 1624 707 quasi
1662 663 1686 693 a
1725 650 1937 694 malorum
1974 652 2191 696 consortio
2228 660 2495 711 segregatos3
2533 659 2705 702 veniant
2734 660 2779 702 in

498 728 686 766 mentem
716 723 810 766 illae
852 723 905 765 de
945 722 1168 778 scripturis
1203 722 1496 766 similitudines
1534 728 1578 765 et
1616 722 1761 765 divina
1800 723 1968 765 oracula
2006 723 2076 766 vel
2112 725 2340 769 certissima
2374 729 2590 784 exempla,
2627 730 2783 785 quibus

500 796 840 839 demonstratum
872 798 936 836 est
965 793 1100 837 malos
1128 794 1175 837 in
1206 794 1382 858 ecclesia
1412 794 1644 849 permixtos
1673 805 1809 848 usque
1838 795 1884 835 iu
1912 793 2042 836 finem
2070 795 2226 838 saeculi
2254 800 2508 854 tempusque
2537 800 2681 843 iudicii
2710 802 2782 842 fu-

499 872 621 910 turos
640 898 652 920 ,
679 871 722 909 et
753 866 861 908 nihil
890 866 1016 909 bonis
1036 866 1081 908 in
1101 867 1264 909 unitate
1293 864 1394 908 fidei
1423 877 1472 906 ac
1502 865 1827 920 participatione
1857 869 2244 920 sacramentorum,
2267 868 2344 922 qui
2374 881 2524 912 eorum
2552 872 2675 915 factis
2694 885 2782 914 non

501 937 824 990 consenserint,
860 937 1102 980 obfuturos.
1139 938 1244 979 Cum
1273 949 1377 979 vero
1409 936 1496 990 eis,
1528 948 1607 991 per
1645 948 1756 991 quos
1795 936 1969 978 ecclesia
1998 936 2185 992 regitur,
2218 937 2339 982 adest
2373 951 2479 994 pace
2516 941 2631 984 salva
2660 947 2786 997 pote-

501 1013 587 1051 stas
620 1008 868 1064 disciplinae
898 1008 1102 1051 adversus
1130 1006 1351 1063 improbos
1381 1011 1456 1050 aut
1484 1007 1671 1050 nefarios
1702 1007 1979 1062 exserendae;
2011 1008 2116 1050 item
2144 1020 2315 1060 rursus,
2347 1022 2403 1052 ne
2428 1010 2612 1054 desidiae
2643 1015 2784 1067 segni-

500 1082 671 1136 tiaeque
695 1079 1022 1135 indormiamus,
1056 1080 1147 1122 aliis
1174 1078 1330 1122 aculeis
1356 1083 1704 1134 praeceptorum,
1731 1091 1839 1134 quae
1866 1078 1921 1122 ad
1949 1080 2219 1124 severitatem
2239 1082 2510 1125 coercitionis
2543 1085 2781 1138 pertinent,

501 1151 713 1195 excitandi
743 1164 888 1194 sumus
905 1183 916 1205 ,
950 1156 999 1194 ut
1030 1162 1197 1205 gressus
1226 1153 1398 1192 nostros
1427 1150 1473 1192 in
1507 1149 1578 1195 via
1613 1150 1787 1193 Domini
1825 1163 1876 1192 ex
1906 1152 2098 1207 utrisque
2127 1153 2380 1196 testimoniis
2409 1154 2484 1196 illo
2515 1153 2624 1197 duce
2653 1160 2782 1211 atque

502 1224 700 1266 adiutore
731 1223 960 1277 dirigentes
975 1253 987 1275 ,
1020 1234 1097 1264 nec
1127 1222 1354 1277 patientiae
1383 1220 1556 1263 nomine
1578 1224 1896 1276 torpescamus,
1921 1236 2001 1266 nec
2021 1223 2204 1268 obtentu
2234 1224 2476 1280 diligentiae
2498 1227 2777 1269 saeviamus»

501 1295 623 1338 Idem
650 1295 753 1337 ·XL·
780 1294 913 1349 capite
943 1305 992 1334 ex
1023 1293 1090 1335 his
1119 1305 1228 1348 quae
1257 1290 1403 1335 scribit
1432 1291 1490 1334 ad
1517 1293 1707 1336 Petrum.
1747 1312 1762 1328 «
1785 1294 2039 1338 Firmissime
2068 1299 2166 1338 tene
2186 1326 2198 1350 ,
2230 1300 2273 1339 et
2301 1297 2543 1340 nullatenus
2583 1297 2783 1353 dubiteS,

498 1378 639 1408 arcam
670 1366 747 1407 Dei
776 1377 866 1407 esse
897 1364 1153 1407 catholicam
1184 1364 1403 1406 ecclesiam
1420 1396 1432 1418 ‚
1466 1368 1509 1406 et
1536 1365 1651 1407 intra
1680 1377 1775 1407 eam
1804 1378 1939 1421 usque
1968 1366 2012 1408 in
2041 1365 2172 1409 finem
2206 1368 2363 1410 saeculi
2401 1368 2613 1411 frumenta
2651 1370 2782 1412 mixta

495 1438 629 1494 paleis
659 1437 890 1489 contineri,
915 1436 961 1479 id
989 1440 1052 1478 est
1082 1435 1223 1478 bonos
1253 1440 1295 1478 et
1323 1435 1460 1478 malos
1489 1441 1855 1479 sacramentorum
1886 1438 2206 1481 communione:
2232 1443 2274 1481 et
2299 1440 2344 1481 in
2367 1440 2485 1482 omni
2514 1441 2779 1495 professione

497 1510 750 1553 clericorum
779 1509 867 1551 sive
898 1507 1209 1566 monachorum
1239 1520 1328 1550 esse
1358 1508 1483 1550 simul
1512 1507 1653 1550 bonos
1683 1513 1726 1550 et
1754 1510 1920 1552 malos:
1955 1522 2032 1552 nec
2061 1522 2143 1565 pro
2173 1510 2294 1553 malis
2324 1511 2465 1555 bonos
2495 1512 2778 1567 deserendoS,

495 1582 568 1625 sed
598 1594 678 1638 pro
710 1581 837 1624 bonis
866 1581 1002 1623 malos
1031 1581 1077 1623 in
1108 1585 1316 1636 quantum
1348 1580 1479 1635 exigit
1509 1579 1607 1622 fidei
1637 1585 1681 1622 et
1711 1576 1893 1623 caritatis
1923 1581 2062 1634 ratio,
2094 1582 2360 1625 tolerandos.
2382 1602 2399 1619 »
2435 1583 2572 1626 Idem.
2614 1585 2688 1626 «Si
2711 1585 2779 1627 vel

496 1656 539 1697 in
571 1654 745 1696 ecclesia
774 1653 931 1695 nullius
960 1651 1163 1707 perfidiae
1193 1653 1352 1694 semina
1381 1656 1619 1707 spargunt,
1651 1655 1695 1694 et
1724 1652 1875 1695 fratres
1904 1652 1959 1695 ad
1996 1653 2175 1708 aliquod
2214 1639 2374 1697 malum
2414 1667 2522 1711 opus
2558 1655 2781 1698 mortifera

494 1726 732 1768 imitatione
763 1737 851 1766 non
883 1724 1074 1771 ducuntt
1106 1736 1185 1766 nec
1213 1719 1340 1779 posse
1369 1724 1552 1778 aliquem
1587 1725 1697 1766 intra
1732 1723 1950 1766 ecclesiam
1989 1725 2240 1767 catholicam
2276 1730 2390 1768 recte
2426 1726 2667 1769 credentem
2697 1727 2778 1768 be-

494 1810 634 1853 neque
664 1798 876 1839 viventem
913 1796 1051 1838 alieno
1091 1808 1295 1851 umquam
1334 1795 1537 1838 maculari
1576 1799 1781 1850 peccato,
1813 1796 1849 1837 si
1884 1795 2082 1850 cuiquam
2111 1797 2306 1851 peccanti
2336 1809 2422 1838 non
2454 1798 2778 1840 consensionem

493 1868 695 1924 praebeat
724 1880 801 1910 nec
833 1867 1039 1909 favorem.
1059 1885 1076 1903 »
1107 1868 1222 1910 Haec
1250 1867 1511 1922 Augustinus
1541 1866 1594 1909 de
1624 1866 1856 1910 tolerandis
1886 1867 1973 1909 sive
2003 1879 2092 1909 non
2121 1867 2350 1910 tolerandis
2378 1869 2423 1911 in
2453 1868 2626 1912 ecclesia
2657 1870 2779 1912 malis

492 1938 755 1981 hominibus.

619 2012 685 2052 19.
720 2011 842 2052 Nunc
873 2009 925 2051 de
956 2010 1285 2052 simoniacorum
1313 2009 1600 2065 paenitentia,
1633 2010 1744 2064 siqui
1774 2010 1886 2053 forte
1915 2011 2200 2066 resipuerint,
2227 2010 2417 2054 breviter
2446 2011 2651 2067 quiddam
2682 2025 2775 2055 me·

491 2083 744 2126 morandum
776 2082 958 2125 videtur.
994 2082 1132 2124 Grave
1163 2082 1275 2124 enim
1307 2082 1483 2124 omnino
1504 2112 1516 2135 ‚
1547 2086 1598 2123 ut
1627 2083 1684 2124 ait
1714 2082 2018 2136 Gregoriusin
2058 2083 2268 2136 registro,
2301 2087 2344 2125 et
2380 2083 2490 2126 ultra
2529 2096 2660 2139 quam
2690 2085 2773 2127 dici

492 2158 635 2210 potest
664 2154 825 2196 facinus
856 2158 945 2205 est,
979 2152 1184 2207 Spiritum
1214 2156 1433 2205 sanctum,
1467 2154 1542 2208 qui
1573 2154 1718 2196 omnia
1739 2153 1936 2207 redimit,
1969 2154 2220 2196 venundari.
2245 2154 2494 2198 Ambrosius
2524 2137 2653 2210 super
2681 2157 2772 2198 Lu·-

493 2240 602 2269 cam.
642 2245 658 2263 α
677 2228 773 2268 Non
805 2231 867 2268 est
896 2226 960 2268 fas
990 2225 1174 2268 vendere
1203 2225 1482 2268 ministerium
1500 2256 1512 2278 ,
1545 2226 1621 2268 sed
1652 2226 1836 2267 offerre:
1870 2238 1959 2267 non
1991 2226 2103 2267 enim
2132 2225 2274 2279 pretio
2304 2229 2473 2268 taxatur
2500 2227 2579 2268 Dei
2600 2227 2771 2280 gratia;

491 2311 572 2341 nec
600 2300 644 2341 in
674 2298 947 2341 sacramentis
977 2298 1144 2340 lucrum
1176 2297 1397 2352 quaeritur
1412 2327 1424 2349 ,
1450 2296 1525 2339 sed
1546 2295 1802 2352 obsequium
1832 2295 2080 2338 sacerdotis.
2104 2296 2199 2338 Non
2221 2300 2362 2338 tamen
2383 2301 2444 2338 sat
2462 2301 2526 2338 est
2545 2296 2580 2338 si
2603 2297 2771 2339 lucrum

491 2383 582 2412 non
611 2375 865 2425 quaeratur,
891 2369 966 2412 sed
996 2369 1251 2424 obsequium
1280 2368 1528 2411 sacerdotis.
1554 2369 1750 2411 Familiae
1772 2380 1947 2423 quoque
1970 2372 2069 2410 tuae
2092 2367 2355 2410 cohibendae
2378 2373 2477 2411 sunt
2496 2381 2670 2422 manus3
2694 2381 2775 2411 nec

490 2442 576 2484 hoc
607 2441 877 2496 exposcitur,
911 2445 960 2483 ut
995 2441 1134 2483 solum
1166 2444 1208 2482 te
1241 2440 1556 2483 immaculatum
1594 2445 1842 2495 castumque
1881 2439 2108 2484 custodias.
2142 2440 2238 2482 Non
2268 2440 2382 2482 enim
2419 2440 2525 2482 dixit
2554 2440 2776 2494 apostolus

492 2518 534 2555 te
557 2513 720 2565 solum,
746 2511 821 2554 sed
842 2516 884 2554 te
903 2513 1042 2567 ipsum
1063 2515 1226 2553 castum
1247 2510 1438 2553 custodi:
1462 2511 1725 2566 inexpiabilis
1746 2512 1859 2553 enim
1880 2511 2044 2553 venditi
2067 2511 2192 2566 culpa
2212 2511 2418 2566 mysterii.
2440 2511 2638 2566 Denique
2655 2512 2772 2554 Moa-

488 2585 603 2627 bitae
626 2589 668 2627 et
689 2585 816 2626 ceteri
845 2597 933 2626 non
966 2583 1185 2625 intrabunt
1203 2584 1248 2625 in
1271 2583 1488 2625 ecclesiam
1510 2582 1683 2623 Domini
1708 2594 1843 2636 usque
1864 2581 1919 2624 ad
1948 2581 2114 2623 tertiam
2136 2586 2180 2623 et
2199 2585 2395 2635 quartam
2424 2582 2737 2634 generationem
2756 2613 2770 2634 ‚

491 2656 627 2698 donec
657 2656 826 2710 culpam
856 2660 1079 2698 auctorum
1108 2654 1354 2710 multiplicis
1384 2654 1593 2696 successio
1626 2653 1912 2707 generationis
1935 2651 2141 2694 aboleret.
2166 2651 2246 2693 Sed
2270 2663 2366 2693 cum
2385 2651 2445 2694 illi
2472 2652 2610 2706 quiin
2632 2652 2768 2694 Deum

488 2727 754 2771 idololatriae
787 2738 932 2769 errore
963 2726 1252 2780 deliquerant,
1280 2725 1325 2767 in
1355 2729 1423 2767 tot
1454 2725 1746 2779 generationes
1776 2728 1917 2766 essent
1945 2723 2165 2776 mulctati,
2198 2723 2392 2777 profecto
2424 2722 2574 2764 durior
2602 2722 2773 2765 videtur

488 2811 577 2840 esse
608 2799 839 2851 sententia,
873 2810 959 2853 qua
991 2798 1106 2840 Giezi
1135 2809 1278 2839 semen
1307 2808 1443 2852 usque
1473 2796 1518 2837 in
1547 2799 1789 2849 aeternum,
1813 2808 1893 2851 pro
1918 2794 2147 2850 cupiditate
2169 2793 2376 2847 habendi,
2406 2794 2660 2848 prophetica
2689 2807 2768 2836 au-
2824 2796 2828 2800 '

492 2870 689 2912 ctoritate
721 2869 989 2912 damnatur.»
1015 2867 1254 2911 Alexander
1276 2867 1350 2910 ·II·
1377 2868 1423 2909 in
1442 2868 1623 2921 registro
1641 2879 1737 2910 su0.
1776 2885 1793 2902 α
1815 2867 1857 2909 Si
1879 2868 1973 2922 quis
1996 2866 2249 2908 beneficium
2271 2865 2473 2907 ecclesiae
2492 2896 2504 2918 ‚
2534 2865 2654 2920 quod
2674 2867 2769 2921 qui-

490 2941 589 2983 dam
619 2941 844 2983 canonicas
874 2941 941 2982 vel
972 2939 1234 2995 praebendas
1263 2940 1332 2982 vel
1363 2939 1534 2990 ordines
1563 2943 1722 2981 vocant
1740 2969 1753 2992 ,
1786 2938 1932 2994 iniqua
1968 2936 2200 2992 cupiditate
2233 2935 2387 2978 ductus
2422 2936 2491 2977 vel
2530 2948 2670 2979 emere
2699 2936 2769 2978 .vel

490 3011 671 3054 vendere
703 3011 1061 3066 praesumpserit,
1094 3012 1213 3053 iuxta
1243 3010 1474 3053 concilium
1503 3010 1839 3053 chalcedonense
1860 3041 1872 3063 ,
1905 3009 2063 3064 gradus
2093 3008 2159 3050 sui
2187 3008 2382 3063 periculo
2412 3007 2656 3061 subiaceat3
2688 3020 2771 3049 nec

490 3083 698 3125 ministret
727 3084 772 3125 in
803 3083 1005 3136 ecclesia,
1039 3094 1166 3138 quam
1195 3082 1373 3136 pecunia
1403 3082 1684 3137 comparavit.
1712 3100 1730 3117 »
1764 3081 1962 3124 Urbanus
1997 3080 2071 3121 ·11·
2097 3079 2142 3121 in
2174 3079 2354 3132 registro
2385 3090 2483 3120 suo.-
2521 3096 2537 3113 α
2562 3078 2770 3120 Simonia-

493 3166 566 3195 cos
594 3155 769 3196 omnino
804 3154 857 3196 ab
893 3154 1047 3209 emptis
1079 3153 1230 3195 officiis
1260 3153 1496 3195 movendos
1527 3153 1728 3210 canonica
1756 3153 1974 3194 sanctione
2009 3150 2321 3206 praecipimus3
2356 3162 2497 3205 neque
2528 3150 2588 3191 eis
2616 3150 2660 3191 in
2695 3162 2766 3191 ec-

492 3226 625 3267 clesiis
642 3256 654 3279 ,
685 3238 791 3280 quas
823 3227 962 3267 emere
981 3256 993 3279 ,
1031 3229 1283 3280 potestatem
1316 3225 1444 3267 ullam
1472 3224 1630 3267 habere
1646 3257 1658 3279 ,
1697 3229 1771 3266 aut
1806 3223 2068 3276 ministrare,
2099 3222 2279 3264 facultas
2299 3221 2441 3264 ‘libera
2471 3220 2758 3263 concedaturt

492 3295 566 3338 sed
598 3300 648 3338 ut
679 3298 862 3351 perfecte
886 3301 1107 3351 peccatum
1135 3308 1258 3338 suum
1285 3295 1492 3350 defleant,
1525 3301 1567 3338 et
1596 3296 1784 3338 divinam
1821 3295 1901 3337 sibi
1934 3295 2113 3349 gratiam
2148 3293 2446 3346 reconcilient,
2477 3292 2532 3335 ad
2561 3292 2663 3334 alias
2695 3304 2763 3333 ec-

492 3368 637 3410 clesias
670 3367 738 3409 vel
771 3357 1020 3410 monasteria
1054 3371 1294 3420 transeant,
1321 3371 1365 3409 et
1396 3379 1443 3409 se
1473 3367 1553 3410 sub
1586 3367 1831 3422 disciplinae
1859 3365 2068 3420 regularis
2095 3364 2354 3407 coercitione
2389 3367 2605 3406 servantes
2624 3393 2637 3417 ,
2671 3363 2763 3418 spi-

490 3439 653 3482 ritualis
693 3438 939 3493 disciplinae
973 3441 1180 3483 exercitiis
1212 3440 1452 3495 mancipare
1486 3442 1733 3493 procurent.
1760 3457 1777 3474 =›
1822 3436 2009 3479 Gelasius
2041 3436 2087 3478 in
2123 3435 2294 3478 decreto
2328 3446 2423 3490 cap.
2457 3435 2569 3477 ·'VII·
2609 3452 2626 3469 ιι
2648 3433 2767 3486 Quos

492 3510 731 3553 constiterit
763 3510 962 3564 indignos
989 3512 1150 3553 meritis
1182 3514 1445 3554 sacramenta
1471 3513 1681 3551 mercatos
1703 3520 1790 3551 esse
1810 3508 1951 3564 pretio
1969 3539 1981 3561 ‚
2014 3507 2218 3561 dignitate
2246 3506 2466 3548 convictos
2497 3509 2669 3560 oportet
2689 3516 2762 3546 ar-

491 3583 604 3635 ceri3
634 3582 735 3636 quia
767 3580 937 3623 dantem
957 3582 1116 3635 pariter
1149 3582 1512 3638 accipientemque
1536 3580 1753 3623 damnatio
1775 3579 1956 3622 Simonis
1973 3609 1985 3633 ,
2018 3590 2147 3634 quam
2171 3589 2288 3621 sacra
2306 3576 2435 3619 lectio
2458 3579 2638 3619 testatur
2652 3607 2666 3630 ,
2689 3576 2762 3617 in-

490 3653 640 3695 volvit.
664 3671 681 3689 1>
718 3651 944 3694 Hormisda
971 3652 1016 3693 in
1048 3652 1219 3695 decreto
1249 3664 1345 3707 cap.
1372 3652 1446 3694 ·11·
1477 3670 1494 3688 ιι
1515 3652 1603 3694 Nec
1635 3651 1706 3693 illc
1740 3663 1785 3693 se
1807 3663 1833 3693 a
1855 3650 1980 3706 culpa
2001 3650 2193 3692 aestimet
2211 3649 2417 3703 alienum,
2447 3648 2522 3702 qui
2541 3647 2632 3702 ipse
2663 3648 2764 3703 qui-

491 3723 588 3765 dem
612 3736 637 3765 a
658 3723 951 3778 redemptione
982 3721 1115 3775 liber,
1146 3722 1375 3765 initiaverit
1400 3722 1700 3765 benedictione
1729 3722 1909 3777 mystica
1935 3720 2198 3764 sacerdotem
2213 3750 2226 3772 ‚
2249 3724 2391 3762 tamen
2412 3718 2466 3761 ad
2488 3718 2660 3761 alterius
2689 3730 2759 3759 re-

492 3794 652 3848 dempti
690 3794 955 3837 voluntatem
972 3824 984 3847 ,
1019 3793 1086 3836 vel
1126 3798 1278 3848 sponte
1310 3794 1356 3835 in
1391 3793 1477 3836 hoc
1508 3793 1579 3836 vel
1609 3793 1856 3836 necessitate
1897 3791 2169 3836 consenserit.
2203 3789 2317 3843 Quid
2349 3790 2462 3833 enim
2492 3788 2666 3845 prodest
2697 3786 2759 3827 illi

491 3877 568 3907 suo
598 3877 744 3908 errore
776 3878 865 3909 non
892 3864 1057 3922 pollui,
1091 3864 1167 3920 qui
1189 3876 1438 3908 consensum
1470 3868 1657 3921 praestat
1683 3863 1878 3908 erranti?
1907 3863 2065 3908 Procul
2092 3861 2225 3907 dubio
2247 3865 2394 3906 contra
2421 3859 2619 3905 mandata
2640 3868 2760 3901 com-
