2996 4432
530 250 593 298 28
1502 251 1560 291 'rx
1589 259 1723 298 rinno
1757 258 1826 291 111.
1856 288 1866 294 *a

531 349 599 402 ad
636 345 871 399 bellum?
908 343 1059 410 Quos
1097 343 1139 394 si
1178 361 1289 395 non
1329 354 1502 395 movet
1538 343 1670 395 illud
1708 342 2069 414 evangelicum
2105 356 2479 417 praeceptum,
2515 346 2800 422 bonus-pa-

528 444 640 484 stor
670 430 919 482 animam
953 445 1113 478 suam
1147 427 1307 497 ponit
1337 445 1439 497 pro
1473 426 1661 482 ovibus,
1684 425 1826 488 suis,
1872 426 2042 478 saltim
2078 427 2392 481 erubescant
2428 430 2470 480 si
2507 449 2618 483 non
2657 433 2793 485 Isra-

530 514 811 567 helitarum
850 510 1110 582 excellant
1146 509 1443 562 sacerdotes
1479 521 1626 562 tanto
1664 520 1868 580 quanto
1906 509 2122 562 interest
2147 511 2283 564 inter
2314 512 2554 564 umbram
2582 525 2633 565 et
2658 517 2793 567 ve‘ri-

531 606 720 663 tatem,
762 596 902 647 inter
944 594 1292 647 substantiam
1333 605 1386 645 et
1429 592 1669 663 figuram.
1710 591 1791 643 Illi
1833 592 1974 643 enim
2017 593 2239 646 inermes
2274 596 2420 647 tubis
2459 607 2580 648 ante
2626 598 2794 650 aciem

532 678 926 749 concrepabant
946 717 960 739 ,
1002 695 1100 728 nos
1136 695 1262 728 vero
1299 676 1438 747 proh
1474 673 1678 746 pudor!
1720 672 1896 726 induti
1933 675 2094 727 lorica
2129 676 2355 730 iustitiae
2392 691 2444 731 et
2480 680 2625 749 galea
2650 681 2790 732 salu·
2823 710 2826 714 ·

533 763 629 826 tis,
672 761 925 813 habentes
962 772 1170 811 scutum
1207 757 1329 810 fidei
1350 798 1363 820 ,
1405 776 1505 828 pro
1542 757 1733 808 ovibus
1769 756 1924 808 nobis
1960 759 2247 810 commissis
2287 780 2398 816 non
2434 762 2790 832 pugnabimus

532 864 704 915 usque
739 844 807 896 ad
843 843 1054 895 vincula
1090 854 1143 894 et
1178 848 1441 904 carceres,
1475 857 1645 910 usque
1670 837 1775 890 ad'
1762 839 2041 890 1nrisiones
2065 851 2118 891 et
2146 843 2472 937 opprobria
2496 856 2548 895 et
2573 845 2615 896 si
2641 863 2792 915 opor·
2848 902 2850 904 ,

533 929 692 980 tue1it
716 946 886 998 usque
911 926 980 979 ad
1005 925 1358 977 membrorum
1381 923 1742 974 tluncationes
1768 934 1819 974 et
1843 924 2104 976 mortem?
2135 924 2181 992 1)
2208 926 2274 976 Et
2297 927 2339 977 si
2364 946 2468 979 nos
2497 947 2608 979 non
2632 939 2793 981 terret

532 1011 664 1063 illud
699 1011 830 1063 boni
867 997 1053 1062 malive
1090 1008 1312 1079 pastoris
1348 1006 1645 1077 specimen,
1673 1005 1832 1076 lupus
1868 1006 2065 1058 scilicet
2099 1008 2326 1059 veniens
2353 1021 2414 1061 ut
2450 1029 2573 1063 oves
2600 1023 2790 1063 mactet

259 1109 482 1141 co‹¹.r.29-b
533 1106 586 1147 et
621 1093 838 1167 perdat,
868 1092 1185 1145 admoneant
1221 1109 1319 1142 nos
1355 1089 1824 1141 innumerabilium
1847 1089 2172 1142 confratrum
2197 1102 2532 1156 nostrorum,
2561 1106 2613 1146 et
2637 1107 2791 1165 prae-

534 1179 690 1250 cipue
735 1195 1075 1228 romanorum
1120 1173 1434 1246 pontificum
1479 1173 1749 1243 exempla,
1790 1174 1887 1243 qui
1932 1192 1963 1225 a
1998 1173 2157 1225 beato
2194 1175 2353 1226 Petro
2395 1195 2565 1247 usque
2610 1177 2678 1237 ad
2714 1179 2791 1249 pii

534 1259 870 1327 Constantini
916 1269 1155 1327 tempora
1195 1255 1458 1307 XXXIII·
1495 1273 1748 1318 numerO,
1787 1255 1993 1307 vicibus
2040 1256 2139 1308 sibi
2183 1257 2408 1309 invicem
2449 1258 2789 1312 succedentes

535 1343 670 1395 mori
707 1361 819 1394 non
855 1341 1176 1401 timuerunt,
1219 1336 1474 1408 quamdiu
1513 1338 1685 1408 ipsum
1722 1335 1928 1390 romani
1959 1339 2189 1390 nominis
2221 1339 2515 1411 principem
2555 1342 2792 1394 christia-

534 1445 635 1479 nae
672 1425 956 1477 submisere
1005 1423 1263 1492 religioni.
1309 1422 1376 1472 Et
1412 1421 1533 1491 quis
1567 1439 1680 1473 non
1719 1421 2075 1494 Corneliosab
2124 1421 2441 1491 imperatore
2477 1425 2640 1476 Decio
2678 1444 2792 1477 cru.-

533 1509 755 1561 ciatibus
790 1506 945 1558 variis
981 1506 1290 1568 interemt03
1331 1504 1498 1555 Lucio
1535 1504 1810 1578 veroleius
1846 1522 2143 1556 successore
2188 1505 2257 1556 ab
2297 1505 2484 1558 eodem
2519 1507 2784 1572 extincto;

530 1591 799 1663 Stephano
826 1600 1001 1641 autem
1037 1599 1158 1659 post
1195 1588 1340 1638 hunc
1375 1587 1443 1638 ab
1481 1585 1667 1638 eodem
1703 1586 1841 1638 inter
1866 1588 2138 1640 missarum
2162 1589 2471 1659 sollempnia
2507 1610 2628 1642 cum
2664 1589 2791 1642 d-uo-

533 1676 703 1727 decim
741 1671 1102 1725 sacerdotibus
1142 1682 1192 1723 et
1229 1682 1428 1741 septem
1464 1669 1779 1722 diaconibus
1815 1682 1868 1722 et
1904 1670 2168 1723 sexdecim
2205 1672 2405 1724 clericis
2441 1672 2500 1724 in
2541 1673 2665 1735 sede
2701 1673 2793 1726 d'e-

533 1759 724 1815 collato
746 1797 759 1820 ,
800 1775 911 1808 non
947 1756 1156 1808 timeret
1191 1752 1439 1806 accedere
1476 1753 1543 1805 ad
1579 1753 1862 1826 papatum!
1893 1754 1995 1807 Sed
2030 1754 2211 1807 Sixtus
2245 1756 2540 1826 intrepidus
2561 1758 2789 1810 ‘accessit

534 1842 602 1894 ad
638 1840 1034 1912 pontificatum,
1075 1857 1186 1890 non
1223 1849 1285 1889 ut
1322 1855 1453 1888 auro
1498 1836 1722 1908 fulgeret
1758 1849 1810 1891 et
1845 1850 2022 1902 ostro,
2063 1858 2174 1890 non
2211 1850 2271 1890 ut
2315 1857 2513 1910 gemma
2550 1840 2786 1906 biberet,

533 1944 646 1977 non
682 1935 742 1975 ut
778 1921 1050 1975 candentis
1087 1921 1212 1991 equi
1250 1932 1399 1990 tergo
1435 1931 1743 1990 portaretur
1779 1921 2025 1991 supinus,
2062 1921 2152 1976 sed
2189 1933 2250 1973 ut
2285 1942 2386 1993 pro
2423 1942 2618 1993 sponsa
2648 1923 2794 1975 Chri·

535 2009 627 2071 sti,
659 2025 795 2078 quae
822 2018 899 2057 est
924 2005 1167 2068 ecclesia,
1196 2004 1407 2055 vinctus
1442 2003 1742 2054 traheretur
1767 2001 1834 2055 ad
1858 2016 2098 2057 mortem.
2128 2006 2319 2058 Nonne
2344 2006 2793 2077 operaepretium
2860 2063 2864 2065 ,

534 2103 586 2143 et
624 2092 909 2162 gloriosum
946 2100 1058 2141 erat
1094 2088 1194 2139 illis
1231 2087 1560 2158 temporibus
1608 2085 1786 2139 videre
1835 2087 2138 2140 Marcellum
2183 2089 2536 2160 compedibus
2576 2090 2792 2160 ligatum

531 2193 716 2227 vaccas
754 2173 1070 2244 mulgentem
1108 2171 1452 2236 Diocletiani,
1494 2181 1547 2223 et
1582 2188 1680 2241 per
1716 2170 1962 2240 epistolas
1997 2171 2283 2240 parochias
2314 2172 2626 2242 primatibus
2662 2171 2795 2224 divi-

534 2258 743 2311 dentem
763 2258 784 2308 P

642 2341 724 2393 56.
767 2338 972 2391 Nostris
1009 2357 1131 2390 vero
1167 2338 1496 2409 temporibus
1532 2337 1749 2410 quidam
1787 2355 1854 2389 ex
1890 2336 2144 2389 fratribus
2178 2338 2370 2389 nostris
2406 2338 2671 2408 episcopi,
2721 2338 2795 2391 ita

533 2422 686 2476 avide
720 2424 824 2474 hoc
861 2420 1183 2473 dominicum
1218 2421 1268 2472 si
1309 2440 1390 2473 vos
1425 2422 1691 2491 persecuti
1715 2420 1938 2489 fecerint
1977 2420 2035 2471 in
2082 2439 2197 2471 lma
2238 2420 2472 2483 civitate,
2508 2421 2693 2491 fugite
2733 2421 2793 2472 in

534 2507 738 2567 aliam,
784 2506 841 2557 in
867 2524 986 2557 arca
1010 2504 1185 2556 cordis
1216 2504 1539 2573 ligaverunt,
1574 2515 1635 2555 ut
1669 2503 1937 2555 brevicula
1961 2502 2106 2554 nube
2130 2514 2442 2573 prospecta,
2476 2515 2597 2555 ante
2634 2522 2795 2574 quam

523 2589 797 2660 'procellae
822 2588 1079 2658 incipiant
1104 2586 1370 2639 desaevire
1396 2587 1475 2638 vel
1510 2584 1817 2656 grandines,
1849 2584 1914 2637 de
1940 2585 2065 2655 fuga
2098 2585 2353 2656 incipiant
2384 2585 2611 2655 cogitare
2634 2625 2650 2648 ,
2682 2604 2796 2638 non

531 2673 684 2724 vacui
720 2672 977 2735 viatoreS,
1019 2670 1112 2722 sed
1149 2688 1280 2722 auro
1317 2670 1564 2732 honusti,
1607 2681 1658 2721 et
1694 2667 1814 2720 ideo
1852 2667 2037 2720 timidi.
2087 2668 2156 2719 Hi
2193 2668 2235 2718 si
2271 2668 2406 2720 forte
2442 2668 2671 2720 viderint
2716 2687 2797 2720 su-

533 2755 653 2808 dam
690 2755 874 2807 faciem
898 2754 1026 2806 caeli
1053 2754 1370 2816 nubescere,
1400 2751 1577 2805 videas
1603 2770 1693 2804 eos
1727 2751 1891 2804 maria
1926 2761 2278 2812 transmeare,
2319 2750 2462 2820 alpes
2499 2749 2674 2803 devias
2710 2770 2800 2803 su-

528 2843 748 2910 perare3,
799 2850 851 2889 et
899 2836 1185 2907 inpudenti
1230 2836 1401 2887 fronte
1448 2853 1558 2887 sese
1600 2835 1827 2887 emeritis
1871 2845 2226 2904 anteponere,
2271 2833 2405 2885 male
2447 2834 2797 2905 intelligentes

531 2922 923 3015 evangelicum;
965 2939 1077 2971 non
1114 2920 1254 2972 enim
1291 2918 1539 2971 omnibus
1576 2935 1674 2969 nec
1719 2917 1864 2969 omni
1907 2929 2146 2987 tempore
2182 2927 2258 2968 est
2295 2915 2628 2985 fugiendum.
2669 2918 2794 2983 Quo

205 3035 284 3099 {Ep‘
294 3032 483 3062 ccxxvm.
530 3024 600 3058 ne
637 3006 758 3076 quis
792 3003 974 3057 credat
1010 3005 1112 3055 hoc
1149 3001 1323 3055 meum
1359 3021 1498 3066 esse,
1527 3000 1677 3072 quod
1703 2999 1851 3065 dico,
1879 3000 2022 3052 beati
2046 2999 2376 3069 Augustini*
2402 3000 2733 3070 capitulum
2720 3020 2799 3052 in·

531 3087 808 3140 troducam
844 3087 912 3139 ad
948 3085 1204 3149 medium,
1246 3097 1297 3137 et
1333 3083 1465 3156 quid
1502 3083 1568 3136 de
1603 3083 1800 3139 talibus
1823 3084 2070 3147 senserit,
2100 3082 2297 3154 quidve
2322 3082 2626 3135 faciendum
2651 3083 2792 3136 iudi-

535 3173 757 3234 caverit,
786 3171 897 3222 eius
934 3168 1112 3222 audita
1148 3168 1509 3221 admonitione
1535 3186 1929 3238 cognoscamus.
1974 3166 2318 3218 «Recolimus
2351 3166 2512 3217 verba
2538 3165 2789 3218 dicentis:

536 3276 564 3304 ³>
605 3273 727 3306 cam
753 3265 932 3304 autem
952 3243 1338 3323 perseqzssentar
1358 3270 1441 3302 vos
1469 3252 1526 3304 in
1554 3253 1760 3303 civitate
1787 3252 1891 3303 ista
1905 3291 1923 3313 ,
1941 3252 2049 3321 fa„
2028 3251 2126 3301 «rite
2153 3250 2211 3302 in
2237 3250 2430 3301 aliam.
2460 3250 2594 3315 Quis
2619 3261 2795 3302 autem

537 3359 563 3386 2)
605 3335 784 3387 credat
821 3336 922 3386 hoc
960 3335 1030 3386 ita
1057 3335 1345 3386 Dominum
1370 3334 1485 3386 fie1i
1511 3335 1772 3397 voluisse,
1801 3344 1862 3385 ut
1886 3333 2177 3385 necessario
2203 3332 2515 3396 ministeriO,
2544 3332 2656 3384 sine
2682 3350 2797 3402 quo

538 3443 563 3469 >³
603 3420 779 3471 vivere
804 3429 1106 3488 nequeunt,
1137 3417 1451 3470 deserantur
1475 3435 1656 3487 greges
1681 3434 1818 3488 quos
1843 3433 1940 3487 suo
1967 3415 2221 3485 sanguine
2245 3413 2608 3484 comparavit?
2636 3413 2685 3465 N
2688 3432 2795 3464 um-

536 3524 563 3552 »
606 3500 741 3572 quid
776 3500 899 3552 fecit
924 3500 1026 3551 hoc
1050 3501 1163 3570 ipse
1188 3499 1407 3571 quando
1433 3499 1772 3571 portantibus
1796 3497 2107 3569 parentibus
2132 3497 2189 3548 in
2214 3495 2796 3567 Aegyptum'parvulus

536 3607 562 3635 ))
589 3583 776 3655 sugit?
800 3583 895 3654 qui
922 3601 1019 3634 nec
1045 3582 1171 3634 dum
1198 3583 1442 3635 ecclesias
1468 3592 1875 3653 congregaverat
1892 3622 1906 3646 ,
1934 3599 2066 3653 quas
2094 3580 2161 3632 ab
2187 3598 2251 3632 eo
2283 3579 2509 3632 desertas
2533 3578 2693 3630 fuisse
2717 3577 2789 3629 di-

540 3691 565 3717 »
607 3666 824 3719 camus?
860 3665 1136 3736 Numquid
1181 3665 1401 3736 quando
1448 3666 1720 3736 apostolus
1763 3664 1985 3730 Paulus,
2025 3682 2094 3716 ne
2129 3662 2279 3715 illum
2325 3659 2797 3733 comprehenderet

539 3774 564 3800 >›
603 3750 879 3813 inimicuS,
920 3767 1016 3819 per
1053 3747 1331 3799 fenestram
1372 3749 1430 3799 in
1463 3759 1649 3820 'sporta
1694 3749 1879 3800 missus
1923 3759 2037 3811 est,
2078 3758 2131 3800 et
2174 3746 2362 3817 effugit
2407 3763 2593 3797 manus
2638 3743 2790 3805 eiuS,

616 3871 648 3915 1)
661 3869 742 3907 Hoc
758 3867 984 3908 adamussim
998 3867 1100 3906 necis
1122 3876 1239 3915 genus
1254 3866 1431 3905 Bonizoni
1447 3871 1574 3907 nostro
1589 3866 1722 3915 obtigit
1736 3877 1803 3916 pro
1818 3867 1915 3905 iusta
1931 3865 2088 3914 legitimi
2106 3865 2251 3905 romani
2266 3863 2585 3903 Pontificis‘causa
2602 3859 2804 3908 pugnanti.
