2944 4426
275 482 302 501 v.
326 476 367 501 14.

283 1332 311 1352 v.
330 1328 373 1353 17.

288 1814 317 1835 v.
334 1811 377 1836 19.

147 1843 217 1872 cod.
236 1843 258 1872 s.
280 1847 324 1871 82.
345 1842 377 1875 b.

104 2249 117 2263 *
131 2245 380 2276 Mannxvme.

292 2659 325 2678 v.
338 2654 384 2679 23.

159 2686 228 2717 eod.
249 2686 270 2716 t.
291 2690 336 2715 83.
357 2694 385 2715 a.

418 218 484 264 30
1356 225 1359 227 ’
1444 232 1646 265 oumams

416 336 565 370 ταυτης
605 312 648 363 τὸ
685 311 916 377 μισὲωμα,
953 334 1042 367 την
1071 312 1324 368 κατάστασιν
1362 339 1507 384 ειρηκεν

414 388 537 440 αὐτῆς
556 423 569 446 ,
602 385 671 452 ἀφ’
700 407 749 439 τις
780 386 824 433 οὐ
853 389 1034 451 καθαραὶ
1066 407 1242 452 γινενται
1273 386 1508 453 προτευχαῖ.

483 453 542 505 T3
575 453 646 518 μὲν
683 455 876 505 διδάσκειν
910 454 1001 512 τοὺς
1030 454 1134 512 υἱεῦς
1158 479 1243 524 περι
1274 459 1413 524 ἀρετῆς
1445 482 1512 508 και

414 548 592 591 γνωσεως
629 548 669 574 τε
674 529 697 574 ῧ
727 529 860 586 θεον,
895 547 971 577 των
1007 526 1184 616 πατέρων
1221 527 1346 577 ἐστιν·
1386 525 1430 577 τὲ
1470 527 1513 578 63

415 616 553 683 σεφιαν
578 600 643 645 6:
604 619 710 645 υναι
733 600 812 651 τοῖς
835 619 975 655 παισι
1002 602 1071 646 τοῦ
1092 595 1220 666 κυρίου
1240 598 1315 656 iqi-
1342 621 1517 665 γυναικα

412 689 488 733 γαρ
512 669 681 718 ἐνταῦθα
706 686 791 720 την
804 689 943 734 σεφιαν
969 665 1088 735 λέγει·
1109 667 1299 760 ἐράσθητι
1323 668 1398 736 γάρ
1425 690 1515 736 φησι

414 741 487 792 τῆς
520 760 686 818 σοφιας,
720 761 786 787 και
814 760 968 805 τηρησει
993 760 1053 789 σε·
1080 736 1242 803 τιμησσν
1267 739 1415 800 αὐτην,
1446 741 1516 788 ἰ’να

416 831 458 858 σε
491 805 698 877 περιλάβῃ.
969 822 972 827 “

485 881 539 930 Αι
578 878 734 929 ε’ντολαι
757 918 770 941 .,
808 881 858 935 ὥς
896 879 992 946 πρὲς
1029 877 1101 944 μὲν
1139 877 1205 929 τόν
1253 879 1517 943 ἐντειλάμενον

415 947 538 1012 ἓεόν,
563 953 687 999 aaz?
647 973 779 1005 υνται
801 950 977 1001 ἐντελαι·
1002 953 1052 1006 ὤς
1085 947 1126 999 63
1150 948 1245 1017 πρός
1271 949 1338 1000 τόν
1362 948 1517 999 &dc—:dov-

419 1042 472 1070 τα
495 1025 580 1072 νσῧν
605 1023 644 1069 ἑν
669 1044 838 1081 αυταις,
863 1025 983 1070 καλέν
944 1043 1072 1072 υνται
1096 1019 1196 1069 ἅδοι·
1217 1044 1284 1068 και
1307 1044 1326 1069 0
1350 1018 1420 1084 μὲν
1447 1043 1519 1088 φυ-

416 1091 599 1152 λάσσων,
634 1095 738 1157 τηρεῖ
764 1094 803 1140 ἐκ
833 1089 1018 1141 &avoir-cv
1042 1088 1136 1156 πρὸς
1163 1089 1261 1146 ζωὴν
1289 1089 1358 1141 riv
1383 1089 1517 1155 ψυχὴν

420 1162 572 1212 ἑαυτοῦ·
606 1161 625 1210 3
659 1160 703 1210 63
735 1166 1010 1229 καταφρενῶν,
1044 1160 1113 1211 τὸν
1144 1161 1364 1229 ἀπέραντεν
1393 1158 1519 1210 Θάναι

422 1255 487 1282 τεν
518 1236 722 1282 θανεῖται.

519 1299 615 1353 Ἐπι
651 1322 722 1365 μεν
761 1305 837 1352 τῶν
872 1305 1077 1354 αἰσθητῶν
1115 1303 1239 1358 οὕτως
1286 1300 1385 1366 ἐ’χει·
1425 1304 1495 1353 ὅσα·
1498 1324 1518 1352 ν

418 1372 459 1423 63
497 1397 514 1421 o
551 1376 657 1427 ἥλιος
695 1377 764 1428 τῆς
803 1371 969 1427 σελήνης
1007 1370 1238 1440 ὖπερφυης,
1277 1376 1461 1424 τοσεῧτσν
1498 1397 1517 1423 o

419 1447 534 1493 ἐλεων
567 1440 653 1498 τοὺς
685 1445 724 1491 ἐν
757 1465 937 1508 πτωχειᾳ
973 1445 1119 1508 ἀρετῶν
1154 1466 1221 1492 και
1258 1441 1520 1507 ἀνακτωμενσς

417 1512 554 1569 αὐτους
586 1517 625 1562 ἐν
652 1512 814 1576 παιόειᾳ
843 1537 910 1562 και
944 1512 1133 1576 νουθεσίᾳ
1167 1535 1269 1581 κυρισ
1253 1536 1308 1562 υ·
1344 1512 1445 1578 ὂόμα
1477 1513 1520 1564 63

417 1582 564 1634 &adm
596 1587 650 1648 τῷ
678 1589 796 1649 θεῷ,
835 1606 908 1638 την
945 1583 1209 1651 καθαρότητα
1247 1607 1318 1640 της
1354 1583 1519 1653 καρδίας

417 1653 606 1720 ὠνᾶμασε·
627 1654 734 1704 κατὰ
752 1658 856 1704 ἀναλ
848 1677 971 1722 .ογιαν
994 1678 1073 1743 γαρ
1093 1678 1170 1711 rog
1193 1654 1391 1712 ἀπαθείας
1414 1657 1521 1720 ἡμῶν

419 1724 602 1782 καταξιὲ
565 1732 718 1789 υμεὲα
748 1749 925 1793 γνωσεως
958 1724 1031 1778 ὑπὸ
1065 1730 1134 1776 τσῧ
1164 1731 1278 1775 θεοῦ.

480 1797 538 1846 Ο
569 1796 672 1862 λέγει
704 1820 747 1847 τε
750 1822 781 1847 ιε
767 1795 878 1865 υτόν
911 1799 998 1847 ἐστι
1034 1818 1118 1863 περι
1154 1800 1228 1847 τῶν
1262 1819 1300 1845 εν
1338 1802 1395 1862 τῷ
1430 1795 1519 1861 βίῳ·

421 1866 497 1934 ἐγὼ
528 1866 568 1918 63
599 1865 769 1932 νομίζω,
803 1866 874 1920 τ’ἢν
906 1865 980 1931 μὲν
1017 1865 1164 1919 πολλὴν
1202 1865 1382 1949 ζημίαν,
1424 1866 1522 1918 στέ-

420 1962 527 2005 pro-nc
559 1961 751 2005 περιεχειν
782 1943 855 1994 τῆς
886 1937 1060 2006 ἓεωριας
1087 1942 1158 1988 τῶν
1191 1961 1279 2004 γεγ
1264 1959 1417 1988 ενστων·
1453 1961 1522 1991 την

422 2007 464 2058 63
497 2032 566 2078 πρε
551 2006 725 2062 offla-av
759 2033 828 2066 της
861 2012 1020 2074 ψυχῆς,
1055 2008 1274 2077 ἀφανισμόν
1304 2007 1381 2060 των
1406 2033 1524 2078 φυσι-

420 2084 496 2129 mxv
532 2103 628 2148 περι·
659 2085 757 2130 ἓεσυ
794 2081 873 2129 ἑννε
878 2084 974 2139 ιῶν,
1013 2080 1267 2132 παντάπασιν
1305 2083 1428 2137 αὐτῆς
1467 2103 1524 2136 εις

422 2149 586 2218 ἀλσγιαν
618 2170 935 2206 καταπεσσυσης·
973 2174 1043 2200 και
1075 2175 1092 2201 o
1129 2172 1261 2215 σωτηρ
1298 2149 1384 2200 63'
1372 2174 1412 2200 εν
1445 2157 1525 2206 τοῖς

425 2222 630 2289 εὖαγγελισ
634 2245 664 2276 ις
684 2222 819 2289 φησέ*·
843 2245 881 2271 τι
901 2222 1191 2307 ὠφεληθήσεται
1213 2222 1391 2288 ἄνθρωπε
1375 2246 1432 2283 ς,
1457 2220 1524 2271 ἐὰν

425 2290 493 2342 r3v
524 2291 646 2355 κὲσμσ
634 2315 669 2341 ν
703 2295 794 2341 ἕλεν
826 2290 991 2360 κερδήσῃ
1014 2331 1027 2353 .,
1063 2315 1135 2346 την
1167 2292 1209 2342 δὲ
1241 2296 1370 2357 ψυχῆν
1403 2295 1525 2342 αὔτεῧ

423 2362 595 2429 ἀπολέσῃ
626 2387 694 2412 και
725 2368 940 2429 ζημιωθῇς
976 2366 1159 2413 ἐνταῦθα
1189 2387 1214 2416 η
1244 2364 1422 2414 ἀπώλεια
1455 2386 1525 2414 την

426 2432 584 2499 ἄγνοιαν
618 2456 808 2497 σωματων
845 2457 913 2482 και
943 2433 1162 2498 ἀσωματων
1203 2432 1393 2502 ἐμφαίνει·
1426 2457 1451 2486 τι
1484 2433 1526 2482 δὲ

425 2501 547 2568 ζημια
568 2543 580 2565 ‚
616 2503 686 2553 ἰ’-ἓν
719 2501 891 2568 ἐσχάτην
926 2502 1088 2571 αλσγιαν
1121 2527 1366 2572 περιστησιν.

498 2648 553 2694 Εἰ
590 2644 709 2733 φέβος
746 2667 848 2711 nupt:
833 2669 874 2694 υ
911 2648 970 2701 εἰς
1007 2645 1107 2703 ζωην
1144 2646 1253 2712 ἆνόρι
1276 2686 1289 2706 .,
1329 2645 1424 2716 φόβε
1432 2670 1448 2702 ς
1489 2646 1525 2697 63

428 2713 557 2782 nup'wu
588 2739 632 2765 σε
618 2738 705 2783 φια
735 2738 800 2765 και
833 2715 1015 2780 παιδεια,
1038 2740 1064 2768 η
1089 2715 1169 2774 ζωη
1196 2722 1262 2769 τοῦ
1286 2717 1468 2785 ἀνδρὸς
1450 2740 1531 2784 αρα

432 2785 574 2855 σεφῖα·
591 2785 675 2837 ἐστι
710 2810 777 2835 και
812 2785 988 2838 παιδεία·
1028 2785 1073 2837 ro*
1110 2783 1175 2837 οὐν
1211 2793 1362 2855 γνῶναι
1390 2810 1530 2877 σσφιαν

430 2880 493 2906 και
525 2855 733 2917 παιδειαν
765 2862 905 2922 γνῶναι
938 2855 1028 2909 ἐστι.
1057 2856 1125 2908 τὸν
1158 2858 1334 2928 Xpwr3v
1363 2883 1433 2910 και.
1461 2881 1532 2912 την

431 2931 551 2978 αὐτεῧ
584 2926 863 2992 ὂιδασκαλιαν
896 2929 914 2978 3
943 2951 1007 2978 συν
1041 2929 1168 3018 o'c'qxssj
1150 2954 1214 2990 υς,
1248 2931 1361 2982 ἔσται
1393 2952 1435 2980 εν
1459 2953 1534 2979 κα-

429 3022 494 3060 κιᾳ
524 3022 592 3047 και
627 2994 805 3064 ἅγνωσιᾳ
826 3038 838 3059 .,
874 3001 913 3048 ἐν
946 3024 1015 3055 αις
1048 3004 1114 3049 οὐκ
1144 3022 1255 3051 εστιν
1287 3025 1307 3051 o
1342 2999 1530 3068 Χριστος·

433 3072 466 3118 εἶ
499 3064 563 3118 εὐν
598 3073 636 3118 ἐν
668 3068 785 3118 κακία
816 3093 883 3119 και
916 3069 1090 3135 ἀγνωσία
1127 3075 1302 3131 ζωντες,
1341 3073 1409 3121 ου’ν.
1447 3075 1534 3123 ἐπ’·

432 3137 574 3190 σκέπτε
579 3162 666 3188 νται
702 3142 741 3187 ἐν
774 3143 908 3195 αὐτοις
939 3139 1008 3191 τὸν
1041 3139 1136 3208 ςόβε
1141 3165 1160 3189 ν
1199 3147 1269 3192 τεῧ
1298 3132 1396 3192 Ξεσῧ
1419 3180 1431 3201 ,
1469 3165 1534 3192 και

435 3208 479 3258 τό
519 3210 626 3265 ὲλεσς
659 3212 717 3260 ἐπ’
755 3210 909 3264 ἔαυτοις
942 3234 997 3273 μη
1031 3210 1272 3301 timemu-
1307 3211 1394 3262 ςυόὲ
1431 3220 1536 3280 Χρι-

438 3278 535 3335 στός
568 3282 675 3330 ἐστιν
709 3283 747 3329 ἐν
782 3283 917 3335 αὐτοῖς
941 3319 952 3340 ,
987 3279 1100 3349 παρὰ
1130 3280 1176 3332 ro*
1205 3306 1262 3347 μη
1293 3282 1431 3332 ,θέλειν
1465 3286 1537 3332 αὐ-

439 3372 550 3405 τους.

509 3423 560 3470 O
592 3444 648 3483 μη
680 3421 809 3486 σ’ρὲὦς
842 3420 974 3484 βιους,
1007 3444 1163 3489 κρυπτει
1190 3426 1229 3472 ἐν
1261 3447 1310 3492 τῃ
1334 3428 1444 3489 ψυχῇ
1468 3425 1538 3472 αὖ·

440 3494 508 3540 τσῧ
541 3488 612 3545 τὰς
643 3512 780 3554 χειρας
813 3491 958 3549 αόικως
980 3532 992 3554 ,
1027 3516 1097 3545 την
1137 3495 1279 3544 ἑαυτου
1312 3500 1385 3561 stne
1422 3492 1540 3562 ἔργα·

441 3568 597 3612 coccam
629 3585 684 3625 μη
717 3561 952 3626 βευλᾶμενερ
915 3601 979 3624 ε,
1017 3587 1202 3616 τσυτεστι
1240 3563 1285 3616 τὸ
1320 3585 1451 3630 σωμα·
1484 3588 1541 3628 μη

442 3630 485 3680 63
518 3635 802 3721 ἐμπλησθῆναι
834 3634 962 3698 ἄρτων
1002 3641 1192 3700 ψυχικῶν·
1235 3636 1279 3686 αἶ
1309 3659 1384 3702 γαρ
1417 3657 1542 3701 πρακ-

441 3726 546 3753 τικαι
578 3700 739 3770 ἀρεται,
766 3725 903 3770 χειρων
936 3704 1005 3768 ’ἔχε
991 3729 1072 3755 υσι
1098 3705 1188 3773 λέγε
1192 3729 1240 3768 ν,
1264 3710 1306 3756 αἶ
1333 3706 1400 3758 τὸν
1425 3706 1568 3773 ἄρτον*

441 3776 496 3836 τῷ
528 3796 698 3831 στοματι
731 3773 840 3837 ἦμων
878 3774 1172 3843 ωρεσφέρσυσαι
1196 3816 1208 3838 ,
1243 3776 1312 3828 τὸν
1352 3775 1428 3828 ἀπὸ
1467 3798 1542 3827 των

1578 321 1643 364 ius
1665 319 1929 375 mercedem,
1956 320 2062 365 dixit
2090 320 2279 383 eiusdem
2302 319 2602 376 auhstamiam‚
2629 333 2683 365 ex

1579 404 1665 447 qua
1696 404 1783 434 non
1813 405 1944 448 purae
1974 392 2083 436 fiunt
2118 391 2366 439 oblationes.

1642 464 1807 506 Docere
1839 464 1996 507 liberos
2030 465 2224 507 virtutem
2267 468 2309 506 et
2342 464 2536 523 notitiam
2572 465 2678 518 Dei,

1586 539 1810 589 parentum
1830 534 2020 578 officium
2052 540 2131 578 est.
2156 535 2235 578 Sed
2268 535 2516 590 sapientiam
2539 531 2687 590 pueris·

1585 605 1729 648 indere
1745 638 1757 659 ,
1784 607 1956 648 Domini
1986 611 2062 650 est.
2087 608 2193 650 Nam
2218 607 2437 650 mulierem
2465 607 2561 649 heic
2580 607 2686 649 dicit

1587 676 1847 730 sapientiam.
1873 679 1980 719 Ama
1995 710 2007 732 ,
2030 678 2192 733 inquit,
2219 678 2466 733 sapientiam
2481 709 2492 731 ,
2519 681 2560 719 et
2583 676 2693 719 con·-

1588 747 1775 790 servabit
1794 752 1858 790 te:
1884 749 2052 791 honora
2076 762 2167 792 eam
2185 782 2197 804 ,
2220 754 2270 792 ut
2291 754 2335 792 te
2357 750 2694 805 complectatur„

1646 890 1877 944 Praecepta
1891 894 2096 944 quatenus
2115 894 2214 931 sunt
2227 902 2252 933 a
2271 892 2556 946 praecipiente
2573 893 2683 945 De0‚

1589 960 1650 1003 ita
1687 960 1982 1015 appellantur:
2026 964 2236 1015 quatenus
2272 973 2375 1003 vero
2419 963 2578 1004 mentis—
2607 963 2697 1006 iter·

1590 1031 1803 1085 dirigunt,
1847 1030 1941 1072 viae
1983 1030 2200 1073 dicuntur.
2248 1030 2331 1084 Qui
2359 1031 2442 1073 illa·
2473 1032 2686 1086 custodit,

1590 1106 1729 1144 servat
1759 1101 1942 1143 animam
1973 1113 2095 1143 suam
2125 1101 2180 1144 de
2202 1105 2340 1144 morte
2360 1099 2415 1144 ad
2434 1102 2589 1145 vitam:
2613 1104 2690 1158 qui

1592 1173 1851 1227 contemnit,
1885 1177 2099 1214 aeternam
2129 1176 2316 1215 mortem
2344 1173 2547 1215 incurret.

1651 1319 1702 1361 In
1722 1317 1850 1360 rebus
1872 1316 2044 1372 quidem
2066 1316 2338 1360 sensibilibus
2352 1317 2414 1359 ita
2432 1316 2496 1360 fit.
2521 1318 2698 1371 Quanto

1592 1388 1658 1431 sol
1687 1388 1790 1437 luna
1817 1388 2105 1443 praestantior
2121 1420 2133 1442 ,
2167 1391 2289 1430 tanto
2312 1392 2497 1443 praestat
2525 1389 2597 1432 ille
2618 1391 2698 1445 qui.

1593 1458 1824 1525 virtutibus
1853 1458 2004 1514 inopes
2034 1459 2259 1501 miseratur
2275 1491 2287 1513 ,
2319 1471 2511 1502 recreans
2531 1472 2605 1503 eos
2628 1460 2692 1503 di-

1593 1529 1768 1585 sciplina
1812 1533 1855 1571 et
1896 1529 2069 1571 monitis
2106 1529 2298 1572 Domini:
2330 1530 2502 1572 Donum
2548 1535 2694 1574 autem

1593 1602 1684 1644 Deo
1718 1600 1910 1643 oblatum
1927 1633 1939 1655 ,
1975 1601 2079 1643 dicit
2112 1599 2254 1647 cordis
2283 1601 2552 1645 munditiem.
2586 1604 2693 1646 Nam

1592 1686 1673 1728 pro
1704 1677 1797 1715 rata
1825 1678 1948 1727 parte
1977 1672 2246 1716 innocentiae
2275 1677 2447 1716 nostrae
2466 1704 2478 1728 ‚
2521 1675 2699 1718 scientia

1597 1743 1809 1787 donamur
1840 1756 1865 1786 a
1895 1745 2004 1786 Deo.

1655 1815 1780 1868 Quod
1804 1814 1906 1857 dicit
1924 1828 1937 1868 ‚¹
1956 1815 2013 1857 ita
2033 1827 2181 1869 reapse
2204 1815 2247 1856 in
2268 1814 2416 1857 mundi
2438 1815 2566 1858 rebus
2588 1828 2695 1859 oon-

1596 1887 1739 1940 tingit.
1763 1887 1854 1941 Ego
1878 1898 1980 1928 vero
1998 1885 2220 1940 existimo,
2244 1897 2372 1940 grave
2388 1885 2559 1941 quidem
2575 1885 2695 1931 dam-

1596 1971 1724 2010 num,
1775 1956 1955 2011 intelligi
1997 1957 2278 2012 privationem
2319 1957 2508 1999 notionis
2548 1970 2694 2023 eornm

1598 2042 1705 2084 quae
1735 2029 1871 2071 fiunt:
1905 2029 2069 2071 animae
2093 2041 2194 2071 vero
2215 2027 2486 2072 traditionem
2504 2059 2516 2082 ‚
2540 2028 2697 2072 obscu—

1597 2101 1806 2143 rationem
1838 2113 1926 2143 esse
1957 2099 2216 2143 naturalium
2246 2098 2299 2142 de
2319 2100 2411 2142 Deo
2434 2099 2662 2149 notionum
2681 2130 2694 2154 ‚

1600 2185 1697 2214 eum
1726 2172 1868 2214 anima
1897 2172 1943 2213 in
1973 2170 2261 2214 omnimodam
2290 2170 2502 2213 vesaniam
2529 2170 2700 2213 incidit,

1599 2242 1792 2284 Salvator
1823 2252 1998 2297 quoque
2028 2242 2074 2283 in
2104 2241 2330 2296 evangeliis
2349 2242 2437 2284 ait:
2462 2241 2567 2296 quid
2589 2254 2698 2297 pro-

1600 2313 1708 2356 derit
1738 2313 1928 2366 homini,
1971 2313 2005 2354 si
2040 2313 2285 2354 universum
2324 2312 2532 2355 mundum
2560 2311 2699 2355 luere-

1599 2388 1670 2426 t-ur
1687 2417 1698 2438 ,
1732 2384 1907 2426 animae,
1926 2396 2030 2425 vero
2060 2396 2159 2426 suae
2190 2382 2356 2425 exitiale
2398 2383 2699 2425 detrimentum

1601 2455 1818 2511 patiatur?
1849 2455 1943 2497 Hoc
1964 2455 2060 2497 loco
2085 2454 2270 2510 perditio
2290 2455 2572 2509 ignorantiam
2601 2467 2705 2497 eor--

1601 2527 1815 2582 poralium
1852 2526 2282 2582 incorporaliumque·
2317 2537 2460 2567 rerum
2491 2525 2667 2568 denotat
2685 2540 2698 2566 t

1603 2597 1900 2640 detrimentum
1918 2630 1929 2651 ‚
1963 2601 2191 2639 extremam
2213 2597 2424 2638 vesaniam
2459 2595 2681 2651 significat.

1661 2668 1703 2711 Si
1730 2670 1859 2711 timor
1889 2668 2064 2711 Domini
2095 2667 2151 2711 ad
2176 2668 2310 2710 vitam
2336 2668 2430 2710 viro
2452 2672 2540 2721 est'3
2569 2668 2700 2709 timor

1603 2745 1746 2783 aut-em
1762 2739 1935 2782 Domini
1954 2740 2157 2795 sapientia
2177 2743 2218 2781 et
2239 2738 2487 2794 disciplina;
2511 2739 2710 2794 sequitur

1604 2816 1652 2854 ut
1682 2812 1770 2854 vita
1802 2811 1879 2857 viri
1910 2812 1964 2853 sit
1997 2811 2204 2866 sapientia
2233 2823 2282 2852 ac
2312 2809 2548 2865 disciplina.
2588 2811 2702 2864 Ergo

1605 2896 1730 2926 nosse
1759 2883 2004 2938 sapientiam
2037 2895 2086 2924 ae
2109 2881 2375 2937 disciplinam
2393 2912 2405 2935 ‚
2429 2881 2542 2924 idem
2572 2885 2635 2924 est
2655 2893 2711 2924 ao

1606 2967 1730 2997 nosse
1763 2954 1979 2996 Christum
2009 2953 2183 3008 eiusque
2215 2952 2470 2995 doctrinam.
2497 2952 2580 3004 Qui
2602 2963 2707 3006 ergo

1607 3026 1697 3069 sine
1728 3026 1806 3067 Dei
1835 3025 1990 3067 timore
2020 3028 2108 3078 est,
2130 3024 2175 3066 in
2197 3024 2387 3079 nequitia
2408 3028 2450 3066 et
2463 3022 2708 3078 ⁶ignorantia

1607 3096 1848 3139 versabitur
1861 3128 1873 3150 ,
1892 3087 1935 3138 i'n
1955 3096 2110 3150 quibus
2134 3099 2249 3138 certe
2266 3095 2456 3138 Christus
2477 3107 2564 3137 non
2587 3089 2711 3137 eoni-

1608 3171 1813 3210 moratur.
1848 3167 1986 3220 Igitur
2016 3167 2090 3221 qui
2112 3167 2156 3209 in
2179 3167 2369 3221 nequitia
2397 3170 2440 3208 et
2469 3166 2714 3220 ignorantia

1610 3238 1788 3291 vivunt,
1806 3250 1895 3279 non
1914 3237 2278 3280 animadvertunt'
2268 3250 2313 3279 in
2332 3249 2375 3279 se
2390 3237 2587 3279 timorem
2607 3236 2703 3288 Dei,

1610 3321 1766 3376 neque
1780 3308 2118 3350 misericordiam
2147 3308 2238 3350 eins
2268 3307 2350 3350 sibi
2383 3310 2586 3362 sperant;
2628 3318 2706 3347 ne-

1612 3392 1695 3436 que
1726 3380 1916 3423 Christus
1936 3380 1989 3422 in
2019 3379 2078 3421 eis
2108 3383 2196 3431 est,
2233 3379 2335 3434 quia
2365 3378 2447 3433 ipsi
2476 3377 2646 3420 nolunt.

1672 3451 1753 3504 Qui
1786 3454 1901 3493 recte
1921 3463 2010 3492 non
2027 3450 2164 3503 vivit,
2190 3461 2337 3492 manus
2353 3449 2398 3491 in
2428 3447 2602 3503 propria
2619 3447 2709 3489 ani-

1613 3536 1681 3567 ma
1709 3522 1931 3567 abscondit
1949 3523 2125 3576 iniuste,
2146 3526 2304 3564 terram
2325 3532 2443 3564 suam
2461 3518 2608 3561 nolens
2635 3532 2709 3561 ex-

1615 3595 1755 3636 colere
1772 3625 1784 3647 ,
1803 3594 1849 3636 id
1872 3598 1942 3636 est
1957 3606 2115 3648 eorpus
2128 3624 2143 3647 ‚
2162 3597 2300 3647 neque
2321 3589 2578 3647 spiritalibus
2596 3594 2711 3632 satu-

1615 3666 1700 3708 rari
1716 3664 1911 3720 panibus.
1940 3666 2047 3707 Nam
2069 3663 2280 3720 practicae
2306 3663 2482 3704 virtutes
2507 3673 2710 3709 manuum

1615 3738 1760 3778 tenent
1775 3735 1984 3778 rationem
2000 3766 2012 3789 ‚
2043 3746 2201 3790 eaeque
2218 3745 2367 3788 panem
2385 3731 2450 3772 ori
2466 3735 2613 3773 nostro
2631 3731 2710 3774 ad-

1617 3812 1814 3861 movent,
1845 3819 1997 3865 panem
2023 3807 2196 3861 inquam
2225 3802 2368 3859 quide
2389 3803 2503 3865 caelo
2532 3802 2709 3846 descen·
