2996 4432
1043 238 1213 271 connis
1246 236 1484 271 mvasoaas
1517 237 1614 271 mc.
1651 239 1739 272 Lm.
1777 238 1842 272 xv.
2485 224 2572 272 113

319 342 412 390 est,
444 344 596 379 vocem
628 330 830 376 adversus
866 325 1068 368 maiorem
1095 330 1197 368 natu
1236 338 1322 368 non
1354 323 1507 367 habeat
1529 324 1775 368 accusandi.
1798 345 1815 362 υ
1862 325 1977 368 Felix
2011 338 2138 380 papa.
2177 344 2192 361 «ι
2217 325 2581 370 Excommunicati

319 407 559 452 nullatenus
592 402 648 447 ad
677 398 985 445 accusationem
1017 397 1086 439 vel
1115 397 1404 440 testimonium
1438 399 1536 438 sunt
1567 395 1833 440 admittendi.
1869 397 1981 440 Nulli
2018 397 2164 440 infami
2193 398 2317 440 liceat
2352 397 2579 441 adversum

320 478 567 533 religiosum
595 472 873 518 christianum
902 468 1188 511 testimonium
1208 467 1347 511 dicere
1364 497 1377 520 ,
1405 465 1472 509 vel
1497 467 1688 522 qualibet
1710 463 1875 510 actione
1902 468 2120 522 impetere.
2146 488 2161 504 υ
2196 469 2415 511 Cornelius
2446 482 2572 525 papa.

328 567 346 584 ι
368 548 647 603 purgationes
679 553 784 597 quas
815 543 956 595 patres
989 540 1033 581 in
1064 539 1253 582 conciliis
1283 541 1547 591 statuerunt,
1579 538 1659 579 nisi
1691 538 1775 580 ima
1805 538 1968 581 ratione
2002 538 2215 582 rimandae
2250 544 2380 594 suut,
2414 545 2457 583 et
2489 553 2576 584 nou

323 632 405 676 pro
438 618 612 662 crimine
643 613 698 656 ab
731 612 876 667 aliquo
905 610 1025 653 illato
1053 611 1296 653 facinoroso
1322 609 1416 651 fieri
1446 612 1810 650 consueverunt.»

442 692 487 733 9.
518 689 568 730 In
597 683 779 728 concilio
809 682 985 725 nicaeno
1016 682 1082 734 (11)
1109 693 1204 736 cap.
1237 680 1424 723 ·XXVIl·
1455 678 1650 721 «Nullum
1675 678 1878 722 iudicium
1909 680 1987 722 nisi
2020 680 2264 723 ordinaliter
2291 681 2486 724 habitum
2514 687 2577 726 te·

326 765 477 806 nentur
494 789 507 812 ,
540 768 679 811 neque
706 756 752 797 in
778 767 824 797 re
855 753 984 796 dubia
1012 757 1127 795 certa
1156 750 1366 794 iudicetur
1394 750 1614 793 sententia.
1638 769 1653 785 υ
1681 750 1885 792 Damasus
1907 764 2017 806 papa
2049 751 2100 794 de
2131 751 2280 794 ordine
2301 753 2576 798 iudiciorum.

329 852 347 869 .
367 828 582 875 canonica
612 827 778 870 vocatio
811 826 908 868 loco
937 829 980 867 et
1011 835 1201 878 congruo
1229 827 1448 877 tempore:
1474 832 1552 876 per
1584 833 1628 862 se
1649 821 1734 863 sint
1755 825 1883 863 testes
1899 853 1912 875 ,
1939 835 2014 876 per
2042 835 2087 864 se
2107 828 2370 866 accusatores
2388 857 2399 878 ‚
2427 837 2504 879 per
2533 838 2580 868 se

323 901 538 952 accusati,
571 911 649 954 per
681 910 724 940 se
760 896 947 950 iudices3
979 895 1182 950 quoniam
1209 894 1365 936 saeculi
1392 892 1639 947 leges‘haec
1662 891 1808 934 eadem
1843 893 2041 935 retinent.
2062 912 2077 928 ι»
2113 894 2301 949 Pelagius
2330 896 2371 937 in
2400 909 2479 938 suo
2506 910 2578 940 re-

320 973 455 1028 gistro
487 969 722 1013 introducit
748 969 1030 1022 Augustinum
1059 966 1119 1007 ita
1152 963 1421 1006 definientem
1451 962 1633 1005 schisma
1665 962 1708 1004 in
1739 962 1914 1017 epistola
1942 963 1996 1005 ad
2029 964 2293 1006 Valerianum
2323 968 2546 1020 patricium
2565 1001 2577 1023 ,

321 1044 434 1086 iuter
460 1046 615 1085 cetera.
660 1059 678 1076 «
699 1039 803 1082 Vide
833 1043 977 1082 utrum
1005 1035 1259 1080 schismatici
1286 1046 1376 1077 nou
1402 1035 1515 1087 sint,
1548 1033 1623 1088 qui
1653 1046 1698 1075 se
1723 1033 1776 1075 ab
1820 1034 2147 1076 eminentissima
2173 1039 2216 1077 et
2245 1037 2581 1083 manifestissima

322 1113 576 1157 auctoritate
609 1106 937 1167 apostolicarum
970 1107 1134 1151 sedium
1163 1106 1462 1162 separaverint.
1496 1104 1694 1160 Quisquis
1723 1116 1824 1159 ergo
1854 1104 1909 1146 ab
1934 1105 2174 1159 apostolicis
2205 1105 2363 1149 divisus
2385 1114 2447 1151 est
2473 1110 2581 1153 sedi-

320 1186 403 1229 bus
419 1217 431 1240 ,
458 1183 690 1227 secundum
710 1183 833 1225 istam
859 1180 971 1224 beati
991 1178 1215 1233 Augustini
1239 1176 1489 1220 sententiam
1505 1206 1517 1229 ‚
1545 1177 1588 1217 in
1621 1175 1842 1217 schismate
1866 1187 1954 1217 esse
1975 1189 2061 1218 non
2089 1175 2267 1218 dubium
2297 1183 2359 1220 est
2376 1210 2387 1231 ,
2413 1185 2455 1222 et
2475 1193 2580 1223 con-

320 1262 387 1300 tra
405 1255 684 1302 universalem
710 1253 930 1296 ecclesiam
960 1252 1090 1294 altare
1109 1248 1319 1305 probatur
1347 1248 1525 1301 erigere.
1555 1246 1637 1289 Sed
1665 1246 1770 1302 quid
1799 1245 1851 1288 de
1871 1246 2025 1288 talibus
2052 1247 2215 1289 miseris
2243 1248 2581 1294 chalcedonensis

318 1326 512 1384 synodus
543 1325 798 1377 constituat,
826 1323 960 1379 gloria
994 1325 1132 1364 vestra
1163 1318 1429 1371 consideret,
1453 1317 1529 1359 ubi
1557 1321 1655 1372 post
1678 1317 1760 1359 alia
1791 1318 1850 1359 sic
1878 1316 2007 1359 dicit:
2032 1319 2108 1374 qui
2127 1332 2151 1361 a
2185 1323 2480 1364 communione
2511 1335 2579 1365 ec·-

321 1398 470 1441 clesiae
498 1399 631 1438 semet
657 1396 795 1451 ipsum
825 1392 1068 1449 suspendit,
1094 1396 1137 1434 et
1167 1390 1365 1434 collectas
1393 1390 1522 1439 facit,
1557 1393 1599 1432 et
1629 1389 1761 1432 altare
1792 1390 2033 1441 constituit,
2064 1394 2106 1432 et
2128 1390 2264 1432 noluit
2293 1393 2463 1434 vocanti
2485 1394 2579 1448 epi-

318 1481 454 1524 scopo
485 1468 751 1519 consentire,
783 1471 827 1508 et
856 1464 995 1508 noluit
1025 1462 1161 1506 eidem
1191 1462 1454 1517 acquiescere
1483 1472 1622 1515 neque
1652 1460 1920 1513 consentire,
1953 1463 1995 1502 et
2024 1461 2143 1515 prius
2180 1474 2229 1504 ac
2267 1463 2453 1505 secundo
2494 1476 2576 1506 vo-

318 1541 459 1594 canti3
484 1540 598 1582 hunc
627 1539 802 1581 omniuo
833 1535 1051 1588 damnari,
1075 1547 1151 1576 nec
1171 1546 1356 1589 unq-uam
1382 1532 1446 1574 vel
1468 1533 1701 1575 orationem
1724 1532 1899 1583 mereri,
1925 1543 2001 1572 nec
2024 1532 2211 1586 recipere
2234 1545 2330 1575 eum
2353 1546 2475 1588 posse
2498 1534 2580 1577 ho-

318 1622 484 1654 norem.
518 1609 562 1652 Si
591 1610 702 1652 enim
733 1606 1007 1663 permanserit
1034 1603 1182 1648 turbas
1211 1605 1367 1647 faciens
1397 1608 1441 1645 et
1468 1603 1696 1645 seditiones
1719 1602 1918 1644 ecclesiae
1935 1634 1947 1656 ,
1973 1615 2050 1656 per
2072 1608 2308 1646 extraneam
2332 1610 2582 1659 potestatem

317 1688 539 1738 tamquam
568 1680 815 1723 seditiosum
845 1677 1112 1732 comprimi.»
1142 1678 1191 1718 In
1212 1676 1395 1719 concilio
1424 1674 1693 1717 antiocheno.
1723 1692 1739 1708 «
1757 1674 1799 1716 Si
1825 1675 1917 1728 quis
1939 1673 2159 1730 presbyter
2178 1680 2248 1717 aut
2270 1676 2470 1718 diaconus
2492 1680 2583 1732 epi-

317 1759 499 1810 scopum
527 1752 751 1808 proprium
779 1754 1055 1793 contemnens
1073 1779 1086 1802 ‚
1118 1761 1162 1791 se
1194 1747 1247 1790 ab
1279 1747 1452 1790 ecclesia
1479 1745 1833 1800 sequestraverit,
1874 1749 1915 1786 et
1951 1757 2138 1787 seorsum
2175 1747 2404 1800 colligens,
2446 1748 2580 1791 altare

320 1824 615 1876 constituerit,
649 1826 692 1865 et
721 1820 1010 1864 commonenti
1038 1820 1238 1876 episcopo
1269 1831 1358 1861 non
1388 1817 1671 1872 acquieverit,
1710 1829 1788 1866 nec
1818 1818 2055 1859 consentire
2090 1817 2157 1858 vel
2189 1818 2362 1860 obedire
2399 1820 2582 1862 voluerit

318 1895 449 1938 semel
478 1899 521 1937 et
550 1896 703 1937 iterum
733 1891 932 1944 vocanti,
965 1891 1034 1933 hic
1072 1890 1297 1934 damnetur
1335 1887 1606 1942 omnimode,
1639 1900 1716 1929 nec
1754 1887 1930 1930 ulterius
1965 1888 2196 1930 remedium
2234 1895 2532 1944 consequatur.
2558 1911 2574 1927 υ

318 1967 428 2009 Item
456 1965 500 2007 in
530 1964 697 2007 eodem.
736 1982 753 1999 «
772 1964 813 2005 Si
843 1962 938 2017 quis
967 1973 994 2003 a
1022 1961 1200 2016 proprio
1232 1961 1433 2017 episcopo
1466 1960 1763 2004 communione
1793 1959 1984 2014 privatus
2015 1964 2102 2012 est,
2135 1973 2221 2002 non
2252 1965 2347 2002 ante
2384 1962 2583 2018 suscipia-

316 2041 389 2079 tur
417 2036 470 2078 ah
501 2036 618 2089 aliis,
651 2046 781 2090 quam
809 2045 888 2075 suo
918 2031 1210 2075 reconcilietur
1239 2031 1462 2087 episcopo.
1494 2031 1610 2074 Haec
1641 2034 1782 2072 autem
1813 2029 2005 2085 defi-nitio
2037 2036 2204 2074 maneat
2234 2033 2346 2074 circa
2375 2033 2507 2075 laicos
2539 2038 2583 2076 et

317 2107 594 2163 presbyteros
624 2110 667 2148 et
697 2104 900 2147 diaconos
930 2114 1160 2157 omnesque
1190 2102 1266 2158 qui
1294 2102 1374 2144 sub
1405 2102 1552 2156 regula
1582 2113 1671 2144 esse
1701 2106 2004 2144 monstrantur.
2029 2121 2045 2138 ι»
2073 2103 2306 2158 Cyprianus
2328 2104 2371 2145 in
2404 2105 2583 2159 epistola

318 2178 375 2221 ad
404 2178 677 2233 Stephanum.
716 2194 733 2212 α
752 2175 792 2218 Si
823 2176 897 2231 qui
927 2174 1163 2230 presbyteri
1194 2174 1260 2219 vel
1289 2172 1488 2227 diaconi,
1520 2173 1589 2216 vel
1618 2174 1662 2215 in
1692 2172 1867 2215 ecclesia
1898 2173 2107 2216 catholica
2136 2175 2253 2228 prius
2276 2175 2458 2217 ordinati
2489 2177 2582 2218 fue-

318 2250 436 2300 rint,
469 2253 512 2291 et
542 2253 740 2304 potremo
771 2245 926 2302 perfidi
954 2245 1133 2288 rebelles
1163 2246 1380 2288 extiterint
1410 2249 1560 2287 contra
1590 2245 1829 2298 ecclesiam,
1863 2244 1930 2286 vel
1960 2244 2074 2300 apud
2105 2245 2334 2288 haereticos
2365 2260 2389 2288 a
2418 2247 2581 2302 pseudo

316 2320 528 2376 episcopis
558 2323 601 2361 et
630 2318 886 2360 antichristis
905 2347 916 2369 ‚
949 2322 1100 2359 contra
1131 2317 1287 2359 Christi
1318 2317 1660 2372 dispositionem,
1686 2316 1863 2372 profana
1884 2316 2151 2359 ordinatione
2175 2318 2360 2372 promoti
2389 2323 2515 2372 sunt,
2538 2323 2581 2361 et

316 2395 468 2434 contra
499 2390 628 2433 altare
657 2401 781 2431 suum
811 2392 939 2443 atque
958 2387 1102 2430 diviua
1122 2387 1329 2431 sacrificia
1345 2420 1358 2442 ,
1380 2388 1485 2430 falsa
1508 2393 1549 2430 et
1580 2389 1782 2441 sacrilega
1813 2387 1969 2430 offerre
2002 2389 2141 2430 conati
2165 2394 2261 2430 sunt
2277 2420 2288 2441 ,
2316 2401 2388 2431 eos
2408 2402 2582 2444 quoque

317 2460 399 2502 hac
429 2460 674 2503 conditione
702 2459 859 2515 suscipi
887 2472 985 2501 cum
1007 2462 1279 2502 revertuntur
1295 2489 1307 2512 ‚
1332 2463 1382 2501 ut
1402 2459 1715 2501 communicent
1736 2458 1877 2512 laicis;
1903 2463 1943 2501 et
1964 2460 2063 2501 satis
2085 2459 2262 2502 habeant
2287 2460 2404 2515 quod
2428 2461 2581 2503 admit-

317 2533 468 2572 tuntur
498 2529 553 2572 ad
583 2542 758 2585 pacem,
791 2530 866 2585 qui
896 2530 1009 2585 pacis
1037 2530 1186 2573 hostes
1215 2529 1408 2585 fuerunt:
1443 2543 1521 2572 nec
1553 2529 1707 2573 debere
1738 2543 1810 2573 eos
1841 2536 2120 2584 revertentes,
2147 2545 2192 2574 ea
2214 2532 2327 2587 apud
2351 2545 2429 2574 nos
2459 2532 2579 2574 ordi-

318 2598 504 2642 nationis
532 2602 577 2640 et
605 2599 782 2641 honoris
810 2612 926 2641 arma
954 2599 1161 2652 retinere,
1193 2600 1350 2654 quibus
1379 2606 1527 2643 contra
1558 2615 1636 2644 nos
1672 2603 2013 2645 rebellaverint.»
2047 2605 2098 2644 Et
2130 2603 2253 2657 paulo
2286 2607 2397 2657 post.
2437 2622 2453 2638 «ι
2478 2604 2582 2656 Quia

318 2671 397 2712 etsi
436 2669 515 2723 ipsi
552 2668 827 2724 postmodum
862 2669 917 2711 ad
954 2670 1172 2712 ecclesiam
1202 2670 1411 2725 redeunt,
1446 2674 1663 2715 restituere
1691 2678 1832 2715 tamen
1869 2686 1942 2715 eos
1975 2686 2114 2716 secum
2147 2687 2232 2716 nou
2268 2679 2470 2729 possunt,
2503 2674 2580 2731 qui

316 2741 372 2785 ab
402 2741 463 2784 eis
490 2741 679 2794 seducti,
712 2745 756 2783 et
784 2740 891 2783 foris
921 2745 1059 2783 morte
1088 2741 1330 2796 praeventi,
1356 2746 1475 2784 extra
1502 2743 1718 2784 ecclesiam
1747 2744 1836 2785 sine
1867 2744 2244 2786 communicatione
2275 2748 2317 2786 et
2337 2758 2441 2800 pace
2460 2750 2580 2788 trau-

318 2814 509 2856 sierunt:
545 2823 732 2868 quorum
760 2811 924 2855 animae
951 2811 997 2854 iu
1026 2810 1095 2854 die
1123 2810 1268 2854 iudicii
1297 2811 1351 2855 de
1379 2813 1571 2867 ipsorum
1600 2813 1794 2856 manibus
1824 2818 2098 2869 expetentur,
2124 2815 2197 2870 qui
2227 2815 2478 2870 perditionis
2500 2829 2578 2860 au-

315 2889 454 2928 ctores
483 2887 528 2927 et
557 2883 686 2927 duces
715 2883 962 2930 extiterunt.
994 2884 1049 2926 Et
1076 2881 1238 2926 idcirco
1270 2884 1370 2927 satis
1393 2888 1456 2927 est
1476 2884 1634 2927 talibus
1665 2885 1825 2928 veniam
1858 2884 1972 2940 dari,
1998 2886 2094 2942 quia
2115 2898 2203 2929 non
2227 2886 2354 2930 debet
2379 2887 2424 2931 iu
2447 2888 2576 2932 domo

314 2955 416 2999 fidei
445 2954 623 3012 perfidia
652 2954 919 3010 promoveri.
945 2973 962 2991 υ
1717 2990 1721 2996 ,

403 3013 406 3017 ’
441 3028 509 3070 10.
540 3027 803 3081 Augustinus
831 3030 982 3070 contra
1009 3026 1269 3070 Donatista&
1307 3045 1324 3062 α
1341 3026 1523 3070 Ecclesia
1553 3027 1763 3070 catholica
1782 3028 1870 3071 sola
1896 3033 1958 3072 est
1981 3041 2137 3085 corpus
2167 3029 2345 3085 Christi,
2370 3030 2490 3074 cuius
2507 3031 2578 3074 ille

317 3101 448 3154 caput
467 3101 531 3140 est
549 3101 592 3140 et
608 3097 798 3141 salvator
826 3097 1023 3153 corporis
1051 3097 1131 3141 sui.
1157 3099 1285 3140 Extra
1313 3097 1398 3140 hoc
1427 3109 1586 3154 corpus
1615 3100 1826 3141 neminem
1848 3098 2035 3142 viviticat
2054 3099 2234 3155 Spiritus
2263 3105 2456 3154 sanctus3
2478 3103 2578 3157 quia

316 3171 427 3212 sicut
454 3169 543 3224 ipse
573 3167 678 3211 dicit
706 3168 955 3225 apostolus:
987 3170 1135 3211 caritas
1164 3171 1240 3211 Dei
1267 3169 1418 3222 diffusa
1446 3174 1505 3211 est
1530 3171 1575 3211 in
1603 3171 1786 3211 cordibus
1814 3174 1955 3212 nostris
1980 3183 2057 3224 per
2078 3171 2271 3224 Spiritum
2293 3178 2485 3225 sam-tum,
2511 3176 2581 3227 qui

315 3241 434 3282 datus
462 3244 519 3281 est
547 3240 673 3281 nobis.
707 3239 804 3282 Non
834 3243 898 3283 est
925 3239 1037 3283 enim
1068 3241 1276 3296 particeps
1306 3239 1473 3284 divinae
1503 3241 1687 3284 caritatis
1704 3273 1716 3295 ,
1742 3242 1817 3296 qui
1839 3241 1972 3285 hostis
2002 3247 2066 3284 est
2095 3242 2280 3285 unitatis.
2306 3244 2399 3286 Non
2422 3243 2580 3287 habent

313 3312 458 3366 itaque
488 3309 690 3366 Spiritum
718 3315 910 3353 sanctum
941 3312 1016 3366 qui
1045 3315 1145 3353 suut
1173 3315 1288 3354 extra
1315 3311 1551 3354 ecclesiam.
1585 3313 1646 3354 Dc
1675 3312 1760 3354 illis
1780 3312 1938 3368 quippe
1962 3313 2168 3368 scriptum
2199 3318 2286 3356 est:
2322 3317 2392 3367 qui
2414 3328 2455 3355 se
2476 3319 2580 3368 ipsos

315 3385 549 3434 seqreyant,
585 3381 801 3433 animales,
836 3382 1031 3434 Spiritum
1059 3394 1139 3423 non
1166 3382 1364 3423 habentes.
1397 3381 1479 3424 Sed
1509 3393 1586 3424 nec
1613 3382 1683 3424 ille
1714 3395 1810 3424 eum
1842 3384 2046 3438 percipit,
2079 3385 2153 3438 qui
2183 3382 2307 3426 fictus
2338 3389 2400 3427 est
2429 3385 2472 3427 in
2502 3397 2576 3427 ec·

315 3451 472 3506 elesia3
505 3452 709 3507 quoniam
740 3455 784 3494 et
810 3451 910 3495 inde
940 3452 1145 3508 scriptum
1175 3457 1267 3495 est:
1299 3459 1455 3495 sanctus
1489 3456 1594 3495 enim
1628 3456 1800 3507 Spiritus
1834 3456 2065 3508 disciplinae
2102 3456 2270 3508 essuqiet
2294 3459 2454 3507 fictum.
2494 3455 2578 3507 Qui

315 3532 419 3577 ergo
450 3522 543 3565 vult
572 3521 728 3565 habere
758 3522 962 3577 Spiritum
990 3527 1208 3577 sanctum,
1241 3529 1386 3568 caveat
1415 3525 1520 3568 foris
1551 3525 1604 3568 ab
1636 3525 1808 3568 ecclesia
1838 3539 2081 3580 remanere,
2106 3531 2247 3569 caveat
2268 3527 2310 3568 in
2334 3539 2427 3569 eam
2446 3527 2578 3569 simu-

314 3592 426 3635 latus
454 3592 641 3648 intrare3
675 3596 749 3636 aut
777 3593 812 3635 si
843 3593 927 3635 iam
955 3593 1051 3637 talis
1080 3593 1326 3650 intraverit,
1359 3601 1506 3639 caveat
1537 3597 1582 3639 in
1612 3596 1759 3640 eadem
1789 3597 2056 3640 simulatione
2096 3598 2315 3653 persistere
2335 3628 2346 3650 ,
2377 3601 2426 3639 ut
2454 3609 2576 3640 vera-

315 3663 421 3706 citer
452 3663 661 3706 coalescat
689 3663 835 3706 arbori
863 3665 993 3707 vitae.
1018 3683 1036 3700 ¹·
1071 3665 1122 3708 In
1151 3666 1334 3710 concilio
1365 3666 1634 3710 antiocheno.
1673 3686 1689 3703 α
1710 3669 1750 3710 Si
1782 3669 1877 3723 quis
1907 3673 2046 3710 autem
2079 3668 2258 3723 quilibet
2289 3681 2338 3710 ex
2362 3667 2476 3710 clero
2499 3667 2576 3710 de-

315 3734 510 3790 prehensi
539 3734 701 3779 fuerint
729 3747 827 3778 cum
858 3737 1230 3780 excommunicatis
1259 3739 1600 3792 communicare,
1633 3739 1758 3781 etiam
1780 3740 1846 3781 isti
1867 3741 2087 3794 priventur
2118 3738 2572 3792 excommunicatione,

315 3810 530 3862 tamquam
562 3805 634 3863 qui
665 3806 857 3862 regulam
886 3806 1153 3851 confundunt
1183 3808 1398 3852 ecclesiae.
1417 3827 1435 3846 ι
1464 3810 1514 3852 In
1537 3821 1697 3852 canone
1728 3811 2038 3865 apostolorum.
2070 3828 2086 3845 α
2103 3810 2142 3851 Si
2166 3809 2262 3864 quis
2283 3820 2378 3851 cum
2403 3820 2573 3851 excom-

2362 3878 2394 3918 P

2618 688 2687 719 cod.
2706 688 2726 718 f.
2750 693 2811 718 tor.

2618 2894 2689 2925 eod.
2709 2895 2731 2925 i'.
2750 2899 2811 2926 1⁶2.
