2996 4432
1162 254 1207 285 m
1240 252 1448 284 psaranum
1481 234 1548 284 ix.

220 357 374 388 norum
417 343 565 399 cupidi
604 346 727 387 erant
744 374 756 397 ‚
799 351 1017 412 suamque
1043 341 1227 382 animam
1263 337 1318 382 ad

221 416 478 472 promissum
506 415 586 457 Dei
615 420 791 468 rognum
802 408 1076 467 capiendum
1098 422 1318 466 compara·

221 491 373 531 verant
387 487 410 529 ?

280 629 454 686 Duplici
481 627 578 671 heic
607 638 782 682 quoque
813 638 936 668 sensu
977 625 1161 668 hominis
1190 638 1321 669 voca-

221 701 374 745 bulum
394 704 468 743 est
495 697 822 754 accipiendum3
847 709 999 752 nempe
1020 701 1063 739 et
1081 696 1134 739 de
1155 696 1322 739 mortali

221 772 367 827 logico
387 771 599 814 animante
615 769 662 812 in
679 768 921 823 superbiam
945 768 1055 810 elato
1069 782 1081 821 ;
1099 772 1142 810 et
1159 767 1212 810 de
1227 767 1320 810 dia-

218 842 324 886 bolo
342 841 534 886 dicente:
569 858 586 876 «ι
611 838 819 884 muudum
842 840 1086 882 universum
1105 852 1234 882 manu
1255 851 1322 882 ca-

227 932 245 950 ·
280 913 418 969 piam3
451 923 590 967 neque
609 910 690 954 erit
712 911 788 966 qui
808 923 876 953 me
899 910 1100 964 effugiat,
1124 914 1199 953 aut
1216 909 1322 952 mihi

224 1002 243 1020 ι
275 985 458 1026 resistat.
478 1002 496 1020 „
530 983 687 1037 Utique
716 982 801 1025 iam
830 982 1008 1024 ulterius
1036 994 1124 1024 non
1161 981 1320 1036 gloria·

216 1054 334 1097 bitur
349 1084 362 1108 ,
385 1053 542 1098 sanctis
563 1053 674 1109 pede
706 1054 941 1110 potentiam
974 1053 1063 1096 eius
1085 1048 1320 1108 prementi-'-

216 1125 324 1180 bus,
350 1129 529 1181 propter
550 1125 694 1168 datam
713 1125 816 1180 ipsis
834 1124 910 1168 abs
929 1125 1027 1167 Iesu
1055 1123 1317 1169 facultatem.

2402 242 2486 287 161

1389 339 1542 402 ἕτοιμον
1576 358 1649 390 την
1683 335 1851 426 Ικοιρόιαν
1888 361 1997 404 ειχον
2035 338 2127 407 πρδς
2159 338 2204 392 τὶ
2243 343 2427 393 σωθῆναι
2459 340 2494 389 οἷ

1389 428 1464 461 των
1494 404 1842 473 προλεχθέντων”
1823 429 1984 472 εχοντες
2018 409 2264 474 ἑπιθυμιαν,
2297 410 2360 460 καὶ
2393 413 2494 462 ἕτοι-

1386 499 1459 544 μον
1492 479 1644 528 ἑαυτῶν
1675 481 1876 533 ποιοῦντες
1908 502 1982 532 την
2014 479 2146 544 ψυχην
2178 483 2234 536 εἰς
2267 504 2339 534 την
2363 484 2491 549 ἐπηγ-

1386 545 1577 616 γελμένην
1607 551 1744 603 αὐτοῖς
1775 547 1989 610 βασιλείαν
2023 554 2093 600 τοῧ
2121 548 2238 610 Secia

1465 623 1599 683 Διχως
1631 641 1695 667 και
1723 621 1896 668 ἐνταῦθα
1927 618 1994 668 τὸν
2027 620 2264 689 ἅνθρωπον“
2254 621 2490 685 εκληπτεον,
2557 655 2563 661 -
2623 656 2628 662 -

1393 691 1452 747 εἷς
1485 711 1530 740 τε
1559 689 1606 740 τό
1637 687 1787 741 &vm-ov
1819 687 1970 755 λογικὸν
2003 695 2096 754 ζῷον
2128 695 2253 748 ἀλαζε
2238 693 2489 759 νευόμενον,

1391 760 1460 811 καὶ
1495 763 1552 816 εἰς
1587 758 1654 813 τὸν
1691 758 1858 846 λέγοντα
1894 757 2076 822 διάβολον
2118 786 2136 807 α
2165 785 2238 814 την
2274 763 2493 830 οἰκουμένην

1398 853 1423 881 ν
1459 833 1555 884 ὅλην
1590 828 1876 895 καταλήψομαι
1915 834 1964 895 τῇ
2001 829 2136 898 χειρὶ,
2174 833 2238 882 καὶ
2283 837 2350 884 οὐκ
2386 839 2493 887 ἐστιν

1402 927 1420 948 n
1458 925 1502 958 ος
1527 899 1779 991 διαφευξεταῖ
1801 922 1868 965 με,
1887 924 1914 953 η
1937 899 2105 968 ἀντειπῃ
2130 924 2208 967 μοι
2218 925 2241 950 »
2269 908 2311 954 οὐ
2333 929 2410 974 γαρ
2435 907 2493 957 ἔτι

1391 970 1697 1061 μεγαλαυχησει
1728 968 2071 1050 συντριβέμενοςς
2050 971 2126 1025 υπό
2150 995 2240 1030 τους
2266 974 2394 1032 πόδας
2418 981 2492 1027 τῶν

1392 1042 1512 1111 ἆγιων
1557 1064 1788 1095 ωατουντων
1832 1043 1960 1093 αὐτου
2004 1065 2075 1096 την
2121 1043 2318 1109 ὂυναμιν,
2361 1048 2492 1099 Ιησοῧ

1393 1119 1506 1167 τοῦτο
1538 1112 1826 1182 χαρισαμένου.

1091 1284 1505 1329 PSALMUS
1561 1283 1615 1326 X.

217 1503 237 1520 α
257 1444 326 1528 In
355 1486 542 1529 Domino
572 1485 744 1529 confido
762 1516 774 1539 ‚
806 1485 1027 1541 quomodo
1059 1485 1198 1528 dicitis
1228 1484 1319 1527 ani-

219 1575 239 1593 ·
273 1569 367 1599 mae
391 1569 509 1600 meae
533 1561 616 1599 etc.
636 1558 744 1599 Ecce
770 1561 1018 1612 peccatores
1044 1554 1317 1598 intenderunt

219 1647 238 1663 ι
274 1641 445 1682 arcum,
477 1632 736 1684 paraverunt
767 1629 941 1683 sagittas
961 1629 1006 1670 in
1025 1616 1222 1683 pharetra
1236 1657 1248 1680 ‚
1273 1629 1317 1669 et

220 1719 237 1736 ·
255 1700 450 1755 reliqua.
474 1718 491 1733 ι
526 1699 692 1752 Quibus
715 1699 839 1742 dictis
862 1699 1114 1742 adhortatur
1134 1700 1316 1742 animam

212 1781 330 1812 suam
346 1801 358 1823 ,
391 1774 441 1812 ut
469 1782 514 1812 se
543 1770 708 1812 attollat
736 1771 920 1825 passeris
949 1772 1083 1813 instar
1117 1771 1193 1814 alis
1221 1771 1313 1813 vir-

211 1842 316 1884 tutis
337 1872 349 1894 ‚
379 1845 430 1883 ut
458 1841 567 1883 altos
603 1841 907 1884 transcendens
946 1841 1155 1896 spiritales
1186 1854 1314 1883 mon—-

210 1916 275 1954 tes
293 1942 306 1965 ,
337 1912 565 1954 incolumis
594 1916 772 1955 maneat.
797 1914 956 1955 Verum
978 1917 1211 1968 utcumque
1232 1912 1314 1954 hu-

209 1983 277 2026 ius
304 1983 499 2026 lectionis
530 1983 748 2026 distinctio
777 1983 973 2026 facienda
1010 1985 1092 2037 sit,
1126 1988 1239 2026 certe
1269 1983 1315 2026 in

209 2054 397 2097 Domino
426 2054 727 2097 confidendum
759 2059 836 2097 est.

269 2125 454 2180 Spiritali
473 2129 616 2168 autem
639 2138 788 2180 sensu,
812 2126 957 2168 multis
978 2127 1205 2169 calliditate
1221 2126 1315 2181 pol-

207 2196 394 2240 lentibus
410 2201 504 2239 tum
521 2197 762 2239 visibilibus
783 2201 876 2239 tum
894 2198 1021 2240 etiam
1035 2197 1315 2240 invisibilibus

208 2267 429 2321 hostibus,
457 2269 532 2323 qui
550 2269 757 2310 intentam
783 2269 1049 2311 voluntatem
1066 2268 1248 2321 habent,
1270 2273 1314 2311 et

209 2339 284 2393 qui
311 2338 369 2380 ob
398 2343 588 2394 paratam
620 2340 703 2381 vim
723 2340 839 2382 arcui
865 2341 1029 2382 intento
1061 2337 1313 2395 comparan-

206 2413 294 2452 tur.
319 2410 401 2452 Sed
427 2414 470 2452 et
493 2414 639 2465 parata
659 2410 765 2464 tela,
793 2423 1009 2453 sermones
1037 2411 1181 2454 diserti
1194 2415 1309 2454 sunt.

208 2482 325 2524 Haec
341 2481 423 2537 tibi
445 2481 701 2536 configendo
723 2482 892 2524 adsunt.
912 2483 974 2525 Tu
994 2487 1136 2525 tamen
1156 2486 1206 2534 (o
1224 2484 1313 2525 ani-

208 2550 300 2608 ma)
323 2552 445 2595 celsis
464 2553 512 2594 in
531 2553 748 2595 montibus
767 2555 1030 2596 mansionem
1044 2554 1202 2596 habes:
1224 2554 1313 2597 illic

208 2623 365 2676 posita,
382 2635 654 2678 nequaquam
671 2624 976 2667 vulneraberis.
992 2626 1160 2667 Dictum
1178 2638 1310 2680 porro

208 2697 294 2746 est,
317 2693 546 2736 diviniores
572 2696 881 2750 scripturarum
904 2697 1155 2750 sententias,
1184 2710 1310 2739 mon-

206 2764 315 2807 tium
333 2765 617 2820 appellatione
635 2765 871 2821 designari3
894 2780 974 2809 nec
991 2780 1079 2810 non
1095 2769 1220 2810 etiam
1243 2781 1309 2810 sa-

206 2835 374 2889 pientes
390 2836 616 2889 magistros
639 2837 858 2891 apostolos
875 2851 924 2880 ac
940 2839 1188 2894 prophetas.
1206 2841 1310 2882 Ver·-

204 2904 311 2947 bum
325 2906 580 2960 transmigra
598 2907 644 2948 in
664 2911 831 2950 montes
846 2909 956 2951 sicut
974 2922 1118 2964 passer
1131 2941 1142 2963 ‚
1163 2923 1309 2965 possu-

207 2976 406 3018 mushoc
423 2989 549 3021 sensu
565 2976 729 3020 dictum
742 2991 767 3021 a
781 2979 940 3034 Spiritu
958 2985 1154 3035 reputare
1165 3011 1179 3034 ‚
1203 2981 1308 3024 hor·-

203 3051 323 3090 tante
347 3047 402 3089 ad
423 3060 634 3090 secessum
657 3050 839 3092 animam
858 3081 871 3105 ‚
894 3063 1002 3106 quae
1019 3057 1225 3096 venenata
1242 3066 1309 3095 sa-

205 3118 478 3173 gittariorum
493 3119 580 3161 tela
596 3120 732 3163 vitare
750 3121 866 3164 velit.
883 3122 1011 3175 Quod
1021 3124 1058 3166 si
1071 3123 1184 3166 forte
1197 3125 1308 3166 invi-

203 3189 347 3232 sibiles
369 3191 487 3245 ipsae
513 3195 747 3246 potestates
769 3197 813 3236 et
835 3195 1166 3239 arcitenentibus
1190 3197 1307 3239 simi-

201 3261 263 3304 les
276 3291 288 3313 ,
307 3261 470 3304 dicant:
491 3264 743 3319 transmigra
757 3265 803 3307 in
825 3270 991 3308 montes
1008 3268 1117 3309 sicut
1133 3280 1278 3322 passer
1290 3299 1302 3320 ,

201 3332 288 3376 dici
310 3332 396 3374 hoc
417 3333 643 3376 irridenter
657 3334 930 3390 putabimus,
951 3336 1055 3379 dum
1078 3350 1152 3380 eos
1167 3338 1303 3381 deno-

200 3407 293 3448 tare
307 3403 461 3446 volunt
483 3406 557 3458 qui
575 3409 670 3447 toto
691 3406 823 3449 corde
834 3408 925 3450 Deo
942 3407 1178 3450 confidunt.
1195 3410 1304 3451 Item

199 3476 304 3531 quia
324 3475 597 3519 tenebrarum
623 3479 848 3533 noctisque
870 3479 945 3522 filii
967 3484 1090 3534 sunt,
1117 3480 1195 3535 qui
1222 3481 1305 3523 hac

199 3546 435 3602 sophistica
455 3549 649 3591 oratione
670 3553 876 3604 utuntur,
893 3554 1111 3606 tamquam
1119 3552 1305 3607 ,sagitta-

199 3618 253 3659 rii
283 3630 360 3674 per
385 3618 612 3662 obscuram
638 3625 810 3663 noctem
833 3621 916 3664 tela
943 3621 1117 3664 vibrare*
1142 3623 1303 3665 consti-

198 3692 327 3730 tuunt
350 3689 550 3733 adversus
571 3691 765 3734 homines
781 3696 903 3735 recto
921 3692 1051 3735 corde
1068 3693 1298 3747 praeditos·

240 3759 300 3821 Si
318 3760 386 3802 vel
413 3760 467 3803 de
485 3763 630 3814 Patre,
659 3762 726 3805 vel
749 3763 876 3805 etiam
897 3763 951 3805 de
975 3763 1069 3818 ipso
1089 3764 1301 3807 salvatore

198 3833 295 3871 ante
327 3830 665 3876 incarnationem
695 3845 833 3875 sermo
865 3838 956 3888 est,
990 3838 1180 3877 sanctum
1212 3835 1300 3877 eius

1397 1506 1415 1526 α
1445 1444 1561 1533 En}
1592 1485 1649 1546 τῷ
1667 1479 1785 1547 κυρίῳ
1815 1479 2008 1543 πέποιθα,
2042 1486 2120 1537 πῶς
2153 1484 2352 1550 ἐρεῖτετῇ
2380 1482 2492 1549 ψυχῇ

1399 1575 1418 1597 u
1453 1578 1530 1619 μου
1552 1574 1590 1601 κ.
1612 1575 1650 1603 τ.
1672 1559 1712 1602 λ.
1738 1550 1842 1601 ’1δοῦ
1872 1552 1906 1600 οἶ
1939 1550 2166 1619 ἁμαρτωλοὶ
2200 1553 2396 1603 ἐνέτειναν
2428 1555 2493 1604 τό·

1397 1647 1414 1668 ν
1454 1621 1764 1687 ξον,ἧτοῖμασαν
1783 1620 1882 1684 βέλη
1901 1625 1956 1678 εἷς
1977 1620 2184 1691 φαρέτραν,
2196 1622 2259 1671 καὶ
2280 1622 2333 1674 τὰ
2351 1623 2452 1681 ἑξῆς.
2467 1649 2486 1669 »

1384 1696 1472 1762 ’'qu
1509 1717 1569 1748 εις
1606 1691 1817 1759 ειρημένοις
1852 1698 2042 1760 ωαρορμᾶ
2077 1715 2146 1745 την
2183 1692 2315 1758 ψυχην
2354 1697 2466 1745 ἑαυτε
2471 1700 2494 1744 ὖ

1385 1767 1702 1851 μετεωρισὲἧναι
1737 1762 1843 1817 δικην
1876 1762 2062 1830 στρουὲιε
2048 1786 2089 1812 υ
2124 1769 2285 1830 ωτερόῖς
2316 1765 2490 1831 ἀρετ-ἦς,

1382 1837 1453 1884 ἵνα
1483 1832 1666 1923 περάσας
1691 1833 1757 1885 ε’πι
1784 1835 1838 1884 τὰ
1867 1836 1964 1898 ὕψος
1997 1836 2144 1899 ἔχοντα
2176 1836 2245 1902 ὅρη
2278 1857 2491 1897 πνευματι·

1384 1928 1465 1967 κα,
1498 1904 1690 1969 ἂβλαβης
1725 1903 1921 1970 διαμεινῃ·
1953 1907 2055 1960 ’ὅπως
2087 1908 2119 1955 δ’
2152 1903 2198 1954 ἂν
2231 1905 2313 1971 ἔχῃ
2341 1928 2392 1956 τα
2422 1914 2491 1961 τῆς

1384 1979 1600 2032 διαστολης
1638 1981 1705 2028 τοῦ
1749 1973 2096 2042 ἀναγνωσματος,
2135 1978 2380 2028 nemnem:
2419 1975 2487 2027 {m

1383 2046 1508 2116 κύριον
1541 2046 1740 2138 προσήκει·

1454 2118 1581 2171 Κατα
1610 2116 1774 2185 θεωρίαν
1807 2116 1875 2178 δε,
1910 2123 2063 2168 πολλῶν
2096 2123 2328 2186 σοφιστικῶς
2366 2141 2487 2184 παρε-

1383 2188 1653 2255 σκευασμένων
1685 2192 1836 2255 ὃρατῶν
1869 2187 1913 2238 τὲ
1945 2210 2009 2237 και
2041 2188 2216 2259 ἀορατοηι
2240 2192 2411 2255 ἐχθρων,
2436 2213 2488 2244 ως

1381 2260 1456 2314 ἤδη
1484 2262 1528 2313 τὸ
1559 2257 1791 2327 ηγεμονικόν
1823 2260 1932 2324 ἔχειν
1970 2260 2206 2324 τεταμένον,
2239 2264 2288 2310 δι’
2326 2282 2386 2309 ετε
2391 2284 2488 2322 ιμα-

2534 1491 2562 1512 v.
2596 1488 2618 1513 1.

2534 1520 2570 1549 A.
2596 1519 2618 1550 f.

2529 2129 2562 2187 5²²5

2580 2127 2606 2186 ³25⁴

1381 2328 1476 2381 σιάν
1514 2330 1616 2396 τᾶξῳ
1661 2334 1724 2380 ἐντ
1730 2330 1907 2394 εταμένῳ
1955 2329 2091 2386 εὀικος·
2134 2330 2247 2380 αλλὰ
2281 2355 2349 2380 και
2387 2328 2485 2392 βέλη
2524 2349 2526 2351 ’

1380 2403 1542 2467 ἕτοιμα,
1577 2401 1685 2468 λόγοι
1718 2400 1766 2453 ὂῆ
1790 2400 1959 2452 πιθανά
1995 2405 2129 2451 ταῦτα
2161 2400 2253 2469 πρὶς
2286 2399 2331 2450 τό
2356 2424 2487 2451 κατα-

1381 2471 1564 2530 τοξευσαι
1597 2494 1658 2525 σε
1693 2472 1799 2537 ἔχεις
1832 2469 2037 2539 διατριβην
2071 2474 2110 2520 ἐν
2141 2473 2307 2538 ὑψηλοις
2340 2472 2483 2541 ορεσιν·

1382 2543 1568 2594 ἐνταυὲα
1611 2544 1806 2611 γεναμένη
1842 2546 1886 2592 ου’
1922 2545 2130 2608 τρωθησῃ·
2171 2543 2336 2622 εἴρηται
2358 2546 2399 2591 δὲ
2434 2543 2486 2599 ὧς

1381 2637 1432 2664 τα
1462 2613 1650 2682 θειότερα
1682 2618 1758 2662 τῶν
1789 2618 1944 2681 γραφῶν
1980 2633 2166 2677 νοηματα
2201 2618 2248 2681 τῇ
2280 2636 2356 2663 των
2390 2615 2484 2678 ὀρῶν

1379 2707 1618 2772 πρρσηγοριᾳ
1649 2704 1900 2749 σημαινεται·

1379 2777 1439 2822 φοι
1473 2754 1708 2806 διδάσκαλοι
1745 2751 1935 2812 &mk-2202
1965 2777 2030 2804 και
2065 2776 2281 2823 προφηται,
2314 2754 2482 2803 δυνατὸν

1379 2823 1453 2877 υπδ
1487 2849 1558 2877 του
1590 2847 1812 2888 πνευματος
1844 2823 2042 2894 εἰρημένον
2075 2827 2260 2887 ἐκλαβεῖν
2293 2823 2338 2875 τὸ
2362 2846 2484 2887 μετα-

1378 2917 1547 2947 νασῗξυε
1579 2895 1641 2949 e’m
1675 2917 1728 2945 τα
1758 2918 1825 2962 Ορη
1857 2920 1906 2952 ως
1944 2893 2154 2962 orpovffi'ov
2177 2933 2190 2955 ‚
2224 2916 2481 2961 προτρεπομε·

1935 2684 2028 2750 πρὸς
2061 2683 2215 2740 τούτοις
2245 2706 2311 2733 και
2345 2707 2380 2732 οι
2413 2707 2497 2734 σο-Δ

1377 2986 1443 3016 νου
1473 2970 1694 3035 ἀναχωρεῖν
1714 3005 1728 3023 .,
1768 2965 1836 3015 τᾶν
1872 2964 2079 3032 διαδράναι
2110 2963 2286 3015 θέλοντα
2322 2985 2394 3015 την
2427 2968 2484 3012 io·
2539 2991 2546 3002 ·

1375 3036 1497 3099 βολον
1534 3059 1678 3105 τρωσιν
1725 3041 1798 3086 τῶν
1845 3040 2021 3093 τοξοτῶν
2061 3036 2094 3084 εἷ
2133 3034 2173 3084 δὲ
2211 3059 2277 3085 και
2324 3033 2469 3101 ἀορατο
2453 3059 2495 3092 ι,

1377 3106 1557 3171 δυναμεις
1588 3112 1632 3158 αἶ
1661 3129 1779 3156 αυται
1818 3101 1966 3167 οὖσαι,
1998 3129 2023 3154 η
2053 3110 2259 3172 συγγενεῖς
2298 3109 2380 3159 τοῖς
2413 3128 2484 3155 το-

1374 3176 1512 3236 ξόταις
1536 3216 1548 3238 ,
1581 3177 1727 3244 λέγοιεν
1759 3175 1803 3228 τό
1835 3199 2116 3240 μεταναστευε
2146 3175 2210 3228 ἐπι
2241 3199 2295 3226 τα
2330 3176 2400 3241 ὅρη
2431 3199 2483 3232 ως

1376 3247 1563 3315 ςρουθῖον
1584 3288 1597 3309 ‚
1637 3252 1908 3312 χλευαστικῶς
1947 3247 2043 3298 αὐτὸ
2077 3245 2272 3313 εἰρημένον
2309 3246 2482 3309 ἐκληψό-

1374 3325 1490 3382 μεὲα
1509 3359 1523 3377 .,
1558 3319 1807 3372 ὑποδηλῶσαι
1839 3318 2046 3368 θελόντων
2079 3317 2167 3374 τοὺς
2205 3321 2244 3367 ἐν
2277 3321 2351 3383 ὅλῃ
2382 3324 2481 3379 καρὲ

1375 3386 1445 3451 δία
1476 3389 1544 3441 ἐπὶ
1575 3388 1674 3438 θεόν
1707 3386 1958 3443 πεποιθότας·
1994 3391 2066 3439 εἴτ’
2099 3387 2183 3440 ἐπεὶ
2209 3387 2373 3444 σκέτους
2406 3387 2480 3437 υἱοὶ

1371 3482 1440 3508 και
1476 3458 1613 3516 νυκτὸς
1650 3464 1747 3511 εἰσιν
1786 3459 1818 3508 οἱ
1859 3456 1960 3525 πρὸς
1997 3483 2041 3510 το
2078 3483 2202 3515 ουτως
2240 3479 2482 3526 aequoreum

1373 3530 1769 3594 παρεσκευασμένοι,
1809 3527 2014 3585 τοξοται
1999 3551 2040 3578 εν
2070 3531 2238 3598 ἀφεγγει
2273 3553 2379 3580 νυκτι
2412 3547 2481 3576 κα-

1373 3598 1596 3656 τατοξευειν
1649 3621 1724 3666 προ
1709 3599 1935 3651 οτέὲεινται
1980 3623 2069 3657 τους
2119 3600 2280 3654 εὐθειαν
2321 3596 2479 3663 καρδιαν
2524 3629 2526 3632 -

1373 3668 1556 3733 ἔχοντας.

1444 3742 1498 3789 Εἶ
1529 3764 1555 3794 η
1585 3763 1670 3808 περι
1705 3744 1774 3791 τοῦ
1799 3740 1974 3808 πατρὸς,
2005 3738 2031 3792 ὴ
2063 3765 2130 3790 και
2156 3764 2278 3791 αυτου
2307 3742 2376 3790 τοῦ
2395 3760 2475 3788 σω-

1373 3814 1486 3877 τῆρος
1518 3810 1590 3878 πρὸ
1625 3815 1696 3867 τῆς
1731 3810 2067 3879 ἐνανὲρωπησεως
2089 3851 2102 3870 ,
2137 3834 2206 3859 ναο
2212 3833 2232 3859 ν
2263 3812 2373 3876 ἅγιον
2405 3831 2474 3857 αυ-

2296 3911 2340 3943 21

2519 3752 2596 3777 v.5.

2518 3784 2554 3812 Α.
2572 3784 2594 3812 f.
2615 3787 2658 3813 61.

2645 1523 2688 1548 60.
2712 1519 2743 1549 b.
