2996 4432
247 716 262 730 *
277 712 348 742 Lev.
359 711 495 742 x1x.15.

214 965 223 977 ⁶
244 963 357 995 Matth.
378 964 445 994 vn.
465 967 493 993 2.

283 1458 352 1488 cod.
366 1459 390 1489 t.
404 1462 448 1489 59.
463 1465 492 1489 a.

286 2132 354 2162 eod.
368 2132 390 2162 f.
406 2137 449 2163 59.
464 2132 496 2164 b.

212 3457 220 3464 “
235 3457 491 3489 110011.ΧἮΙ.15.

540 265 602 313 60
1335 284 1337 286 ·
1502 279 1563 311 Ex
1597 279 1728 312 Lumo
1760 279 1843 312 vn.

541 381 771 435 quorum
808 359 1008 415 iudicio
1043 359 1131 414 lex
1166 359 1415 415 ventilata
1453 364 1843 416 terminaretur.
1885 362 1957 415 Hi
1993 376 2207 436 accepta
2249 366 2351 419 hac
2391 367 2608 420 abusiva
2651 381 2805 440 pote-

539 458 701 509 state,
743 445 871 498 dum
916 444 1178 516 stipendia
1213 465 1244 498 a
1278 463 1336 498 re
1370 445 1587 517 publica
1631 467 1743 500 non
1780 447 2076 518 accipiunt,
2121 451 2366 503 avaritiae
2410 451 2521 503 face
2568 455 2802 506 succensi

540 531 623 582 ius
670 548 827 582 omne
873 528 1230 581 confundunt.
1283 529 1470 582 Comes
1515 531 1657 583 enim
1692 531 1988 583 illitteratus
2026 551 2086 584 ac
2121 533 2385 586 barbarus
2418 536 2582 587 nesci-t
2618 555 2738 588 vera
2776 556 2808 588 a

540 612 680 665 falsis
714 612 1051 682 discernere,
1081 622 1142 664 et·
1169 611 1290 664 ideo
1325 611 1542 665 fallitur.
1584 613 1694 680 Qui
1729 614 1772 665 si
1808 625 1984 666 mente
2019 626 2400 685 pertractarent
2423 617 2556 670 illud
2580 621 2809 690 prophe-

542 697 706 748 ticum
741 696 783 748 '‘:
828 696 965 747 iuste
1004 695 1188 747 iudica·
1216 696 1471 767 proaeimo
1510 707 1635 759 tao,
1686 707 1736 747 et
1773 716 1884 748 non
1922 699 2150 769 accipies
2188 700 2247 751 in
2286 701 2485 754 iudicio
2514 721 2806 772 personam

537 779 830 850 pauperis,
878 797 973 829 nec
1009 777 1232 830 honores
1268 779 1475 830 vultum
1503 779 1772 848 potentis,
1818 775 2034 832 mallent
2070 781 2137 833 ab
2172 783 2318 834 omni
2361 803 2582 836 munere
2619 804 2810 837 manus

541 874 817 925 excutere,
857 880 1017 933 quam
1053 880 1150 932 per
1185 879 1390 914 caecam
1427 861 1587 913 animi
1622 861 1965 934 cupiditatem
2001 863 2206 928 inlecti,
2251 866 2351 918 Dei
2382 854 2442 918 ’se
2478 867 2648 920 facere
2685 886 2807 920 reos
2872 904 2874 906 >

542 965 651 1000 esse
687 943 886 998 iudicio
924 945 1149 998 dieentiS
1171 946 1212 996 *z
1252 964 1364 1016 qua
1402 954 1654 996 mensura
1691 945 1864 997 mensi
1891 946 2151 1014 fueritis,
2189 949 2489 1000 remetietur
2509 950 2662 1002 vobis.
2703 950 2808 1002 Sed

541 1042 594 1084 et
628 1029 860 1082 romanis
895 1029 1099 1100 legibus
1136 1029 1213 1079 rei
1248 1027 1519 1079 habentur·
1549 1046 1613 1080 ac
1635 1028 1924 1091 notabileS,
1966 1030 2060 1100 qui
2090 1030 2310 1083 abusive
2337 1030 2405 1083 ad
2432 1032 2639 1084 libitum
2664 1034 2809 1104 leges

539 1113 899 1175 inflectentes,
940 1131 1052 1163 non
1089 1110 1324 1163 iudicant
1355 1128 1421 1162 ex
1447 1112 1711 1182 aequitate
1729 1152 1742 1176 ‚
1772 1110 1865 1164 sed
1889 1113 2107 1183 propria
2132 1114 2420 1167 voluntate.
2451 1115 2521 1166 Hi
2546 1115 2654 1168 dati
2678 1130 2805 1170 sunt
2831 1159 2834 1172 ι

540 1197 786 1250 ecclesiae
806 1196 880 1247 -10
917 1195 1268 1259 adiutorium,
1308 1191 1500 1265 utqui
1532 1213 1643 1247 non
1667 1207 1980 1264 reverentur
2011 1196 2290 1267 episcopos
2325 1216 2426 1268 pro
2456 1199 2805 1253 ecclesiastica

541 1280 847 1351 disciplina,
884 1278 1064 1329 saltem
1090 1295 1187 1348 per
1222 1278 1416 1329 horum
1452 1288 1708 1331 terrorem
1745 1288 1797 1330 et
1832 1277 2061 1349 gladios,
2097 1277 2164 1331 ad
2199 1279 2344 1350 pacis
2378 1281 2501 1333 licet
2537 1281 2693 1335 inviti
2723 1302 2807 1335 re-

543 1363 704 1416 deant
740 1361 1014 1412 unitatem.
2472 1409 2473 1416 ,

657 1445 772 1497 130.
813 1444 1051 1513 Pelagius
1086 1461 1226 1514 papa
1249 1442 1478 1495 Iohanni
1513 1442 1763 1514 magistro
1795 1444 2019 1496 militum
2051 1445 2119 1515 1).
2148 1446 2374 1499 Paterno
2399 1465 2494 1499 vos
2525 1448 2813 1502 salutantes.

542 1531 761 1592 affectu,
790 1528 1015 1599 petimus
1047 1538 1107 1579 ut
1139 1528 1181 1578 si
1213 1526 1465 1598 prodesse
1502 1528 1790 1580 catholicae
1822 1527 1941 1600 paci
1967 1527 2314 1591 contenditis,
2354 1530 2631 1583 Paulinum
2667 1531 2808 1584 foro-

540 1613 985 1684 semproniensem
1022 1609 1224 1682 pseudo
1262 1610 1575 1681 episcopum
1609 1609 1677 1662 ad
1714 1629 1814 1663 nos
1849 1611 1951 1663 sub
1985 1610 2144 1681 digna
2179 1611 2418 1664 custodia
2443 1611 2696 1683 dirigatis.
2725 1614 2809 1667 Sa»-

541 1699 608 1751 tis
645 1697 784 1749 enim
815 1707 973 1767 turpe
1015 1706 1092 1747 est
1126 1705 1186 1745 ut
1221 1704 1458 1750 vestram,
1481 1694 1809 1747 vivacitatem
1847 1693 1956 1766 illic
1988 1695 2214 1765 positam
2261 1693 2481 1747 illudere
2518 1696 2808 1766 glorietur„

542 1792 595 1833 et
624 1798 730 1835 nec
767 1778 1041 1850 comprimi
1078 1797 1108 1828 a
1145 1777 1336 1840 vobiS,
1373 1795 1474 1829 nec
1511 1776 1738 1830 detineri
1776 1796 1930 1849 posse
1972 1777 2043 1830 ad
2088 1797 2236 1830 suam
2282 1776 2586 1849 superbiam
2627 1781 2808 1833 iactet.

542 1864 720 1915 Nolite
757 1880 882 1932 ergo
919 1861 1142 1912 inultam
1161 1901 1173 1924 ,
1214 1871 1266 1911 et
1291 1860 1349 1910 in
1384 1869 1582 1912 vestras
1607 1871 2038 1932 prorumpentem
2069 1861 2285 1913 iniurias
2309 1863 2695 1915 contumaciam
2719 1882 2810 1916 va—

543 1947 654 2018 gari
689 1946 1018 2017 permittere3
1059 1943 1152 1995 sed
1187 1943 1483 2014 praefatum
1508 1942 1725 2014 ‘pseudo
1756 1945 2063 2014 epi-scopum
2088 1955 2381 1996 vestrorum
2406 1945 2682 1997 hominum
2706 1947 2811 2000 sol-

543 2030 817 2084 licitudine
854 2028 1158 2089 detentum,
1200 2026 1268 2079 ad
1305 2045 1403 2080 nos
1441 2028 1578 2079 sicut
1615 2026 1815 2079 dictum
1851 2038 1930 2078 est
1966 2025 2191 2097 dirigere
2222 2028 2484 2079 festinate.

658 2114 772 2166 131.
814 2112 1012 2164 Bonizo
1048 2111 1345 2182 episcopus
1388 2112 1468 2162 De
1495 2111 1748 2163 militibus
1783 2129 1908 2163 vero
1946 2109 2079 2182 quid
2115 2110 2258 2162 aliud
2296 2110 2495 2175 dicam,
2528 2113 2631 2164 nisi
2656 2112 2810 2184 quod

544 2197 702 2250 fidem
746 2207 1011 2248 servantes
1048 2194 1298 2257 dominiS,
1351 2205 1402 2246 et
1437 2194 1720 2265 praecipue
1760 2195 1911 2264 regni
1955 2194 2260 2246 tenentibus
2303 2195 2682 2264 gubernacula,
2733 2197 2814 2248 sic

545 2281 769 2333 militent
803 2291 1042 2332 terrenae
1080 2277 1355 2348 potestati,
1404 2287 1465 2328 ut
1500 2277 1813 2329 christianae
1857 2294 1970 2329 non
2018 2276 2237 2329 obvient
2282 2277 2550 2347 religioni;
2600 2295 2813 2349 semper

543 2362 677 2414 illud
702 2361 1029 2414 dominicum
1064 2359 1378 2412 beneficium
1416 2359 1592 2412 cordis
1627 2360 1876 2412 memoria
1911 2361 2263 2423 ruminanteS,
2305 2359 2455 2430 quod
2490 2360 2549 2414 in
2582 2379 2812 2413 romano

544 2446 674 2498 orbe
705 2444 1009 2514 degentium
1033 2443 1295 2514 primitiae
1319 2442 1466 2494 fuere
1491 2441 1846 2506 credentium;
1876 2461 2012 2513 quos
2036 2442 2109 2494 ita
2135 2443 2279 2494 Deus
2305 2441 2406 2493 sihi
2432 2443 2808 2513 complacuisse

542 2527 945 2589 demonstravit,
987 2525 1136 2597 quod
1172 2536 1296 2578 ante
1333 2544 1493 2596 quam
1529 2524 1775 2595 baptismi
1800 2523 1945 2576 unda
1969 2525 2326 2595 tingerentur,
2362 2525 2615 2577 charisma
2641 2531 2809 2578 susce·

540 2630 669 2682 pere
703 2609 930 2681 Spiritus
966 2609 1166 2673 sancti;
1209 2627 1273 2661 ex
1311 2609 1514 2680 quibus
1544 2608 1646 2660 fuit
1681 2607 1768 2659 ille
1805 2608 2079 2671 centurie,
2114 2607 2265 2659 cuius
2300 2606 2459 2660 fidem
2491 2608 2547 2659 in
2584 2627 2809 2681 evange-

540 2696 613 2747 lio
650 2695 892 2747 Christus
928 2693 1174 2746 antetulit
1209 2692 1328 2744 filiis
1364 2692 1581 2744 Isrhael.
1611 2692 1709 2743 His
1732 2692 2012 2763 proprium
2041 2703 2118 2744 est
2143 2690 2372 2743 dominis
2396 2690 2630 2756 deferre,
2658 2711 2813 2763 prae-

541 2777 640 2829 dae
668 2796 779 2829 non
816 2776 1051 2840 inhiare,
1092 2794 1198 2846 pro
1233 2775 1340 2827 vita
1376 2773 1715 2826 dominorum
1753 2793 1972 2826 suorum
2008 2773 2208 2826 tuenda
2239 2792 2363 2826 suae
2388 2775 2527 2827 vitae·
2547 2793 2660 2826 0011
2682 2793 2807 2845 par-

541 2878 686 2922 cere,
728 2871 779 2911 et
814 2878 916 2930 pro
955 2870 1094 2910 statu
1130 2857 1207 2909 rei
1244 2858 1487 2930 publicae
1526 2876 1699 2928 usque
1735 2855 1804 2909 ad
1840 2868 2061 2909 mortem
2105 2855 2400 2919 decertare,
2449 2857 2813 2910 schismaticos
2860 2862 2863 2863 ⁷

541 2954 593 2994 et
626 2943 918 2994 haereticos
956 2940 1221 2994 debellare
1237 2982 1249 3005 ,
1274 2929 1552 3012 *pauperes
1590 2958 1809 3012 quoque
1845 2951 1899 2992 et
1923 2939 2113 2993 viduas
2134 2950 2186 2992 et
2210 2941 2482 3011 orphanos
2506 2938 2801 3006 defensare,

541 3025 699 3078 fidem
736 3026 1046 3095 promissam
1083 3045 1195 3077 non
1231 3025 1453 3088 violare,
1505 3043 1605 3078 nec
1653 3024 1874 3076 omnino
1916 3021 2144 3075 dominis
2187 3022 2301 3074 suis
2343 3022 2644 3093 periurare3
2696 3041 2812 3082 non

542 3109 680 3160 enim
714 3109 829 3160 leve
854 3109 1052 3160 crimen
1090 3106 1168 3160 est
1192 3108 1496 3178 periurare:
1525 3106 1794 3178 periuros:
1837 3105 1977 3158 enim
2012 3102 2231 3156 infames
2255 3122 2365 3156 esse
2397 3105 2538 3175 leges
2562 3123 2817 3157 romanae

539 3202 823 3255 testantur3
865 3202 917 3249 et
954 3189 1244 3242 secundum
1280 3189 1585 3242 mandatu-m
1626 3200 1703 3240 est
1747 3189 1805 3246 in
1841 3188 1980 3259 lege:
2032 3207 2143 3240 non
2178 3206 2416 3239 assumes
2464 3207 2658 3240 nomen
2701 3188 2812 3241 Dei

543 3274 624 3324 tui
646 3274 703 3324 in
724 3292 940 3324 vcinzcm.
971 3274 1036 3323 Et
1059 3273 1183 3325 licet
1209 3270 1707 3343 NabuehOdonosor
1733 3270 2059 3324 idololatriae
2083 3281 2351 3324 teneretur
2370 3289 2540 3323 naevo
2564 3270 2811 3342 dampna-

542 3368 627 3407 tus
650 3396 664 3419 ,
705 3355 1012 3407 Sedechiam
1048 3367 1223 3407 tamen
1261 3356 1497 3408 Ezechiel
1534 3354 1798 3427 improbat
1821 3356 2110 3426 propheta,
2140 3373 2203 3406 eo
2235 3352 2384 3424 quod
2414 3353 2571 3406 fidem
2596 3353 2811 3406 idolola-

541 3451 652 3491 trae
674 3457 787 3490 non
812 3440 1094 3490 servaverit
1117 3437 1640 3504 Nabuchodonosor,
1665 3437 1872 3490 dicens:
1896 3438 1993 3509 qai
2008 3437 2288 3508 periuras,
2322 3436 2595 3507 riamqaid
2609 3435 2731 3488 vivet
2752 3437 2811 3488 '‘e'’

541 3523 773 3575 Caveant
797 3538 921 3590 ergo
958 3521 1145 3572 milites
1170 3540 1237 3573 ne
1264 3520 1461 3573 diaboli
1496 3521 1750 3573 instinctu
1777 3532 1963 3573 contra
1987 3519 2236 3572 dominos
2263 3536 2387 3570 suos
2419 3517 2649 3570 audeant
2684 3537 2808 3572 con-

542 3605 765 3676 spirare3
807 3602 1167 3673 conspirantes
1201 3603 1339 3655 enim
1358 3644 1371 3668 ,
1413 3603 1608 3655 saeculi
1650 3603 1789 3673 leges
1830 3602 2041 3674 capitali
2086 3600 2378 3672 dampnant
2422 3601 2713 3665 sententia,
2756 3611 2829 3652 et*

541 3686 916 3739 ecclesiasticae
950 3696 1247 3737 sanctorum
1287 3698 1502 3756 patrum
1536 3686 1747 3757 regulae
1782 3705 1813 3738 a
1848 3702 2014 3757 regno
2051 3684 2151 3736 Dei
2187 3682 2425 3737 iudicant
2460 3684 2679 3737 alienos,

623 3821 654 3863 1)
682 3819 735 3855 Ex
758 3818 902 3862 tribus,
928 3827 1023 3865 quae
1054 3816 1124 3853 hoc
1155 3816 1291 3854 codicis
1323 3816 1406 3854 loco
1431 3822 1543 3864 sunt,
1568 3817 1708 3867 Pelagii
1732 3816 1951 3866 fragmentis
1973 3816 2046 3855 hoc
2069 3820 2219 3855 tantum
2246 3814 2392 3855 videtur
2422 3814 2624 3854 ineditum.
2647 3813 2810 3862 Ignorat

536 3877 637 3915 hunc
663 3877 861 3917 Paulinum
885 3876 1084 3925 ughellius
1108 3877 1149 3914 in
1173 3886 1256 3924 epp.
1283 3875 1553 3925 forosempron-
