2996 4432
125 328 134 346 l

1168 272 1214 303 m
1246 270 1454 303 PSALMUM
1485 270 1568 302 vu.

184 353 190 365 ⁶
235 367 340 406 tate.
364 362 611 406 Innocentia
638 371 742 404 vero
772 357 887 402 baud
902 356 1004 400 -hoc
1028 356 1127 399 loeo
1155 356 1329 399 fatuitas

240 433 561 490 quodammodo
577 429 846 485 intelligenda
858 433 944 482 est,
958 428 1073 471 iuxta
1093 427 1198 470 illud
1215 442 1226 470 t
1256 428 1331 470 in-

240 518 399 548 nocens
413 506 544 548 homo
559 501 688 546 fidem
709 500 902 554 adiungit
922 498 1038 542 omni
1068 498 1202 540 verbo
1219 512 1231 551 3
1254 498 1330 541 sed

241 576 487 631 simplicitas
501 573 644 629 potius
661 570 749 614 doli
769 583 877 626 pura
891 584 908 631 τ’
920 581 1007 624 quo
1022 581 1148 612 sensu
1166 568 1327 611 dictum

238 652 304 690 est
317 647 370 690 ab
389 646 472 688 hoc
491 647 633 686 sancto
654 645 773 684 viro:
801 641 1083 684 innocentiam
1103 653 1239 683 meam
1261 653 1331 682 su-

232 718 365 772 scipe.
405 717 537 758 Item:
576 713 622 755 iu
655 713 939 755 innocentiam
976 724 1068 754 mea
1101 711 1326 754 ambulavi.

235 784 366 840 Quod
392 790 532 829 autem
549 785 594 826 in
611 783 863 839 quibusdam
893 783 1202 837 exemplaribus
1221 782 1330 836 legi-

234 862 332 900 tur:
352 856 489 898 iudica
514 867 606 909 me,
637 855 844 906 Domine,
875 853 1110 896 secundum
1131 853 1328 895 iustitiam

235 934 378 981 tuam3
405 927 538 969 dictio
560 926 621 969 sic
641 930 705 968 est
724 925 988 981 explananda
1006 939 1016 967 ε
1040 929 1102 967 est
1122 924 1330 980 quaedam

233 999 398 1042 institia
427 999 532 1051 Dei,
559 997 898 1053 quambomines
921 996 1097 1052 adsequi
1119 999 1326 1052 possunt,

235 1081 428 1124 quaeque
444 1069 522 1111 abs
538 1069 749 1112 deteriore
766 1069 850 1111 alia
863 1069 1022 1111 iustitia
1036 1068 1234 1111 distincta
1248 1071 1327 1110 est.

234 1140 391 1183 Paulus
414 1142 559 1196 itaque
593 1140 647 1183 de
673 1140 822 1183 harum
858 1140 1101 1182 differentia
1121 1141 1233 1182 circa
1254 1141 1328 1182 Iu-

232 1210 363 1255 daeos
378 1212 590 1255 scribens:
619 1231 636 1248 a
650 1217 785 1263 testor
797 1243 809 1266 ,
834 1213 972 1267 inquit
988 1243 1000 1265 ,
1021 1212 1104 1253 illis
1121 1211 1240 1267 quod
1258 1224 1329 1253 ze-

231 1282 321 1324 lum
337 1283 415 1324 Dei
432 1282 639 1337 habeant,
657 1282 734 1325 sed
750 1295 837 1325 non
849 1282 1077 1326 secuudum
1093 1283 1324 1325 scientiam.

234 1353 474 1396 Nescieutes
491 1354 604 1396 enim
626 1354 829 1396 iustitiam
846 1354 949 1408 Dei,
970 1366 1174 1409 suamque
1196 1353 1329 1396 stabi·-

229 1423 309 1466 lire
333 1425 545 1478 volentes,
564 1425 747 1467 iustitiae
770 1426 845 1467 Dei
870 1437 956 1466 non
988 1424 1283 1467 obediverunt.
1306 1440 1323 1460 ³>

233 1495 315 1537 Dei
331 1496 531 1537 nimirum
549 1495 753 1537 iustitiam
769 1494 913 1537 dicens
930 1494 1043 1537 illam
1060 1525 1072 1548 ,
1093 1507 1203 1550 quae
1222 1507 1328 1537 cun-

227 1566 313 1607 ctis
343 1565 616 1608 credentibus
648 1570 726 1620 per
755 1567 894 1607 Iesum
927 1566 1140 1608 Christum
1170 1565 1324 1608 datur-z

231 1648 362 1691 quam
397 1638 488 1692 ipse
517 1649 690 1692 quoque
711 1637 868 1680 habere
891 1638 1067 1692 cupiens
1085 1669 1100 1692 ‚
1131 1636 1328 1679 omnibus

235 1707 342 1750 dicit
369 1708 620 1750 valedixisse
639 1739 651 1761 ,
675 1708 831 1763 quibus
852 1707 1019 1750 iudaice
1050 1708 1185 1750 iustus
1210 1713 1324 1761 erat,

230 1783 283 1821 ut
301 1779 458 1822 habere
483 1780 790 1834 comperiretur
811 1780 927 1822 illam
951 1792 1061 1834 quae
1081 1792 1131 1821 ex
1152 1780 1242 1821 Deo
1265 1785 1329 1822 est

236 1851 439 1893 iustitiam
460 1882 473 1904 ‚
491 1863 763 1906 nequaquam
778 1864 883 1893 vero
903 1864 1038 1893 suam.
1063 1852 1181 1893 Hauc
1201 1850 1328 1892 disci-

231 1922 557 1977 pulosquoque
569 1922 726 1964 habere
740 1922 890 1965 volens
907 1923 1024 1964 Iesus
1038 1954 1050 1975 ,
1075 1921 1213 1964 aiebat
1234 1922 1334 1964 eis:

230 1994 312 2036 nisi
332 1994 614 2037 abundaverit
632 1996 789 2037 iustitia
805 2000 944 2038 vestra
965 1994 1062 2050 plus
1077 2007 1204 2050 quam
1223 1996 1328 2037 scri-

230 2065 384 2108 barum
405 2070 448 2107 et
463 2066 783 2120 pharisaeorum
797 2097 810 2119 ,
826 2078 918 2108 'uon
938 2065 1151 2108 intrabitis
1167 2066 1209 2107 in
1225 2079 1325 2121 reg-

227 2150 332 2179 ·uum
362 2138 589 2180 caelorum.
626 2138 716 2191 Age
752 2149 856 2179 vero
899 2137 979 2178 hac
1008 2140 1164 2178 statuta
1196 2136 1325 2178 diffe-

230 2208 371 2250 rentia
397 2208 606 2250 humanae
637 2208 823 2249 iustitiae
847 2207 1004 2249 ab“illa
1030 2208 1136 2261 Dei,
1173 2219 1326 2251 secun-n

221 2278 334 2328 *dum
362 2280 535 2322 Domini
565 2279 763 2321 iustitiam
799 2279 1014 2333 psalmista
1047 2279 1138 2321 vult
1165 2279 1327 2322 iudica-

228 2350 296 2402 ri3
332 2349 470 2404 probe
502 2350 665 2403 sciens,
698 2349 878 2392 salutare
907 2349 989 2391 sibi
1019 2349 1140 2404 fore,
1171 2349 1231 2392 ita
1258 2350 1326 2392 iu-

228 2420 379 2463 dicari.
1197 2432 1202 2436 ”

291 2493 396 2534 Cum
416 2492 468 2534 de
483 2494 574 2536 Deo
592 2505 733 2535 sermo
766 2498 829 2536 est
845 2524 856 2546 ‚
890 2493 1021 2536 verba
1053 2512 1069 2529 α
1090 2496 1326 2537 examinare

232 2562 363 2604 corda
399 2560 528 2617 atque
556 2565 735 2606 scrutari
757 2583 774 2600 »
817 2577 1087 2619 nequaquam
1123 2565 1327 2608 denotant

233 2646 436 2688 quaerere
457 2638 500 2676 et
519 2635 772 2689 investigare
786 2666 798 2688 ‚
822 2635 898 2677 sed
919 2636 1208 2678 omnimodam
1240 2649 1325 2692 po·-

230 2704 316 2746 tius
346 2706 771 2759 comprehensionem
790 2755 795 2761 .
811 2706 979 2749 habere.
1018 2708 1154 2750 Renes
1187 2712 1326 2750 autem

230 2775 464 2829 intelligere
487 2781 662 2830 oportet
683 2765 985 2819 intellectuales
1007 2779 1169 2820 animae
1190 2778 1326 2820 facul-

229 2849 354 2887 tates.
380 2846 503 2887 Certe
516 2846 569 2888 de
585 2847 723 2888 stultis
743 2846 903 2889 dictum
924 2852 1014 2890 est:
1039 2861 1176 2903 prope
1194 2861 1239 2890 es
1262 2851 1327 2892 ori

230 2929 403 2967 eorum,
439 2916 514 2958 sed
543 2917 714 2958 renibus
744 2918 1216 2972 procul.—-‘-·Virtualiter
1241 2919 1326 2963 hoc

230 2987 372 3028 docet:
393 2987 429 3028 si
441 2991 581 3028 rectos
594 2987 722 3029 corde
735 2988 884 3041 salvat,
899 2989 1055 3031 iustum
1069 2990 1239 3045 postulo
1256 3003 1326 3032 au,

229 3057 394 3098 xilium.
413 3057 480 3098 Ab
499 3058 592 3112 ipso
606 3089 618 3111 ‚
631 3058 788 3112 inquit,
808 3059 1028 3112 salvabor,
1047 3063 1147 3116 quia
1162 3066 1325 3104 rectum

230 3140 306 3170 cor
328 3128 465 3170 habeo
491 3133 533 3170 et
559 3127 684 3186 omni!
698 3129 799 3171 dolo
823 3143 1021 3174 vacuum.
1042 3132 1324 3184 Quamobrem

229 3188 460 3240 secundum
479 3198 765 3241 innocentiam
786 3212 924 3243 meam
944 3201 1121 3245 iudicari
1136 3214 1262 3257 rogo.

290 3269 372 3321 Qui
389 3269 586 3323 parturiit
605 3269 869 3324 iniquitatem
883 3300 895 3323 ‚
926 3277 1176 3327 conceperat
1197 3272 1322 3315 labo-

228 3352 316 3382 rem
331 3370 343 3392 ,
358 3344 407 3381 ut
419 3344 584 3394 pareret
597 3341 857 3383 iniustitiam.
876 3343 1028 3384 Partus
1038 3342 1085 3384 hi
1099 3343 1323 3397 perniciem

227 3410 412 3465 parienti
425 3411 612 3452 inferunt
626 3441 638 3463 ‚
653 3415 832 3465 propter
846 3423 965 3454 suam
981 3413 1248 3467 iniquitatem
1261 3418 1325 3455 at-

226 3492 312 3535 que
325 3479 573 3522 iniustitiam
590 3480 834 3535 puniendo:
858 3493 1038 3535 quarum
1057 3494 1180 3524 causa
1197 3482 1322 3525 labo-

204 3572 206 3574 ·
225 3563 314 3593 rem
326 3553 370 3593 in
387 3553 606 3607 punitione
619 3553 858 3606 experietur
870 3583 882 3605 ,
897 3553 963 3595 vel
978 3553 1128 3608 inipso
1147 3551 1320 3608 patrab-

227 3623 285 3664 do
304 3627 495 3677 peccato.
519 3623 771 3664 Gravissima
790 3623 902 3665 enim
920 3627 983 3665 est
1005 3628 1048 3666 et
1068 3625 1322 3679 permolesta

227 3695 463 3748 iniquitatis
494 3695 684 3748 operatio
705 3727 716 3748 ,
753 3698 794 3736 ct
828 3706 938 3749 quae
967 3694 1132 3749 plumbi
1162 3694 1320 3738 talento

227 3765 461 3827 comparari
484 3770 637 3820 queat:
672 3765 777 3806 nihil
807 3765 919 3807 enim
950 3765 1229 3820 ponderosius
1258 3771 1321 3809 est

228 3837 413 3889 nequitia
432 3866 444 3890 ,
468 3849 576 3891 quae
603 3849 770 3892 semper
799 3836 852 3879 ad
872 3837 954 3879 ima
979 3837 1153 3880 inclinat
1179 3838 1320 3881 homi-

2415 259 2505 305 145

1400 352 1591 440 πράξεσιν
1615 371 1706 416 μου·
1732 354 1904 404 ἀκακίαν
1938 354 2029 405 δὲ’
2016 377 2054 406 εν
2087 354 2257 445 τρύτοις,
2291 377 2431 426 φησιν,
2465 362 2508 407 οὐ

1401 444 1471 476 την
1503 422 1690 474 εὐήθειαν
1726 423 1978 486 ἐκληπτέον,
2014 449 2122 476 κατα
2157 450 2200 477 το
2240 428 2506 496 γεγραμμένον

1401 494 1547 549 ἄκακος
1578 492 1761 545 ωιστεύει
1798 516 1918 545 παντι
1958 494 2081 561 λέγῳ·
2121 496 2232 546 ἀλλὰ
2263 521 2337 552 την
2370 498 2504 551 ἁπλο-

1401 586 1504 617 τητα
1536 587 1609 617 την
1645 561 1761 614 δόλον
1790 564 1994 630 καθαρεύς
1998 587 2115 616 υοαν·
2149 572 2242 616 καθ’
2274 593 2320 618 ον
2352 593 2507 634 σημαι*

1396 632 1556 702 νόμενον
1594 657 1745 701 ειρηται
1783 634 1880 701 πρὲς
1918 658 1984 685 τον
2021 635 2120 686 θεον
2156 637 2230 688 ὑπὸ
2270 662 2344 688 του
2375 640 2487 706 ἅγιον

1402 707 1497 768 ἐμοῦ
1524 704 1568 754 δε
1599 703 1666 756 δια
1698 726 1769 759 την
1792 703 1962 755 ἀκακιαν
1994 707 2230 768 ἀντελάβου·
2265 733 2330 758 και
2364 733 2435 772 το,
2462 715 2504 761 ἐν

1399 774 1545 838 &namq
1566 800 1655 841 μου
1664 773 1887 844 ἐπορεύθην.
1915 776 2131 865 Φερομένου
2161 778 2243 827 ὂε’
2234 778 2274 828 έν
2307 802 2409 830 τισιν
2434 785 2505 831 ἀν·

1400 844 1618 914 τιγροὲφοις,
1649 868 1776 914 κρινον
1803 870 1858 936 ριε
1889 844 1991 916 κύριε
2021 871 2130 900 κατα
2160 848 2237 907 την
2263 850 2505 905 δικαιοσύνην

1401 939 1488 977 σον,
1522 915 1730 984 ἑξηγητεον
1763 940 1837 971 την
1871 918 1974 974 λέξιν
2008 922 2147 974 οὕτως·
2189 919 2252 976 ἔςι
2284 943 2344 975 τις
2376 926 2505 971 δικαι-

1399 986 1516 1043 οσύνη
1547 992 1637 1037 θεοῧ
1664 988 1876 1057 ἀνθρωποις
1908 1012 2064 1058 εφικτη,
2091 989 2372 1054 διας-ελλομενη
2382 1015 2505 1079 προς

1400 1057 1642 1112 δικαιοσύνην
1671 1058 1945 1148 ὑποδεεςέραν.
1982 1065 2146 1117 Παῦλος
2178 1064 2269 1126 γεῧν
2307 1059 2398 1128 περῖ
2427 1086 2506 1119 της

1400 1132 1586 1197 διαφορᾶς
1608 1130 1762 1183 τούτων
1795 1129 1951 1199 γράφων
1982 1153 2069 1197 περι
2100 1129 2315 1180 Ἰονόαιων·
2354 1157 2372 1176 α
2392 1155 2502 1199 μαρ·

1409 1222 1427 1243 »
1465 1222 1564 1266 τνρω
1597 1198 1674 1267 γὰρ
1705 1204 1843 1259 αὐτοις
1861 1241 1874 1260 .,
1909 1202 2000 1270 ἔφη,
2035 1224 2096 1252 οτι
2122 1207 2240 1258 ζῆλον
2265 1204 2403 1252 Sem?
2385 1225 2506 1268 εχου-

1409 1292 1428 1313 n
1465 1291 1549 1330 σιν,
1585 1274 1674 1321 ἀλλ’
1705 1274 1749 1322 οὗ
1779 1274 1874 1324 κατι
1901 1271 2126 1339 ἐπίγνωσιν·
2159 1293 2388 1338 αγνοονντες
2424 1273 2504 1342 γὰρ
2551 1299 2561 1306 s

1408 1363 1428 1384 n
1465 1363 1538 1394 την
1571 1365 1641 1393 τον
1673 1347 1760 1393 θεοῧ
1790 1342 2057 1402 δικαιοσύνην,
2090 1367 2152 1392 και
2193 1364 2265 1394 την
2298 1344 2402 1393 idias)
2436 1344 2501 1394 θέ-

1409 1433 1427 1453 ·>
1464 1417 1599 1467 λοντες
1631 1417 1780 1466 στῆσαι
1800 1453 1812 1473 ,
1854 1418 1904 1480 τῇ
1939 1413 2159 1480 δικαιοσύνῃ
2190 1419 2258 1462 τοῦ
2291 1412 2392 1464 θεον
2426 1418 2500 1480 οὐχ

1409 1503 1427 1524 »
1434 1482 1743 1567 ὖωετάγησαν.
1771 1504 1794 1532 ))
1836 1488 1937 1534 ΘεοΝ
1897 1508 1939 1532 ν
1974 1482 2018 1534 δε
2055 1483 2300 1536 δικαιοσύνην
2337 1484 2495 1551 λέγων,

1399 1572 1471 1603 την
1505 1557 1562 1610 εἷς
1594 1553 1747 1610 πάντας
1772 1579 1861 1611 τους
1894 1553 2027 1611 πιςεύο
2030 1576 2150 1643 ”vagu
2159 1552 2224 1604 διὰ
2245 1558 2377 1608 Ἰησοῦ
2400 1563 2500 1624 Χρι-

1401 1627 1499 1672 στοῧ
1528 1624 1744 1691 γινομένην·
1782 1647 1832 1678 ην
1864 1649 1931 1674 και
1970 1649 2092 1681 αντσς
2132 1624 2240 1689 ἔχειν
2278 1625 2461 1690 ποὲησας
2483 1666 2498 1687 .‚

1399 1690 1504 1761 λεγει
1536 1718 1679 1746 σαντα
1709 1698 1784 1748 ἀπε
1766 1694 2022 1787 ζπεπέμφὲαι
2060 1699 2110 1745 δι’
2139 1716 2167 1744 οι
2198 1699 2402 1751 ιὀυόαἱκῶς
2440 1697 2498 1747 δι’·

1398 1785 1503 1820 καιος
1535 1770 1738 1830 ὖπηρχεν,
1766 1770 1838 1816 ινα
1870 1767 2002 1832 εὑρεθῇ
2034 1789 2104 1833 την
2138 1770 2179 1815 ἐκ
2210 1772 2308 1815 θεοῦ
2338 1765 2405 1815 δια
2434 1766 2501 1819 ‘m'-

1400 1856 1524 1891 στεως
1569 1836 1810 1890 δικαιοσύνην
1856 1837 1992 1900 ἔχων,
2031 1836 2098 1886 ml
2137 1834 2194 1901 μγ)
2231 1835 2301 1888 triv
2340 1839 2497 1888 ἔαυτοῧ·

1400 1901 1546 1958 ταύτην
1577 1906 1641 1956 καὶ
1677 1906 1762 1963 τοῗς
1795 1911 1996 1970 μαθηταῖς
2019 1909 2269 1973 ὗπαρχθῆναι
2300 1912 2319 1956 ὃ

1397 1973 1530 2024 θέλων
1552 2017 1565 2037 ,
1600 1974 1839 2043 ε”ἶπενπρός
1877 1977 2031 2033 αὐτούς·
2052 1977 2135 2027 ἐὀὶν
2172 1978 2226 2042 μη
2262 1976 2499 2045 περισσεύσῃ

1398 2046 1502 2109 ὑμῶν
1539 2049 1565 2100 ἦ
1601 2048 1819 2100 δικαιοσύνη
1857 2047 1979 2097 σλέον
2016 2054 2092 2100 τῶν
2130 2046 2406 2115 γραμματέων
2433 2049 2499 2099 καὶ

1398 2116 1614 2184 φαρισαῖων
1635 2160 1649 2178 .,
1683 2122 1727 2168 οὗ
1757 2116 1812 2182 μη
1845 2117 2054 2171 εἰσέλθητε
2091 2122 2148 2174 εἷς
2181 2118 2253 2171 την
2289 2122 2500 2180 βασιλειαν

1400 2191 1475 2236 τῶν
1506 2190 1686 2256 οὐρανῶν·
1721 2187 1872 2247 ταύτης
1905 2194 1980 2245 τῆς
2013 2188 2225 2246 ὂιαστολῆς
2257 2190 2393 2248 οὔσης,
2429 2193 2497 2239 ἀν-

1396 2257 1601 2324 θρωπίνης
1638 2257 1882 2314 δικαιοσύνης
1919 2257 1987 2308 καὶ
2026 2264 2096 2315 τῆς
2132 2264 2199 2315 τοῦ
2230 2264 2360 2317 3205,
2389 2259 2498 2310 ’κατὰ

1398 2327 1468 2380 την
1500 2336 1570 2379 τοῦ
1599 2329 1796 2382 ὃεσωότον
1831 2328 2022 2390 βούλεται
2058 2335 2265 2395 κριθῆναι·
2302 2330 2410 2386 εἰὂῶς
2444 2334 2498 2387 ὥς

1397 2400 1643 2460 ἀποβήσεται
1666 2402 1849 2465 αὐτῷεἱς
1876 2401 2070 2469 σωτηρίαν
2096 2399 2139 2451 τὸ
2173 2403 2272 2450 οὕτω
2301 2406 2497 2467 κριθῆναι.

1464 2471 1559 2522 Ἐπὶ
1593 2476 1678 2536 5·εῷ
1707 2469 1750 2522 τό
1785 2469 1984 2528 ἐξετάζειν
2016 2470 2083 2522 καὶ
2118 2474 2274 2538 ἑρευνᾷν
2306 2474 2495 2539 καρδίας,

1396 2543 1439 2590 οὗ
1473 2540 1516 2591 ‘cox
1551 2547 1682 2598 Cart-27³)
1713 2540 1780 2591 καὶ
1812 2539 2026 2606 ἀνιχνεύειν
2064 2546 2208 2604 δηλοῖ,
2246 2541 2354 2591 ἀλλὰ
2389 2565 2498 2594 παν-

1397 2618 1492 2664 τελῆ
1523 2609 1798 2678 καταληψιν”
1780 2635 1908 2676 εχειν.
1939 2611 2116 2699 Νεφρονς
2148 2610 2212 2670 δὲ,
2249 2618 2382 2677 ψυχῆς
2408 2636 2498 2665 νοη-

1397 2704 1474 2738 τας
1506 2681 1669 2740 ἀκουςέ
1654 2704 1692 2731 ν
1723 2684 1923 2746 δυνάμεις·
1958 2681 2141 2747 οἷμὲλει,
2129 2705 2215 2748 περι
2249 2681 2412 2751 φαύλων
2444 2684 2501 2734 εἴ·

1394 2774 1525 2819 ρηται·
1559 2751 1677 2820 ἐγγυς
1710 2759 1742 2802 εἰ
1774 2776 1843 2802 τον
1873 2776 2071 2818 στοματος
2103 2776 2267 2814 αντων,
2300 2752 2431 2841 πύρ’ρω
2455 2754 2498 2804 δὲ

1396 2822 1476 2873 α’πο
1498 2830 1573 2873 τῶν
1593 2828 1750 2892 νεφρῶν.
1739 2822 1982 2888 .--Δννοεμ.ει
2006 2828 2118 2874 τοῦτο
2138 2821 2333 2873 <induam-
2356 2828 2392 2872 εἶ
2412 2823 2498 2879 τούς

1397 2896 1531 2949 suffag
1570 2899 1618 2959 τῇ
1655 2892 1796 2961 καρόιᾳ
1833 2892 1911 2949 σωΥ
1916 2915 1970 2954 ει
2010 2894 2193 2943 desuem
2213 2891 2364 2942 &cnam
2395 2895 2473 2949 βο’
2445 2918 2496 2948 η-

1395 2971 1527 3012 ..aetoev'
1562 2965 1650 3051 παρ’
1684 2968 1840 3024 αντοῧ,
1875 2964 1946 3041 ε’φη
1969 3002 1982 3023 ,
2022 2962 2293 3027 σωθήσομαι,
2329 2964 2495 3013 eti-&clav

1395 3029 1610 3121 καρδιαν
1591 3057 1694 3098 εχων
1728 3031 1841 3089 ἕκτος
1867 3054 1988 3083 ουσαν
2013 3055 2166 3088 παντος
2190 3036 2316 3083 δόλον·
2345 3034 2403 3083 διο
2428 3058 2493 3083 και

1397 3127 1463 3154 επι
1496 3109 1545 3170 τῇ
1577 3103 1724 3166 οἷκακῖᾳ
1758 3127 1832 3168 μου
1868 3102 2054 3171 κριὲηναι
2087 3103 2241 3168 θεομαι.

1464 3249 1516 3295 Ὁ
1547 3242 1743 3301 σῖὂινησας
1773 3245 1975 3308 α’νομιαν,
2016 3242 2234 3306 συνέλαβεν
2271 3245 2387 3297 πόνον
2426 3245 2492 3297 ε’πι

1395 3321 1451 3381 τῷ
1466 3320 1590 3366 τεκεῖν
1616 3314 1791 3365 οἷδικιαν·
1817 3319 1946 3366 ταῦτα
1981 3338 2033 3365 τοι
2063 3315 2298 3381 γενντῖματα
2324 3317 2491 3384 ολεὲρον

1394 3391 1450 3450 τῷ
1479 3409 1668 3439 κνησαντι
1692 3390 1867 3471 προξενει
1890 3410 1933 3434 κο
1935 3383 2218 3450 λασθησομένῳ
2247 3388 2294 3436 δι’
2325 3409 2396 3436 ανο
2381 3386 2494 3452 μίαν

1391 3479 1460 3505 και
1493 3455 1643 3506 adaman
1679 3453 1707 3503 ἃ
1744 3454 1947 3508 ε’ωοιησεν·
1985 3479 2045 3517 οις
2081 3456 2385 3517 καταλλη-λως,
2423 3481 2490 3506 και

1393 3546 1508 3576 πονον
1541 3548 1607 3576 τον
1644 3529 1686 3575 ἐν
1724 3531 1774 3591 τῇ
1808 3550 1848 3575 κο
1834 3525 1963 3576 λα’σει
2001 3526 2260 3592 συλλήψεται·
2309 3525 2335 3580 ἦ
2370 3530 2490 3578 ωόνον

1394 3618 1461 3645 τον
1487 3595 1553 3646 ἐπι
1579 3600 1634 3661 τῷ
1659 3595 1909 3662 οἷμαρτανειν·
1930 3597 2136 3684 βαρυτάτη
2159 3620 2236 3665 γαρ
2259 3621 2326 3646 και
2358 3620 2491 3660 επαχ-

1389 3665 1473 3722 &ng
1503 3667 1528 3718 ἦ
1560 3671 1632 3721 τῆς
1664 3668 1732 3715 dvo
1733 3690 1827 3730 μιας
1861 3667 2028 3735 ἐργασία
2061 3665 2398 3734 παραβαλλομένη
2426 3689 2492 3716 τα-

1391 3736 1544 3800 λαντῳ
1562 3734 1739 3823 μολιβορ·
1779 3736 1889 3786 audiv
1925 3760 2003 3804 γαρ
2045 3759 2376 3805 κατωφερεστερον
2416 3758 2489 3791 της

1389 3828 1551 3868 κακιας,
1576 3809 1623 3856 οἷε
1628 3832 1638 3855 ι
1665 3830 1771 3858 κατω
1795 3805 1982 3876 φερούσης
2008 3831 2074 3858 τον
2098 3811 2183 3858 κατ’
2206 3806 2334 3860 αὐτην
2367 3829 2487 3857 ποιω-

2340 3912 2385 3946 19

2344 1907 2500 1964 Ἰησοῧς

2535 3261 2571 3354 s==÷><

2584 3258 2619 3353 θριξὶ-ζ
