2944 4426
1172 254 1234 285 m*
1253 247 1516 284 Pliovn'nma.

211 349 309 388 cata
347 349 449 400 tua,
470 333 534 389 'ut
570 343 820 388 iustificeris.
853 342 960 384 Item
986 341 1183 384 Salomon
1213 341 1302 383 ait:

217 419 291 472 qui
321 418 459 473 operit
488 417 751 472 iniquitatem
779 426 898 456 suam
913 444 926 467 ,
957 423 1045 456 non
1077 424 1305 468 prospera-

215 487 356 530 bitur:
381 489 455 544 qui
481 493 620 532 autem
643 489 808 529 enarrat
825 489 868 527 et
892 485 1123 540 vituperat,
1151 483 1222 526 hic
1246 483 1308 526 di-

221 559 391 614 ligetur.

270 702 542 756 *Quicumque
569 699 765 742 mandata
796 699 874 742 Dei
901 698 1200 752 observamus,
1227 711 1306 741 au-

217 774 337 827 gelos
361 773 638 815 demeremur.
667 771 756 826 Ipsi
781 770 908 813 duces
935 771 1070 813 nostri
1090 773 1190 812 sunt
1207 780 1310 822 ,su-

219 847 360 900 scepta
388 843 440 886 ab
468 843 592 886 initio
610 843 744 886 tutela
767 848 936 896 nostra,
966 855 1063 886 cum
1095 842 1310 890 dividebat

218 915 454 958 Altissimus
468 918 613 970 gentes
629 945 641 966 ‚
673 913 971 968 statuebatque
991 913 1095 958 fines
1120 914 1310 969 populo-

196 993 312 1028 -rum
336 979 569 1027 secundum
595 994 818 1027 numerum
838 985 1087 1041 augelorum
1107 986 1199 1027 Dei.
1223 987 1312 1039 Age

216 1067 321 1100 vero·
350 1056 606 1099 demerendo
632 1056 760 1099 duces
790 1059 960 1099 nostros
991 1057 1163 1111 angelos
1178 1087 1190 1110 ‚
1219 1058 1311 1098 Do-

217 1127 403 1182 minique
434 1128 654 1170 voluntate
673 1127 943 1182 adimplenda
959 1160 972 1182 ‚
997 1128 1153 1170 iustum
1177 1141 1202 1169 a
1224 1128 1312 1169 Do-

217 1197 333 1241 mino
372 1199 608 1253 praemium
643 1198 719 1240 illa
754 1198 820 1240 die
856 1210 1192 1253 consequemur,
1226 1211 1311 1253 qua

218 1269 424 1313 mundum
458 1270 664 1313 iudicabit
695 1283 790 1312 cum
819 1270 1001 1313 iustitia:
1033 1270 1309 1325 quandoqui-

218 1341 314 1384 dem
343 1354 468 1384 omne
493 1340 696 1384 iudicium
726 1345 849 1397 pater
875 1342 964 1386 filio
992 1341 1184 1384 tradidit.

1145 1481 1323 1522 CAP.

221 1594 477 1682 Fortitudo
502 1645 564 1683 est
600 1642 761 1696 optima
789 1642 968 1696 qualitas
997 1642 1155 1684 animae
1180 1641 1308 1684 ratio-

221 1709 355 1752 nalis
339 1741 351 1763 ‚
377 1723 460 1766 qua
483 1711 744 1755 adversantes
763 1712 844 1755 sibi
866 1713 1056 1755 inimicos
1073 1715 1211 1755 anima
1232 1726 1306 1755 su—

223 1785 359 1836 perat.

279 1854 482 1909 Superata
505 1854 739 1897 adversaria
768 1856 979 1911 potentia,
1003 1835 1256 1899 manubias
1244 1869 1310 1898 m·-

222 1924 274 1967 de
304 1926 522 1980 capimus,
563 1927 846 1970 litteraturam
884 1931 972 1971 eius
1002 1928 1228 1971 discendo:
1263 1933 1312 1970 ut

219 1997 321 2039 vitia
350 1997 439 2040 eius
457 1998 592 2053 palam
610 1999 809 2041 facientes
823 2031 836 2051 ‚
873 2013 962 2042 non
988 1999 1117 2058 modo
1138 2004 1312 2042 caveant

218 2081 242 2110 a
270 2069 433 2123 laqueis
472 2070 776 2124 simpliciores,
814 2071 894 2112 ,sed
933 2072 1058 2113 etiam
1098 2074 1313 2126 quotquot

217 2140 370 2182 irretiti
398 2140 564 2183 fuerant
591 2141 714 2183 facile
741 2141 964 2196 effugiant.

277 2212 432 2253 Lanam
468 2212 688 2267 linumque
717 2217 790 2254 net
819 2204 985 2268 anima,
1022 2226 1119 2256 cum
1156 2214 1313 2256 anima-

219 2286 357 2324 tarum
387 2286 431 2324 et
457 2283 781 2326 inanimatarum
812 2283 1028 2326 doctrinas
1052 2283 1309 2338 meditatum

218 2353 287 2395 vel
316 2366 412 2396 cum
441 2354 649 2409 practicae
679 2359 723 2396 et
751 2354 953 2410 physicae
983 2359 1195 2397 scrutatur
1217 2367 1310 2397 me-

219 2423 397 2467 thodos:
419 2425 486 2467 vel
505 2437 600 2467 cum
617 2418 969 2482 incorporeorum
986 2425 1195 2468 theoriam
1215 2438 1312 2481 pra-

220 2496 326 2538 ctica
355 2497 410 2540 ad
439 2510 483 2539 se
512 2497 981 2540 trahitconsuetudine.

280 2566 415 2609 Noctu
446 2573 735 2622 exsurgentem
772 2570 974 2622 animam,
1000 2569 1173 2623 vigilem
1195 2570 1312 2611 inve-

220 2637 284 2679 nit
313 2650 492 2692 sponsus
520 2640 703 2682 iustitiae
722 2640 810 2695 sol,
836 2653 911 2682 nec
933 2653 1018 2682 non
1043 2641 1162 2683 enixe
1185 2654 1312 2684 oran-

221 2713 308 2750 tem
339 2713 386 2750 ut
415 2721 468 2751 ne
487 2709 531 2752 in
560 2712 838 2753 tentationem
858 2701 1044 2764 incidat,
1078 2711 1310 2754 dicentem-

223 2792 331 2834 que:
365 2780 535 2834 vigilavi
564 2786 608 2823 et
635 2781 749 2824 facta
779 2795 872 2824 sum
901 2783 1018 2824 velut
1040 2794 1182 2837 passer
1211 2782 1312 2824 soli-

221 2852 371 2892 tarius.
405 2852 478 2893 Est
498 2847 637 2894 autem
655 2852 774 2895 cibus
796 2853 980 2905 animae,
1004 2853 1224 2896 meditatio
1243 2853 1312 2895 di-

220 2923 419 2963 vinorum
449 2922 745 2977 eloquiorum}
780 2934 908 2978 opera
930 2955 942 2978 ‚
975 2929 1073 2966 sunt
1102 2924 1307 2966 virtutes:

223 2992 396 3034 ancillae
419 3023 430 3046 ,
463 3005 622 3035 seusus.
654 2995 770 3036 Haec
787 3007 888 3050 ergo
907 2996 1072 3041 confert
1093 2995 1312 3039 domicilio

221 3077 299 3106 suo
322 3065 535 3119 corporali
557 3065 858 3107 aestimabilior
881 3067 1077 3122 pretiosis
1098 3067 1312 3122 lapidibus

221 3135 369 3176 anima.

278 3206 474 3247 Animam
502 3206 583 3247 viri
612 3205 726 3260 frugi
757 3206 857 3249 dicit
875 3209 1114 3262 ecclesiam,
1150 3210 1312 3264 lignum

219 3277 414 3319 scientiae
444 3280 488 3318 et
516 3275 678 3330 lignum
703 3278 811 3320 vitae
838 3278 1065 3322 habentem
1081 3294 1093 3334 ;
1111 3282 1312 3324 scientiae

221 3351 270 3390 ut
298 3347 403 3401 legis
423 3378 434 3400 ,
467 3347 577 3389 vitae
618 3334 666 3390 ut
694 3349 830 3391 verbi.
871 3350 967 3404 Ipsa
1003 3352 1112 3393 enim
1144 3357 1206 3394 est
1242 3365 1313 3395 ec-

221 3418 349 3460 clesia
379 3431 485 3473 quae
517 3417 570 3460 de
599 3418 727 3460 latere
760 3419 913 3461 Christi
943 3422 1150 3475 processit
1165 3453 1178 3472 ‚
1195 3423 1310 3465 eius-
1356 3467 1358 3469 ‚

222 3501 305 3543 que
335 3501 491 3544 sponsa
520 3490 694 3531 inventa
714 3494 776 3532 est
792 3521 803 3542 ‚
828 3489 985 3545 pudica
1008 3496 1050 3533 et
1068 3491 1197 3533 fortis·
1213 3504 1311 3534 mu-

219 3559 326 3614 lier,
359 3560 489 3604 fidem
519 3561 620 3603 huic
650 3574 845 3615 servans,
889 3574 1070 3617 eumque
1110 3575 1313 3616 sponsum

222 3626 429 3674 de‘caelis
458 3633 611 3674 iterum
644 3637 881 3686 expectans.

279 3703 439 3756 Fusus,
473 3708 536 3746 est
566 3716 672 3759 pura
692 3716 808 3745 mens
822 3734 833 3756 ,
858 3705 1054 3746 virtutem
1073 3705 1221 3747 virtuti
1243 3717 1315 3760 ag-

221 3772 455 3825 glomerans
472 3805 483 3826 ,
523 3779 566 3816 et
609 3774 763 3828 dogma
803 3774 991 3828 dogmati
1012 3790 1021 3816 ε
1041 3791 1043 3793 ·
1066 3776 1149 3817 vel·
1173 3789 1311 3818 sermo

2410 238 2471 283 55

1379 359 1452 392 κας
1485 355 1558 390 την
1589 335 1775 398 ἀσέβειαν
1807 342 1877 393 τῆς
1899 335 2056 406 καρόιας
2081 358 2166 402 μου·
2201 361 2269 387 και
2299 332 2391 403 λεγε
2414 360 2484 389 ,συ

1380 428 1530 473 πρωτος
1551 404 1620 462 τὰς
1639 405 1837 474 ἁμαρτιας
1858 430 1940 465 σου,
1949 411 2018 456 ἵνα
2037 409 2287 474 δικαιωθῇςῆ

1381 477 1484 528 λιν“
1465 500 1484 526 ο
1510 482 1691 541 Σολομων
1722 475 1839 546 φησίν
1863 477 1898 506 '‘·
1938 501 1957 527 ο
1995 477 2265 529 ἑπικαλυπτων
2291 477 2476 540 ἀσέβειαν

1382 549 1527 609 αὑτοῦ,
1566 551 1644 598 οὐχ’
1672 546 1966 599 εὖοδωθήσεται·
2012 550 2030 597 ὂ
2067 547 2110 598 δὲ
2150 549 2395 614 ἐξηγούμενος
2415 548 2478 598 καὶ

1382 618 1554 685 ἐλέγχων
1575 658 1587 680 ,
1622 616 1947 685 ἀγαπηθήσεται.
2054 628 2058 633 ”

1439 692 1562 740 Ὅσοι
1595 694 1862 757 κατορθοῖμεν
1895 690 1968 743 τὰς
2001 688 2187 748 ἐντολὰς,
2222 689 2477 756 θεραπεῦομεν

1383 762 1468 816 τοὺς
1483 760 1688 828 ἀγγέλους·
1702 758 1812 809 aurci
1828 762 1903 826 γάρ
1923 762 2022 811 εἰσιν
2039 757 2280 825 οἶῆγούμενοι
2299 761 2429 822 {mavi
2443 763 2476 825 ),

1383 836 1448 884 ἀπ’
1467 833 1595 898 α’ρχῆς
1617 831 1806 894 λαβόντες
1818 830 1950 895 {ly-323,
1972 833 2039 882 ὅτε
2059 828 2266 897 διεμέριζεν
2292 831 2310 878 ὃ
2335 834 2477 895 ὖψιςος

1384 903 1498 963 ἔθνη,
1531 903 1596 951 καὶ
1626 904 1767 990 {fuce-a
1797 903 1897 990 ’ὅρια
1917 903 2041 950 ἐθνῶν
2071 899 2180 949 κατὰ
2206 899 2376 969 ἀριθμόν
2409 904 2481 967 ἀγ-

2310 431 2373 457 καί
2401 429 2477 459 πα·

1383 971 1505 1040 γέλων
1541 976 1672 1024 αὐτου·
1715 976 1757 1022 ἐν
1793 972 1835 1021 δὲ
1873 977 1929 1036 τῷ
1963 969 2196 1040 θεραπευειν
2239 974 2346 1034 ἡμᾶς
2392 994 2497 1030 τους,

1383 1067 1569 1112 ηγουμενο
1554 1068 1617 1101 υς
1650 1048 1758 1108 ἦμῶν
1792 1041 1935 1109 ἀγγέλο
1938 1065 2005 1101 υς,
2041 1045 2078 1090 ἐν
2111 1046 2167 1106 τῷ
2188 1040 2389 1130 θεληματι
2416 1065 2455 1092 τε
2459 1046 2483 1090 {J

1383 1138 1535 1182 κυριου,
1571 1118 1608 1165 ἐν
1639 1119 1690 1181 τῇ
1721 1136 1843 1181 κρισει
1878 1112 2023 1162 δικαιον
2054 1110 2215 1179 υπαρξει
2246 1114 2342 1175 ἧμῖν
2376 1135 2484 1179 παρα

1386 1191 1453 1237 τοῧ
1474 1183 1601 1272 κυρῖου
1626 1189 1665 1234 ἐν
1691 1185 1813 1250 ἐκείνῃ
1838 1207 1888 1250 τῃ
1914 1182 2062 1253 ημέοᾳ,
2089 1206 2153 1233 0⁷:2-
2178 1189 2293 1249 κρινεῖ
2320 1206 2389 1235 την
2425 1186 2482 1231 οἷ-

1383 1281 1426 1307 κο
1430 1279 1570 1320 υμενην
1603 1261 1643 1306 ἐν
1675 1261 1798 1306 δικαιο
1783 1276 1913 1321 συνῃ·
1949 1278 1980 1304 ει
2013 1277 2095 1321 γε,
2083 1258 2220 1305 πᾶσαν
2250 1276 2323 1307 την
2353 1278 2479 1323 κρισιν

1383 1330 1403 1377 ὁ
1435 1346 1567 1393 πατηρ
1599 1326 1738 1378 δεδωκε
1771 1332 1827 1377 τῶ
1856 1327 1939 1392 υιῷ.

1387 1480 1538 1521 XXXI.

1390 1601 1595 1705 Ανόρεία
1642 1635 1751 1688 ἐστὶν
1795 1639 1873 1693 ἕξις
1916 1635 2057 1704 ἀρίστη
2101 1644 2258 1705 λογικῆς
2311 1644 2480 1703 ψυχῆς,

1380 1709 1476 1757 καθ’
1507 1706 1555 1761 ἦν
1590 1712 1664 1758 τῶν
1699 1707 1967 1771 ἀντικειμένων
2005 1710 2104 1761 αὕτη
2136 1709 2372 1777 κεκράτηκεν
2407 1714 2483 1773 ἐχ-

1378 1785 1501 1846 ἓρων.

1451 1847 1701 1905 Νικήσαντες
1722 1874 1794 1902 την
1816 1847 2078 1926 ἀντικειμένην
2099 1847 2280 1915 δυναμιν,
2303 1850 2484 1900 σκυλευο-

1381 1943 1451 1984 μεν
1483 1944 1634 1979 ocur-nv,
1658 1944 1746 1975 τους
1779 1944 1864 1988 περι
1893 1923 2016 1975 ocur-1⁹23
2043 1918 2180 1987 λόγους
2205 1917 2479 1985 μανθανιντες·

1377 1994 1449 2040 ἵνα
1467 1990 1522 2043 τοὶ
1540 1993 1627 2041 κατ’
1652 1990 1776 2043 αὐτην
1802 1995 1933 2060 φαυλα
1954 1995 2055 2043 ἇηλα
2075 1991 2485 2057 noi-hoavreffica'mayt-

1382 2066 1422 2111 ὂε
1409 2084 1505 2112 ευτοι
1527 2060 1684 2124 μένωσι,
1705 2085 1758 2125 μη
1779 2062 1893 2126 μόνον
1911 2086 1943 2110 οι
1966 2060 2181 2129 ἁπλουςερο
2186 2087 2213 2123 ι,
2235 2061 2345 2110 ἀλλὰ
2363 2086 2430 2111 και
2451 2085 2483 2110 οι

1381 2131 1763 2198 συλλαγωγηὲἑντες
1795 2132 1951 2217 ῥᾳόιως
1971 2130 2200 2200 ἐκφευγωσιν
2234 2135 2299 2184 ἀπ
2340 2134 2484 2188 αὐτῆς.

1452 2202 1588 2269 Μηρύε
1593 2226 1655 2252 ται
1689 2225 1732 2252 το
1767 2203 1865 2270 ἔριον
1890 2226 1954 2252 και
1985 2203 2091 2252 λινον
2115 2202 2247 2268 ψυχη,
2275 2226 2363 2259 τους
2397 2224 2482 2268 περι
2549 2256 2556 2264 ,

1384 2273 1570 2338 ἐμψύχων
1602 2298 1667 2322 και
1691 2272 1858 2339 ἀψυχων
1883 2272 2020 2354 λόγους
2036 2274 2213 2339 γυμνάζ
2201 2293 2315 2324 υσα·
2349 2269 2374 2325 ἦ
2398 2296 2484 2328 τους

1374 2365 1467 2411 ’περι
1501 2349 1713 2412 πρακτικῆς
1746 2368 1811 2393 και
1845 2367 2007 2432 φυσιν-ης
2050 2343 2287 2400 ἐξεταζσυσα
2328 2342 2479 2410 λόγους·

1380 2412 1406 2466 ἢ
1438 2437 1509 2466 την
1542 2438 1630 2482 περι
1665 2414 1855 2478 σωμάτων
1885 2439 1950 2464 και
1987 2414 2208 2478 ἀσωμάτων
2237 2413 2396 2482 θεωριαν
2422 2414 2486 2464 διὰ

1383 2489 1454 2541 τῆς
1486 2491 1695 2552 πρακτικῆς
1726 2489 1899 2536 ελκουσα
1932 2508 2025 2553 προς
2059 2485 2185 2538 αὐτὴν
2217 2488 2343 2542 ἕξεως.

1440 2554 1500 2606 Η
1537 2581 1605 2606 και
1644 2579 1714 2610 την
1753 2560 1794 2606 ἐκ
1829 2580 1969 2611 νυκτος
2002 2554 2273 2620 ἀνισταμενην
2314 2560 2482 2620 ψυχῆν,

1378 2631 1644 2711 γρηγοροῧσαν
1693 2625 1856 2695 εὖρισκει
1903 2651 1922 2676 o
1970 2632 2040 2682 τῆς
2084 2626 2324 2682 δικαιοσύνης
2364 2629 2484 2682 ἦ-λιος

1381 2696 1562 2766 νυμφίος·
1597 2697 1755 2754 πάντως
1787 2699 1829 2748 δὲ
1865 2722 1933 2747 και
1970 2720 2046 2765 ωρ.
2050 2696 2290 2762 σευχομὲνην
2328 2696 2398 2746 του
2428 2701 2483 2760 μὴ

1385 2770 1573 2831 ε’μπεσέῖν
1607 2771 1664 2824 εἷς
1686 2790 1925 2837 πειρασμον,
1947 2767 2139 2835 λέγουσαν
2159 2792 2230 2826 το,
2250 2766 2485 2855 ἦγρυπνησα

1382 2861 1449 2887 κοιι
1475 2837 1661 2903 ἐγενόμην
1686 2840 1733 2895 ὦς
1758 2839 1933 2906 ςρουθῖον
1958 2838 2104 2902 μονάζο
2107 2861 2127 2886 ν
2162 2838 2223 2889 ἐπι
2251 2837 2480 2901 δῶματος*·

1382 2912 1520 2974 βρῶμα
1551 2907 1628 2958 δέ’
1615 2932 1677 2966 εςι
1702 2914 1857 2974 ψυχῆς,
1883 2914 1908 2962 ἦ
1932 2908 2076 2972 μελέτη
2103 2930 2178 2960 των
2198 2907 2314 2957 esim
2339 2907 2480 2974 λέγων·

1386 2978 1482 3045 ἔργα
1508 2977 1573 3037 δε,
1608 3002 1649 3028 αι
1669 2978 1834 3057 ἀρεται·
1870 2978 2152 3046 ἓεραπαινιόες
2178 2978 2245 3038 δε,
2272 3002 2315 3026 αι
2341 2976 2485 3030 αισθη-

1382 3070 1481 3104 σεις·
1519 3072 1617 3099 ταυτ
1651 3072 1713 3099 ουν
1739 3048 1903 3115 παρέχει
1927 3051 1952 3102 ἦ
1979 3071 2186 3115 τιμιωτερα
2217 3046 2334 3097 λιθων
2367 3073 2415 3100 πο
2401 3054 2485 3096 λυ-

1385 3124 1503 3170 ‘celem‘
1534 3120 1646 3184 ψυχη
1680 3126 1732 3185 τῷ
1764 3124 1975 3185 σωματικῷ
2007 3124 2126 3175 αὐτῆς
2162 3143 2266 3182 οικῳ.

1454 3188 1541 3242 Την
1567 3215 1634 3241 του
1657 3215 1732 3243 σπο
1718 3190 1868 3240 υόαιου
1890 3188 2026 3256 ψυχνιν
2064 3212 2179 3257 φησιν
2209 3213 2388 3254 εχουσαν
2423 3193 2485 3238 ἐκ·

1383 3259 1548 3313 κλησιαν
1573 3259 1682 3317 ξυλον
1705 3283 1905 3328 γνωσεως,
1932 3285 1996 3310 και
2023 3260 2135 3318 ξυλον
2160 3265 2278 3317 ζωῆς
2313 3283 2486 3326 “lvoeoem3

1384 3354 1456 3393 μεν
1488 3355 1537 3386 ως
1570 3355 1711 3396 νομου,
1746 3337 1847 3388 ζωῆς
1871 3331 1914 3382 ds
1939 3335 1986 3386 ὧς
2011 3332 2102 3398 λᾶγο
2106 3353 2143 3381 υ·
2171 3334 2275 3383 αὕτη
2300 3353 2377 3398 γαρ
2402 3334 2486 3387 ἑςιν

1385 3402 1409 3452 ’ἦ
1444 3404 1486 3449 ἓν.
1518 3407 1687 3469 πλευρᾶς
1719 3407 1898 3469 Χριστοῦ
1934 3407 2183 3468 προελθοῦσα
2204 3442 2218 3460 .,
2256 3425 2324 3451 και
2358 3425 2483 3468 νυμφη

1387 3468 1520 3520 τούτου
1553 3473 1790 3539 ευρεθέῖσα
1823 3475 1848 3525 ἦ
1881 3494 2035 3540 σωφρων
2065 3497 2131 3522 και
2166 3469 2323 3540 ἀνδρεία
2355 3496 2452 3538 γυνη
2472 3510 2484 3531 ,

1384 3563 1408 3591 η
1427 3562 1495 3592 την
1521 3540 1632 3598 πῖςιν
1658 3565 1792 3592 τουτου
1818 3565 2048 3610 τηρησασα,
2074 3566 2137 3592 και
2165 3565 2300 3594 τουτον
2321 3563 2484 3610 νυμφιον

1385 3613 1452 3660 ἀπ’
1483 3615 1649 3678 οὐρανῶν
1682 3611 1799 3663 παλιν
1823 3636 1893 3679 πρε
1877 3616 2087 3664 sodomama.

1445 3680 1668 3748 Ατρακτος
1715 3686 1820 3734 ἐστιν
1865 3688 1947 3738 νοῦς
1985 3691 2204 3750 καοαρος,
2244 3681 2483 3746 συμωλεκων

1387 3750 1526 3816 οέρετην
1559 3754 1616 3802 ἐπ’
1648 3755 1767 3820 ἀρετῇ
1789 3794 1801 3812 ,
1835 3777 1900 3803 και
1928 3752 2096 3820 δόγματι
2134 3753 2273 3819 δόγμα
2309 3751 2334 3804 ²0
2368 3750 2481 3818 λσγῡς

272 3860 306 3899 J)
327 3859 470 3893 Observa
492 3861 639 3903 Origcnis
659 3862 884 3895 testimonium
903 3862 944 3895 de
965 3863 1156 3896 custodibus
1178 3864 1347 3897 hominum
1370 3865 1500 3907 angelis.

2521 426 2582 455 'IS-
2601 425 2707 455 xmu.
2739 430 2782 455 26.

2520 479 2641 545 'ml'row
2660 479 2798 509 xxvln.

2528 1724 2556 1747 V.
2579 1722 2620 1747 10.

2527 1753 2595 1783 cod.
2616 1754 2637 1782 f.
2660 1756 2719 1782 127.
2740 1752 2770 1781 h.

2527 1883 2610 1908 V.11.

2528 2580 2557 2600 v
2579 2576 2621 2600 15.

2527 2611 2596 2639 cod.
2611 2607 2638 2636 Ι.
2661 2609 2720 2635 138.
2738 2613 2765 2633 a.

2528 2866 2598 2895 ¹Ps.
2613 2865 2661 2894 CI.
2676 2866 2703 2893 8.

2530 3229 2560 3250 V.
2576 3225 2616 3250 IG-

2527 3706 2556 3727 v.
2580 3703 2619 3727 19.

2525 3734 2595 3763 cod.
2616 3733 2636 3761 ι’.
2654 3736 2718 3761 2138.
2732 3733 2769 3760 3³„
