2996 4432
825 298 923 347 AD
967 292 1457 345 THEODORUM
1502 292 2140 342 MOPSUESTENUM

1262 433 1402 492 IN
1428 432 1500 489 1)
1525 430 1591 488 F.
1619 431 1716 488 X·

363 568 587 640 Aeternum
611 596 703 641 (in)
727 605 794 644 pro
816 594 922 633 valde
946 586 1012 632 diu
1037 606 1073 643 p.
1102 598 1183 632 187.
1211 626 1214 630 .

362 661 560 708 Aethiopes
575 656 640 695 alii
655 655 811 704 proximi
826 658 1012 704 Aegypto,
1027 655 1091 692 alii
1106 653 1301 704 longinqui
1316 664 1353 702 p.
1368 657 1452 691 228.

404 724 487 757 260.

361 775 582 816 Alexandria
611 774 759 813 condita
785 774 1066 823 quadringentis
1091 774 1236 813 circiter
1257 778 1339 823 post
1367 783 1454 822 pro·

405 837 552 884 phetam
577 835 789 872 Nahumum
819 835 927 872 annis
956 845 992 882 p.
1013 838 1096 871 226.

355 898 477 933 Amen
504 894 670 931 vocabuli
701 904 790 931 usus
817 904 853 941 p.
880 897 962 930 407.

355 952 562 992 Amessiam
578 965 700 1001 regem
715 964 790 991 non
813 953 1030 990 occiderunt
1045 951 1181 990 Lachis
1199 951 1295 990 cives
1314 962 1349 1000 p.
1370 955 1452 988 175.

355 1017 519 1052 Ammon
547 1025 623 1051 non
650 1019 706 1051 est
729 1012 951 1051 Alexandria
980 1023 1016 1060 p.
1041 1016 1124 1049 226.

355 1074 485 1111 Amosi
505 1074 643 1110 locutio
667 1072 791 1110 lucide
809 1073 1012 1120 explicatur
1026 1100 1036 1117 ,
1056 1082 1150 1120 quae
1172 1069 1364 1108 videbatur
1386 1069 1454 1107 ob-

400 1144 508 1171 scura
535 1133 572 1170 S.
599 1134 824 1181 Hieronymo
849 1142 885 1178 p.
908 1135 968 1169 46.
996 1133 1042 1167 Et
1064 1129 1216 1179 quidem
1241 1128 1453 1167 conferatur

402 1195 564 1230 Amosus
590 1193 701 1229 etiam
730 1203 810 1239 cap.
837 1192 887 1228 11.
915 1201 952 1238 p.
977 1195 1012 1227 4.
1036 1195 1074 1227 et
1098 1195 1135 1228 6.

352 1254 488 1301 Angeli
515 1252 686 1290 custodes
709 1253 902 1290 hominum
928 1262 964 1299 p.
995 1255 1077 1288 306.

354 1312 490 1359 Angeli
511 1323 596 1348 cum
612 1317 790 1359 apparent
802 1310 1034 1357 hominibus,
1052 1309 1136 1347 ideo
1159 1309 1361 1347 humanam
1377 1308 1454 1345 for-

401 1382 501 1409 mam
527 1370 710 1417 induunt‚
728 1371 815 1419 quia
839 1371 930 1409 haec
950 1381 1113 1417 congrua
1136 1375 1192 1407 est
1215 1367 1452 1407 cernentibus

401 1442 437 1479 p.
471 1435 553 1468 294.

355 1489 528 1540 Angelus,
553 1489 839 1536 distinguendus
867 1490 906 1526 in
934 1498 984 1526 ss.
1011 1487 1206 1535 scripturis
1231 1497 1252 1524 a
1277 1486 1356 1523 filio
1386 1487 1454 1523 Dei

370 1556 377 1560 ·
402 1560 438 1597 p.
467 1553 549 1586 292.

353 1609 492 1656 Aquila
519 1609 700 1656 interpres
725 1608 861 1645 citatur
888 1618 923 1655 p.
954 1611 1036 1644 391.
1065 1610 1147 1644 393.

354 1669 516 1706 Arbores
553 1668 748 1711 umbrosae
784 1667 934 1715 flagitiis
973 1666 1255 1704 idololatrarum
1299 1665 1454 1702 idoneae

403 1740 440 1777 p.
467 1733 525 1765 22.

355 1787 611 1826 Architriclini
638 1786 826 1835 quodnam
855 1786 1019 1824 officium
1044 1785 1156 1822 fuerit
1174 1795 1211 1832 p.
1235 1788 1317 1822 398.

348 1849 503 1897 ’Ἄρμασι
530 1858 594 1896 pro
617 1837 848 1896 ἁμαρτήμᾷσι
874 1845 982 1884 lectio
1007 1844 1164 1893 insignis
1189 1856 1224 1893 p.
1252 1849 1310 1882 51.

354 1907 512 1946 Articuli
539 1908 658 1955 graeci
680 1907 734 1943 vis
755 1918 792 1954 p.
809 1911 893 1943 408.

355 1967 510 2005 Auditio
534 1967 623 2012 Dei,
649 1966 688 2004 id
713 1973 768 2003 est
791 1965 962 2003 revelatio
989 1976 1026 2012 p.
1043 1968 1126 2002 244.

355 2027 485 2064 Basilii
508 2026 762 2074 neopatrensis
775 2030 941 2072 excerpta
966 2036 1008 2061 ex
1035 2023 1301 2061 commentario
1317 2023 1356 2060 in
1373 2033 1453 2059 om-

402 2097 468 2123 nes
497 2086 693 2133 prophetas
720 2084 832 2132 praef.
857 2095 891 2132 p.
909 2084 1087 2120 Vll-XII.

355 2144 589 2192 Blasphemia
617 2143 752 2181 dicitur
781 2155 846 2192 pro
869 2144 1052 2190 imperitia
1080 2142 1231 2190 linguae
1258 2154 1294 2190 p.
1321 2146 1380 2179 37.

356 2203 539 2247 Bothrus‚
564 2203 647 2239 aliis
671 2203 785 2240 Carae
811 2203 867 2240 vel
896 2202 1083 2248 charran,
1112 2202 1167 2240 vel
1190 2203 1351 2251 Cyrene,
1371 2201 1454 2239 aliis

402 2262 511 2298 aliter
537 2272 573 2308 p.
595 2265 675 2298 136.

353 2321 483 2358 Canon
507 2320 657 2357 criticus
680 2319 726 2357 de
751 2320 938 2367 prophetis
963 2319 1214 2367 intelligendis
1237 2325 1303 2358 aut
1329 2320 1454 2368 expla-

401 2378 536 2416 nandis
563 2391 599 2427 p.
629 2383 713 2416 333.

352 2439 553 2485 Cognoscit
576 2441 702 2484 Deus,
732 2448 797 2486 pro
825 2437 949 2485 diligit
977 2449 1012 2486 p.
1041 2443 1100 2476 55.

352 2499 500 2535 Cornua
532 2501 690 2556 quatuor
729 2498 830 2545 apud
860 2498 1078 2535 Zachariam
1112 2499 1329 2548 prophetam
1363 2499 1455 2548 quid

401 2555 612 2602 significent
629 2567 665 2602 p.
689 2561 772 2593 286.
799 2561 887 2594 299.
937 2567 939 2570 ·

354 2615 568 2659 Diaereseos
594 2614 712 2660 figura
738 2626 776 2661 p.
804 2619 864 2652 26.

354 2673 474 2710 David
500 2673 641 2721 primus
671 2678 709 2709 et
738 2684 894 2720 magnus
925 2675 1102 2722 propheta
1126 2686 1161 2722 p.
1195 2681 1226 2712 1.
1254 2681 1312 2714 68.

353 2733 504 2770 Electus
521 2759 531 2776 ‚
560 2732 628 2768 etsi
652 2742 730 2768 non
759 2737 918 2776 unctus,
947 2731 1069 2770 dictus
1093 2734 1244 2782 χριστός
1269 2746 1306 2782 p.
1339 2738 1421 2772 114.

353 2791 532 2838 Enallage
557 2796 765 2838 temporum
790 2790 831 2827 in
854 2801 885 2828 s.
903 2791 1086 2839 scriptura
1113 2802 1150 2839 p.
1173 2796 1233 2830 41.
1258 2796 1339 2830 391.
1370 2796 1452 2830 392.

417 2854 498 2887 397.
525 2855 562 2886 et
584 2849 687 2886 alibi.

354 2908 546 2957 Ephraimi
564 2914 691 2955 potens
708 2907 828 2945 tribus
843 2918 909 2956 pro
925 2908 1096 2946 universo
1120 2909 1281 2946 israhele
1296 2910 1456 2948 sumitur

402 2980 438 3016 p.
456 2972 515 3005 24.
536 2971 594 3005 26.
614 2968 780 3016 (Iosephi
799 2968 972 3006 similiter
988 2979 1026 3016 p.
1047 2972 1152 3013 122.)

354 3030 566 3081 Equorum·
590 3030 730 3076 species
768 3028 914 3066 oblatae
951 3028 1150 3087 Zachariae
1190 3034 1296 3067 erant
1331 3030 1456 3079 angeli

402 3099 437 3135 p.
464 3091 545 3126 394.
575 3098 652 3135 seq.

353 3149 485 3185 Esaiae
515 3147 730 3184 vaticinium
758 3147 927 3194 agnoscit
957 3148 1236 3195 Mopsuestenus
1261 3159 1297 3196 p.
1324 3151 1405 3186 398.

354 3208 472 3245 Filius
499 3207 567 3244 Dei
595 3202 788 3254 quomodo·
814 3206 960 3244 dicatur
984 3217 1059 3244 non
1085 3217 1190 3254 posse
1219 3217 1239 3244 a
1267 3218 1306 3245 se
1334 3207 1455 3246 facere

401 3267 599 3315 quicquam
630 3277 668 3313 p.
702 3269 783 3303 399.
820 3266 910 3303 Ε1115
947 3276 1142 3314 personam
1171 3265 1262 3303 dicit
1289 3266 1453 3314 ignotam

402 3327 533 3374 priscis
561 3324 739 3362 Hebraeis
764 3326 1046 3373 Mopsuestenus
1072 3335 1108 3373 p.
1133 3329 1218 3364 291.
1243 3324 1315 3364 Sed
1332 3336 1454 3374 repre-

400 3384 574 3423 henditur
599 3385 638 3421 in
663 3384 749 3420 adn.

351 3444 504 3482 Graecis
529 3454 605 3481 non
633 3448 688 3481 est
710 3453 889 3481 numerus
916 3444 1070 3492 pluralis
1095 3444 1167 3482 nisi
1199 3449 1281 3493 post
1304 3443 1452 3483 dualem

399 3515 435 3550 p.
456 3507 519 3540 97.

355 3563 662 3600 Hei-meneuticae
677 3561 826 3609 regulae
840 3573 861 3600 a
877 3563 1138 3610 Mopsuesteno
1152 3562 1308 3602 traditae
1318 3575 1352 3613 p.
1367 3568 1448 3603 335.

399 3631 484 3658 011111
512 3620 599 3658 adn.

355 3679 509 3717 Iacobus
536 3680 725 3727 apostolus
741 3680 1003 3728 interpretatur
1018 3680 1158 3719 dictum
1176 3682 1303 3720 Amosi
1315 3693 1350 3730 p.
1371 3685 1449 3720 138.

351 3740 462 3776 1311111
490 3745 546 3776 est
572 3742 761 3788 Aegyptus
786 3750 822 3787 p.
849 3743 908 3776 28.
939 3744 998 3777 48.

353 3796 455 3835 {dola
472 3798 570 3835 culta
593 3797 639 3835 ab
655 3798 814 3836 ethnicis
837 3803 986 3846 propter
1003 3799 1143 3837 metalli
1160 3799 1318 3848 pretium
1336 3810 1371 3849 p.
1391 3804 1446 3838 11.

1573 589 1699 636 (Hinc
1715 590 1752 628 S.
1770 590 1907 629 Paulus
1925 590 2115 629 avaritiam
2136 590 2229 629 dicit
2244 601 2322 630 esse
2340 591 2523 630 idolorum
2546 603 2626 631 ser⁶

1571 653 1764 695 vitutem.)

1525 710 1630 747 lesus
1657 721 1723 747 cur
1746 720 1826 747 sero
1851 710 2030 748 miracula
2058 710 2164 748 edere
2193 713 2353 760 coeperit
2381 723 2416 760 p.
2435 717 2517 750 398.

1525 770 1768 817 Imperativus
1796 770 1928 808 modus
1952 782 2018 819 pro
2047 771 2172 809 futuro
2201 783 2236 819 p.
2264 777 2322 810 32.
2353 777 2432 811 342.

1525 829 1771 876 interpretum
1796 830 1926 866 ·LXX·
1950 829 2086 876 prolixa
2110 830 2275 868 laudatio
2307 843 2343 879 p.
2374 836 2455 868 252.
2483 834 2624 870 Eorum

1548 888 1661 926 editio
1676 889 1885 926 communis
1908 889 2117 928 christianis
2140 892 2332 938 omnibus,
2351 893 2502 930 ibidem.

1525 948 1780 995 interpunctio
1800 950 1930 997 quanti
1963 949 2151 987 interdum
2179 952 2356 989 momenti
2388 952 2438 989 sit
2457 964 2503 1000 p.
2536 957 2622 990 365.

1598 1010 1679 1044 396.
1699 1010 1782 1044 407.

1527 1064 1704 1102 Iohannis
1732 1065 1909 1113 evangelii
1939 1065 2106 1104 clausula
2131 1067 2338 1106 vindicatur
2358 1080 2393 1117 p.
2422 1074 2505 1107 407.
2534 1069 2621 1107 adn.

1526 1122 1627 1160 lohel
1658 1128 1985 1171 contemporaneus
2009 1125 2137 1162 Oseae.
2165 1137 2199 1172 p.
2229 1131 2287 1164 69.

1527 1182 1657 1219 Ionam
1683 1183 1768 1229 (in)
1799 1183 1926 1220 scribit
1960 1185 2187 1231 prooemium
2222 1186 2367 1234 insigne
2398 1187 2628 1235 Mopsueste-

1574 1252 1645 1279 nus
1674 1253 1710 1289 p.
1732 1245 1897 1279 150-157.

1529 1300 1637 1338 101135
1653 1312 1719 1338 cur
1735 1312 1810 1339 non
1826 1301 1970 1339 dicatur
1991 1302 2128 1351 fugisse
2149 1315 2170 1342 a
2189 1306 2265 1342 Deo
2282 1336 2291 1352 ,
2319 1305 2383 1343 sed
2406 1318 2426 1344 a
2450 1307 2542 1345 facie
2558 1308 2627 1345 Dei

1576 1372 1612 1409 p.
1642 1365 1721 1407 159.

1527 1416 1876 1460 101135νο031111111111
1902 1423 1998 1460 111310
2021 1424 2252 1462 intellectum
2279 1436 2298 1462 a
2322 1437 2406 1475 syro
2427 1427 2626 1475 interprete

1598 1491 1633 1528 p.
1662 1484 1744 1517 263.

1528 1539 1747 1577 Israhelitae
1772 1540 1872 1587 pravi
1896 1540 2073 1578 dicuntur
2097 1543 2306 1580 Chananaei
2327 1555 2361 1592 p.
2381 1549 2462 1582 362.

1528 1598 1642 1636 Iudae
1663 1599 1782 1636 tribus
1803 1602 1881 1637 Deo
1905 1601 2123 1648 praedilecta
2141 1609 2287 1650 propter
2312 1605 2494 1642 oriturum
2518 1617 2560 1644 ex
2584 1617 2625 1644 ea

1597 1659 1783 1696 Christum
1811 1670 1846 1707 p.
1864 1664 1898 1696 2.
1919 1664 1978 1697 92.

1527 1717 1748 1755 Iudaeorum
1780 1719 1977 1766 pertinacia
2002 1719 2173 1759 adversus
2199 1723 2386 1761 Christum
2410 1736 2445 1773 p.
2474 1730 2556 1763 153.

1526 1777 1695 1814 Iustitiae
1723 1788 1765 1814 ac
1795 1778 1940 1824 pietatis
1968 1790 2049 1815 vera
2074 1780 2189 1816 forma
2223 1793 2257 1828 p.
2286 1787 2367 1820 321.

1526 1836 1722 1874 Lectiones
1750 1837 1908 1874 biblicae
1938 1839 2056 1876 variae
2083 1846 2146 1876 aut
2171 1841 2388 1888 insigniores
2408 1855 2443 1891 p.
2464 1848 2522 1880 22.
2542 1848 2599 1881 27.

1575 1900 1634 1933 30.
1654 1901 1712 1932 31.
1730 1901 1789 1934 44.
1810 1902 1869 1934 51.
1888 1901 1946 1935 52.
1967 1903 2024 1935 74.
2053 1904 2111 1936 78.
2131 1903 2190 1937 99.
2224 1906 2300 1939 121.
2325 1908 2403 1940 136.
2431 1908 2512 1941 208.
2540 1910 2623 1943 265.

1573 1958 1656 1992 280.
1682 1959 1763 1992 313.
1784 1959 1867 1992 327.

1526 2014 1683 2052 Laetitia
1711 2015 1851 2051 nemini
1879 2015 2049 2063 imperari
2072 2023 2192 2065 potest
2220 2030 2256 2066 p.
2285 2024 2365 2058 342,

1526 2074 1644 2112 Maria
1661 2074 1708 2112 ad
1732 2076 1853 2112 Canae
1874 2077 2022 2124 nuptias
2042 2088 2079 2125 p.
2097 2083 2177 2114 398.
2198 2079 2289 2122 (Sed
2313 2081 2449 2118 Mariae
2471 2084 2627 2120 sanctis-

1573 2133 1689 2171 simae
1707 2134 1911 2181 quantilibet
1936 2135 2117 2173 humanae
2138 2137 2275 2184 gloriae
2301 2139 2539 2186 cupiditatem
2564 2143 2626 2179 ob-

1574 2194 1684 2231 iicere
1697 2193 1800 2231 nefas
1813 2199 1880 2231 est.
1898 2195 2023 2240 (Cone.
2041 2196 2206 2233 Trident.
2225 2209 2311 2235 sess.
2331 2200 2392 2235 Vl.
2409 2211 2490 2236 can.
2512 2205 2595 2244 23.)

1527 2254 1741 2292 Matthaeus
1765 2266 1851 2292 cum
1876 2256 1975 2293 Luca
1994 2257 2213 2294 conciliatur
2230 2269 2266 2305 p.
2283 2263 2363 2296 399.
2388 2262 2435 2297 Et
2460 2272 2543 2298 cum
2568 2264 2625 2299 10-

1553 2313 1677 2351 hanne
1706 2325 1741 2361 p.
1771 2318 1854 2351 404.

1526 2373 1759 2411 Melchomus
1788 2374 2006 2411 vocabulum
2036 2375 2132 2413 male
2153 2376 2384 2414 intellectum
2415 2390 2435 2415 a
2462 2390 2546 2427 syro
2570 2381 2625 2418 in-

1575 2438 1731 2481 terprete
1749 2462 1759 2479 ‚
1793 2434 1831 2471 id
1856 2440 1911 2471 est
1934 2445 2007 2471 rex
2031 2446 2095 2482 pro
2126 2436 2270 2474 idolum
2303 2449 2337 2484 p.
2367 2442 2448 2475 252.

1526 2493 1659 2529 Merita
1691 2493 1885 2530 bominum
1917 2504 1936 2530 a
1967 2495 2044 2530 Deo
2073 2496 2233 2541 praevisa
2258 2506 2292 2542 p.
2320 2500 2401 2533 401.

1527 2552 1763 2599 Metaphorae
1775 2554 1895 2589 avium
1909 2580 1919 2597 ,
1935 2552 2109 2597 ferarum,
2127 2555 2364 2602 serpentium,
2379 2567 2444 2603 pro
2463 2556 2622 2595 hostium

1574 2613 1841 2650 vastationibus
1870 2624 1904 2660 p.
1933 2618 1987 2650 12.
2020 2619 2076 2650 19.

1527 2672 1719 2709 Molochus
1745 2672 1887 2709 idolum
1914 2683 1950 2719 p.
1981 2677 2059 2710 120.

1527 2731 1779 2777 Mopsuesteni
1815 2731 2043 2769 consuetudo
2073 2732 2305 2780 intelligendi
2345 2735 2513 2774 vaticinia
2551 2739 2627 2774 κατ’

1575 2791 1717 2832 ἔκβασιν
1749 2801 1785 2839 p.
1812 2794 1870 2828 84.
1903 2791 1959 2828 lbi
1987 2791 2092 2829 locus
2118 2792 2272 2840 insignis
2296 2793 2341 2832 de
2358 2795 2426 2832 hac
2443 2807 2482 2834 re
2509 2808 2544 2845 p.
2562 2803 2620 2835 85.

1576 2852 1667 2888 Item
1699 2861 1734 2897 p.
1765 2854 1844 2887 139.
1865 2854 1947 2887 150.
1969 2854 2048 2887 192.
2070 2855 2150 2888 332.
2170 2856 2250 2889 381.

1527 2911 1809 2957 Mopsuestenus
1852 2909 2036 2945 curiosam
2073 2907 2318 2948 eruditionem
2363 2918 2492 2960 sponte
2535 2915 2625 2953 vitat

1576 2981 1611 3018 p.
1634 2973 1712 3006 136.
1739 2973 1818 3005 159.
1838 2972 1921 3005 247.
1944 2970 2028 3005 Non
2046 2973 2101 3005 est
2126 2969 2405 3019 ιὀυδαιόφρωνῃ.
2435 2976 2514 3010 139.
2542 2978 2621 3010 150.

1577 3033 1659 3067 191.
1687 3032 1768 3066 332.
1798 3029 1991 3076 Ceteroqui
2019 3027 2119 3066 idem
2150 3031 2432 3078 reprehenditur
2449 3043 2468 3069 a
2494 3044 2624 3080 graeco

1573 3088 1772 3132 scholiaste
1784 3098 1821 3137 p.
1839 3093 1923 3126 289.
1939 3093 2021 3125 290.
2037 3093 2121 3135 292;
2138 3090 2300 3138 itemque
2321 3102 2340 3128 a
2361 3092 2468 3129 nobis
2484 3104 2521 3141 p.
2538 3098 2600 3130 381
2611 3123 2634 3144 ·.

1574 3152 1655 3186 391.
1682 3147 1770 3185 adn.
1790 3146 1966 3185 Eiusdem
1988 3148 2163 3196 reliquiae
2185 3152 2439 3187 commentarii
2460 3152 2499 3188 111
2522 3153 2621 3199 psal-

1574 3218 1654 3245 mos
1671 3218 1707 3255 p.
1728 3210 1810 3244 390.
1830 3216 1902 3254 sq.,
1918 3212 1955 3244 et
1970 3207 2189 3255 copiosiores
2207 3209 2245 3245 in
2264 3210 2465 3258 iohannem
2483 3222 2519 3258 p.
2539 3216 2619 3248 396.

1571 3278 1627 3316 sq.
1658 3269 1750 3304 Item
1769 3265 1844 3304 duo
1862 3265 2065 3313 fragmenta
2088 3267 2128 3304 in
2146 3268 2251 3315 epist.
2277 3270 2325 3305 ΙΙ.
2348 3269 2395 3307 ad
2413 3271 2623 3308 Corinthios

1572 3331 1610 3364 et
1625 3325 1672 3363 ad
1688 3325 1839 3363 Galatas
1861 3335 1896 3372 p.
1915 3329 1997 3362 407.
2013 3330 2096 3364 408.
2114 3325 2214 3363 ldem
2237 3337 2323 3365 suos
2339 3329 2380 3365 in
2395 3328 2621 3366 Matthaeum

1572 3389 1700 3430 (nunc
1716 3383 1945 3432 deperditos)
1964 3386 2246 3423 commentarios
2265 3392 2444 3424 memorat
2470 3398 2505 3434 p.
2535 3391 2618 3424 404.

1571 3443 1745 3482 Eiusdem
1768 3443 1814 3482 de
1835 3443 2002 3481 clausula
2027 3443 2203 3481 Iohannis
2228 3455 2281 3482 ev,
2302 3446 2500 3491 iudicium3
2522 3447 2621 3493 quod

1570 3507 1696 3541 tamen
1715 3504 1754 3540 in
1773 3502 1860 3540 adn.
1881 3502 2063 3540 refutatur
2086 3514 2122 3551 p.
2141 3508 2224 3541 407.
2250 3504 2497 3552 Reprehendit
2514 3516 2621 3552 quas-

1570 3563 1657 3602 dam
1688 3563 1904 3611 opiniones,
1936 3569 2063 3600 contra
2094 3564 2298 3601 nonnullos
2330 3569 2476 3612 patres,
2508 3575 2543 3612 p.
2561 3569 2618 3602 95.

1573 3627 1654 3661 195.
2121 3627 2123 3629 ’

1523 3684 1678 3720 Nazaret
1705 3681 1751 3719 ab
1777 3682 1934 3720 ethnicis
1962 3682 2124 3720 habitata
2155 3694 2191 3730 p.
2221 3687 2301 3720 398.

1522 3743 1582 3778 On
1609 3740 1751 3778 idolum
1780 3753 1815 3789 p.
1834 3746 1894 3779 23.
1911 3745 1971 3779 48.
1989 3746 2050 3779 56.
2228 3790 2231 3792 q

1522 3801 1637 3839 Oscae
1664 3799 1878 3838 vaticinium
1904 3800 2014 3838 variis
2037 3800 2264 3848 temporibus
2291 3799 2430 3838 editum
2455 3811 2490 3850 p.
2509 3804 2542 3837 3.
2562 3805 2616 3838 16.

2534 3860 2550 3877 2
