2944 4426
121 322 302 358 cap.xx1.
325 325 369 350 21.

276 361 320 386 76.
337 356 368 385 b.

176 428 212 456 A.
236 427 257 456 r.
275 400 319 456 εὲ.
325 395 369 455 ²122
413 397 584 456 ἀσεβῶν·

174 358 208 386 Β.
227 357 249 386 f.

122 524 197 568 (inp.
212 533 307 561 xxii.
322 535 367 560 26.

231 569 263 596 Β.
279 568 299 597 l'.
322 571 367 596 80

113 816 186 851 Cap.
211 813 321 843 xxm.
338 817 366 842 6.

168 851 203 878 Α.
222 850 243 878 f.
269 853 314 878 96.
334 848 364 877 b.

82 1381 157 1417 Cap.
186 1380 294 1408 XXIV.
316 1383 361 1407 ⁶20

153 1416 188 1444 A.
209 1416 229 1444 f.
255 1420 316 1444 103.
333 1423 360 1443 a.

417 227 478 273 68

476 324 671 389 ἩΗγουν
647 348 672 376 -ιι
701 346 826 391 κρισις
857 322 1053 413 >eamn-cer
1081 346 1152 378 την
1183 321 1399 414 ἀπολογῖαην
1423 328 1509 377 τῶν

618 393 884 461 ’Υπερβάλλει
925 393 1000 463 γὰρ
1036 395 1055 445 ὅ
1092 393 1190 451 &coc
1228 418 1315 451 τους
1349 417 1391 445 ευ
1420 417 1511 446 σοι·

414 469 555 519 οῧντας
590 486 681 519 ταις
712 467 916 528 οἷμοιβαῒς.

482 534 556 587 Mn
590 534 695 584 ὂιόου
727 533 894 585 σεαυτον
928 559 981 592 εις
1013 559 1058 586 το
1090 534 1393 623 ὖῳερτῖθεσθαι
1430 556 1508 597 με·

414 610 586 664 τανοεῖν,
620 603 903 670 αισχυνόμενος
934 605 1036 657 τινά·
1073 608 1139 657 ἐὰν
1171 628 1247 673 γαρ
1286 603 1506 669 ἀποθάνῃς,

410 674 473 723 καὶ
508 678 571 725 οὐκ
597 676 694 742 ἔχῃς
719 699 849 744 καιρον
875 682 942 729 τοῧ
965 687 1231 742 μετανοῆσαι,
1258 675 1384 725 ου’κέτι
1408 675 1507 731 εξεις

411 742 652 797 οἷνάπανσιν.

443 815 655 884 Εισάγει
690 815 733 866 δὲ
765 820 855 885 παρ’
897 818 1024 882 εαυτῷ
1069 842 1133 870 τον
1181 815 1378 880 βάσκανον
1422 814 1508 864 διά-

410 889 552 947 βολον,
588 911 652 937 και
685 903 819 955 τρωγει
852 889 943 973 τὸν
953 887 1088 952 ψωμον
1114 888 1233 938 aba&
1256 889 1344 950 μετ’
1368 888 1506 945 αὐτοῦ,
1537 910 1539 917 ·

411 961 429 1004 ὃ
460 980 563 1021 μετα
593 957 811 1016 κενοδοξίας
833 999 845 1020 ,
879 983 904 1012 η
937 954 1360 1043 ἀνθρωποπαρεσκειας
1392 958 1506 1007 ποιῶν

412 1051 449 1078 τι
483 1052 558 1078 των
586 1032 751 1096 ἀγαΞ-ὦν
776 1029 912 1119 ἔργων·
940 1054 958 1079 ο
984 1052 1058 1096 γαρ
1083 1051 1157 1077 τοιο
1161 1052 1251 1081 υτος
1275 1024 1415 1090 ἀπέχει
1441 1046 1506 1075 τον

408 1098 561 1163 westou
594 1103 731 1150 αὐτου·
766 1123 829 1148 και
865 1100 939 1168 γὰρ
971 1124 989 1147 ο
1023 1098 1206 1160 διάβολος
1243 1119 1400 1163 φανεροι
1431 1098 1508 1144 αὖ-

376 1191 462 1217 -τα
495 1193 577 1225 τοις
603 1169 877 1234 ανθρωποις,”’
863 1196 930 1220 ινα
955 1168 1018 1219 <icoc
1042 1174 1108 1220 τεῧ
1140 1164 1299 1219 ἔπαινον
1324 1190 1391 1216 του
1413 1187 1511 1231 προς

411 1262 478 1288 τον
522 1240 858 1308 ανὲρωῶαρεσκον
896 1249 937 1290 λ
926 1244 1130 1304 ιμανῆται
1173 1262 1239 1286 και
1277 1233 1514 1304 ἀποστερη-

407 1333 457 1376 σῃ
490 1333 564 1360 των
601 1334 763 1360 αιωνιων
797 1314 979 1376 ἀγαθῶν.

477 1384 543 1430 Ου’
579 1404 738 1449 γεννησε
725 1406 806 1431 υσι
846 1405 996 1449 πονηροι
1035 1383 1101 1446 οἷρε
1087 1402 1180 1434 τας
1217 1402 1282 1428 και
1322 1376 1508 1444 δόγματα

408 1451 511 1518 ἑμὲα
542 1457 680 1520 (votur
688 1477 714 1500 α
747 1475 822 1518 γαρ
854 1457 923 1501 ἐστ
928 1478 939 1501 ι
978 1450 1205 1518 γεννὴματα
1239 1453 1306 1503 τῆς
1339 1449 1508 1513 ψυχῆς)

409 1521 474 1570 δια
505 1548 548 1574 το
584 1522 646 1587 psl]
681 1528 895 1590 φοβεισὲαι
934 1520 1076 1577 αὐτους
1115 1540 1181 1569 τον
1218 1543 1318 1586 κυριο
1302 1541 1357 1568 ..ν’
1398 1519 1430 1567 οἶ
1465 1516 1508 1566 δὲ

347 1618 348 1622 ’
384 1593 520 1648 ,ὄντες
554 1595 596 1642 ἐν
630 1593 751 1682 φόβῳ
768 1617 868 1661 κυριο
854 1618 894 1642 υ
916 1633 927 1653 ,
967 1596 1062 1645 ohne
1102 1615 1173 1643 την
1207 1591 1357 1658 ἦμέραν
1396 1592 1508 1644 ἕξου-

122 2161 211 2195 vruul
227 2160 319 2189 XXX.
335 2164 361 2189 7.

152 2197 187 2224 A
208 2196 362 2235 s.1‹›g,.h.

174 2232 206 2259 B.
229 2232 251 2261 l'.
276 2209 321 2260 86.
335 2239 363 2260 a.

405 1686 466 1711 σιν
494 1664 658 1729 ἔκγονα7
684 1689 751 1714 και
783 1668 807 1716 ἦ
833 1669 874 1713 ὲλ
879 1689 946 1720 πις
970 1668 1096 1712 αντῶν
1130 1687 1193 1711 ουκ
1216 1665 1291 1713 ἀπο
1296 1659 1508 1712 στήσεταϋ·

406 1736 615 1783 &maffia
648 1735 691 1783 δε
725 1759 860 1786 ταυτα
893 1740 976 1791 τοῖς
1009 1755 1232 1800 ειρημενοις·
1267 1756 1300 1781 οι
1332 1753 1403 1795 μεν
1434 1730 1509 1797 γὰρ

406 1804 547 1871 ἓχὲροι
569 1844 580 1866 ‚
616 1830 742 1873 φησι,
778 1829 930 1871 πον-[ρει
963 1806 1094 1861 ὄντες,
1131 1803 1268 1871 ἑτέρων
1304 1800 1508 1869 ἐπέχαιρον

403 1876 631 1939 πτώμασιν·
660 1875 680 1924 ὃ
706 1876 749 1926 οὲ
775 1874 908 1944 μέμφῃ
944 1902 1014 1933 συ,
1043 1899 1097 1939 μγ)
1122 1874 1322 1941 ζηλῶστς·
1356 1873 1400 1923 rox
1433 1895 1510 1938 γαρ

406 1945 585 2033 λαμπροΝν
610 1950 721 1999 ὂηθεν
754 1952 883 1998 αὐτων
916 1972 980 1997 και
1008 1946 1241 2007 amr-0702),
1274 1967 1393 2011 μεχρι
1416 1967 1510 1994 του-

407 2038 473 2064 του
505 2041 546 2068 τε
550 2024 573 2066 ῧ
604 2017 666 2078 βιό
671 2043 715 2078 υ,
748 2043 816 2067 και
855 2018 1075 2079 σβέννυται
1101 2021 1287 2082 τελευτῃ·
1322 2012 1510 2070 πολλακις

406 2085 447 2135 <ie
478 2110 543 2136 και
578 2088 637 2136 ὲτι
672 2094 824 2144 ζῶντων
839 2085 1174 2155 διελεγχθέντων
1213 2085 1411 2148 ἐσβέσθη.

474 2165 526 2211 Ὁ
560 2181 679 2225 σοφος
719 2165 847 2212 ταῦτα
886 2185 934 2227 τῃ
976 2185 1019 2210 σο
1004 2181 1093 2226 (για
1129 2181 1281 2225 φησιν,
1321 2156 1346 2210 ἦ
1384 2162 1403 2207 ἆ
1444 2157 1511 2207 τοῧ

409 2235 585 2298 Χριστοῧ
618 2233 747 2286 ὂοῧλος
780 2256 834 2298 τῳ
865 2251 996 2297 κυριῳ·
1036 2228 1100 2278 δυο
1139 2228 1177 2277 δε
1218 2252 1375 2299 φησας,
1417 2250 1507 2296 Uspe

409 2311 488 2352 ω)
475 2303 600 2354 ιὲνων
638 2323 758 2350 αιτει·
803 2301 910 2352 ἀλ)α
954 2326 997 2351 το
1039 2303 1171 2348 &azotu
1214 2304 1368 2367 (πρῶτον
1413 2322 1511 2366 ωρο-

407 2395 604 2428 αιτητικον
647 2373 730 2424 ἐστι
771 2377 838 2421 tei]
883 2377 1019 2437 τυχεῖν
1057 2366 1108 2418 ὡν
1147 2375 1254 2421 αἰτει
1291 2369 1451 2435 λεγοντο
1457 2386 1527 2458 33'

405 2468 460 2508 μί]
489 2470 561 2509 μου
594 2470 842 2514 παρακουσῃς
855 2486 883 2506 ,
901 2441 1008 2504 qima
1039 2441 1142 2491 didon
1175 2465 1244 2495 την
1276 2462 1418 2507 χαριν
1454 2444 1510 2511 ἐφ

407 2514 438 2581 ᾡ
470 2540 513 2566 το
550 2521 697 2584 πρῶτον
731 2516 933 2597 ἐπῃγαγεν,
964 2535 1135 2577 αιτημα·
1168 2536 1335 2600 ματαιον
1368 2512 1508 2579 λογον,

410 2606 482 2639 την
520 2586 740 2653 ψευδωνυμο
745 2611 764 2636 ν
802 2609 956 2675 μακραν
1000 2601 1072 2651 μου
1116 2584 1338 2645 ποίησον,
1350 2607 1417 2632 ινα
1453 2608 1509 2648 μη

350 2685 352 2687 >
408 2658 595 2709 abac&
564 2681 654 2718 εις,
696 2658 839 2723 ψευδης
875 2677 1063 2724 γενωμαι·
1106 2657 1124 2704 ὂ
1162 2677 1268 2720 κορος
1303 2658 1511 2731 ὑπερηφα-

89 3226 179 3260 Vulg.
203 3226 295 3253 XXX.
326 3230 367 3254 15

194 3261 265 3325 Bell
277 3260 367 3325 57611)

238 3317 244 3324 .
259 3304 289 3332 p.

412 2752 498 2778 νιοιν
532 2734 634 2780 ποιεῖ
655 2768 682 2788 ,
706 2753 770 2778 και
813 2752 856 2779 το
895 2731 1019 2778 δοκέῖν
1056 2726 1152 2796 ὑπὲρ
1191 2727 1353 2791 ἔλεγχον
1393 2747 1509 2774 ειναι·

409 2796 521 2886 λογῗ)
551 2822 616 2848 και
653 2823 783 2867 εργῳ,
816 2824 867 2855 ως
901 2820 1155 2866 αναμαρτητο
1140 2816 1193 2846 ν·
1230 2820 1270 2846 το
1306 2818 1414 2862 γαρ,
1448 2794 1510 2853 τίς

410 2892 460 2932 με
493 2871 563 2958 δρᾷ
585 2911 597 2932 ,
632 2892 720 2921 αντ(
758 2893 824 2920 του
852 2869 1009 2950 ἐλέγχει
1042 2890 1180 2956 φησινέ
1209 2870 1283 2916 ἵνα
1323 2890 1376 2930 μη
1408 2871 1512 2922 πλη-

413 2939 531 2997 σΞπεις
583 2965 760 3009 σοφιας,
811 2939 1086 2994 ακαταληπτος
1138 2959 1236 2987 ειναι
1283 2935 1378 2995 δόξω
1430 2960 1511 2994 τοις

413 3012 509 3061 ἄλλο
496 3036 585 3073 ις,
624 3037 649 3062 *n
685 3035 747 3061 και
787 3010 955 3089 ψευστης
995 3008 1094 3066 δοξω
1132 3032 1184 3059 τα
1220 3007 1314 3076 ὑπερ
1353 3031 1511 3064 τουτους

410 3087 558 3134 λαλῶν.

480 3230 532 3275 Ἡ
565 3225 719 3287 βδελλα
753 3249 857 3277 τικτε
862 3249 927 3275 ται
944 3225 1032 3300 μὲν
1066 3227 1104 3273 ἓν
1137 3246 1219 3279 τοις
1244 3220 1404 3288 γλυκέσι
1438 3226 1512 3271 τῶν

413 3295 590 3356 ὑόατων,
626 3305 796 3348 σνωληκο
802 3294 898 3351 ειόἒς
923 3299 1020 3345 οὐσα
1053 3319 1089 3345 τι
1123 3298 1233 3359 ζῷον·
1267 3291 1447 3344 leco-cava
1473 3289 1515 3340 δέ

413 3371 501 3417 ἐστι
535 3373 582 3433 τῇ
615 3368 693 3435 &qo-'fi
714 3407 726 3428 ‚
759 3389 842 3422 Ὧτις
877 3390 958 3422 τοις
991 3363 1143 3431 χανόον
1177 3368 1246 3414 τοῧ
1275 3367 1419 3418 ὕδατος
1442 3386 1513 3426 με-

412 3436 734 3501 ταλαμβανουσι,
770 3436 1001 3493 λεληθοτως
1032 3433 1315 3501 ὑωεισὲρχεται
1350 3456 1399 3500 τῃ
1434 3438 1515 3482 λει-

412 3511 501 3561 ότητ
511 3524 539 3556 ι·
574 3530 663 3558 ειτα
696 3512 985 3574 περιπλακεῖσα
1012 3508 1119 3556 ἐ’νόον
1144 3529 1221 3555 τινι
1245 3509 1317 3557 τῶν
1348 3526 1511 3570 μοριων,

371 3638 375 3648 .
412 3603 453 3627 :u
490 3601 671 3646 πρθτὲρθν
710 3579 993 3664 o'enopfflnyvurou
1017 3617 1028 3638 3
1069 3580 1141 3633 ἕως
1179 3598 1226 3624 αν
1265 3582 1314 3642 ’τῇ
1359 3573 1514 3626 ἐκπΟσΕι

412 3673 481 3699 του
512 3673 681 3713 αιματος
705 3646 914 3714 οἷπεκτεινῃ
949 3646 1011 3698 τον
1036 3648 1263 3714 ἀνθρωπον·
1289 3643 1514 3710 αἶμοπστης

411 3718 486 3785 γάρ
525 3722 611 3771 ἐστι
634 3759 647 3780 ,
686 3744 750 3768 και
786 3721 974 3768 e'vrsssaev
1012 3740 1194 3785 τρεφεται
1231 3740 1298 3765 και
1331 3716 1512 3773 αυξεται

414 3813 537 3857 ταυτῃ
572 3795 638 3841 νῧν
674 3791 718 3840 ε’ίῑ
717 3813 804 3841 ,ασε
840 3812 905 3840 τον
939 3787 1117 3850 ὂιαβολον
1138 3827 1150 3847 .,
1193 3811 1302 3843 οστις
1334 3787 1407 3848 βιᾳ
1440 3806 1514 3836 των

1463 239 1622 270 nlnYm

1638 323 1690 367 Id
1713 328 1777 367 est
1803 324 2006 367 iudicium
2031 321 2177 366 obruit
2201 323 2430 378 impiorum
2456 321 2667 365 defensio-

1580 407 1693 437 nem.
1713 395 1888 451 Superat
1907 395 2147 437 3111111])3115
2163 394 2270 437 bene
2287 398 2457 450 agentes
2472 405 2670 435 remune-

1579 466 1814 509 rationibus
1844 466 1946 524 suis.
2525 477 2528 478 ⁷

1636 538 1697 579 Ne
1726 534 1869 579 tradas
1898 542 1941 579 te
1971 537 2025 579 ad
2047 535 2328 579 differendam
2350 535 2669 590 poenitentiam,

1577 609 1808 650 reverentia
1839 608 2077 650 cuiuslibet.
2102 607 2207 649 Nam
2231 607 2265 648 si
2289 606 2479 648 moriaris
2496 637 2507 659 ,
2533 617 2670 660 neque

1577 672 1744 732 temp'us
1781 678 2027 733 poenitendi
2067 677 2292 731 habueris,
2334 689 2567 731 numquam
2597 689 2668 718 re-

1579 749 1720 804 quiem
1748 749 1952 791 invenies.

1636 820 1877 862 Introdueit
1898 821 1952 863 ad
1972 833 2016 863 se
2038 820 2228 863 invidum
2260 820 2471 862 diabolum
2489 851 2499 872 ,
2527 831 2670 870 corne-

1579 891 1724 946 ditque
1755 890 1965 933 bucellam
1997 904 2112 933 suam
2143 905 2239 933 cum
2261 904 2310 934 eo
2328 923 2339 944 ,
2371 893 2406 933 is
2437 892 2511 946 qui
2538 902 2670 942 vanae

1579 962 1738 1016 gloriae
1770 974 1895 1004 causa
1912 993 1924 1015 ,
1958 963 2025 1004 vel
2042 967 2091 1004 ut
2110 962 2363 1016 hominibus*
2375 963 2561 1022 placeat,
2584 961 2669 1003 bo·
2735 1009 2739 1014 A

1578 1046 1730 1075 norum
1763 1033 1999 1088 quidquam
2036 1046 2215 1088 operum
2244 1034 2360 1076 facit.
2403 1035 2508 1076 Nam
2538 1034 2692 1083 homo,

1577 1104 1821 1146 huiusmodi
1854 1104 1985 1146 habet
2019 1103 2257 1146 mercedem
2297 1116 2430 1145 suam.
2464 1101 2669 1156 Nimirum

1579 1174 1775 1217 diabolus
1805 1175 1908 1217 talia
1939 1188 2067 1230 opera
2089 1174 2332 1217 hominibus
2354 1173 2545 1216 facienda
2568 1185 2673 1228 pro-

1579 1247 1729 1301 ponit,
1775 1252 1822 1289 ut
1861 1246 2061 1288 laudibus
2098 1246 2307 1289 humanae
2347 1243 2681 1299 ,adprobationis

1578 1317 1843 1371 pessumdet,
1876 1322 1917 1360 et
1948 1318 2129 1360 aeternis
2158 1316 2283 1358 bouis
2312 1315 2479 1370 spoliet.

1639 1389 1764 1431 Haud
1794 1390 1968 1444 gignant
1988 1389 2166 1431 virtutes
2188 1386 2376 1442 improbi
2400 1398 2538 1440 neque
2562 1389 2676 1427 recta

1580 1459 1779 1514 dogmata
1812 1463 1931 1513 (sunt
1950 1462 2057 1503 enim
2078 1461 2157 1502 1133
2176 1459 2468 1513 generationes
2486 1457 2669 1507 animae)

1580 1532 1678 1585 quia
1707 1533 1938 1573 Dominum
1969 1545 2055 1573 non
2086 1532 2250 1573 timent.
2287 1530 2369 1582 Qui
2394 1533 2534 1571 autem
2556 1528 2601 1569 in
2619 1527 2674 1576 ti·
2726 1526 2740 1531 ’

1580 1615 1699 1644 more
1740 1603 1912 1645 Domini
1952 1607 2148 1655 manent,
2190 1601 2437 1656 progeniem
2482 1597 2675 1654 quotidie

1579 1687 1629 1716 ex
1659 1689 1703 1717 se
1735 1675 1941 1730 reddent,
1983 1679 2025 1717 et
2055 1687 2152 1729 spes
2181 1686 2327 1716 eorum
2365 1685 2451 1714 non
2487 1669 2672 1712 recedet.

1579 1748 1809 1790 Praedictis
1826 1748 1932 1790 haec
1951 1747 2284 1801 subsequuntur.
2300 1744 2486 1795 Inimici,
2515 1742 2672 1797 inquit,

1581 1819 1766 1874 improbi
1780 1832 1876 1862 cum
1894 1823 2048 1872 essent,
2065 1818 2247 1860 aliorum
2264 1816 2452 1871 lapsibus
2467 1813 2678 1856 laetaban-

1579 1895 1674 1932 tur:
1697 1890 1771 1932 scd
1791 1890 1910 1945 quod
1923 1894 1972 1931 tu
1991 1890 2225 1943 vituperas,
2246 1900 2347 1929 cave
2363 1885 2555 1928 imiteris.
2570 1883 2676 1926 Nam

1582 1963 1820 2004 mundanus
1840 1974 1988 2004 eorum
2019 1960 2220 2016 splendor
2240 1964 2366 2014 atque
2397 1958 2561 2010 illusio,
2596 1956 2675 1997 hac

1581 2035 1669 2075 vita
1682 2039 1803 2076 tenus
1821 2066 1832 2086 ‚
1851 2037 1893 2075 et
1911 2038 2047 2075 morte
2065 2032 2323 2086 extinguitur
2341 2044 2351 2071 ε
2376 2041 2498 2084 saepe
2522 2027 2648 2069 etiam
2661 2057 2672 2078 ‚
2762 2047 2764 2050 ·

1580 2104 1822 2146 viventibus
1854 2104 1994 2145 adhuc
2025 2104 2136 2156 reis,
2171 2101 2393 2144 evanescit.

1641 2177 1756 2218 Haec
1786 2176 1857 2218 vel
1889 2176 2053 2229 sapiens
2083 2175 2165 2229 ipsi
2194 2172 2420 2228 sapientiae
2452 2169 2583 2222 dicit,
2609 2166 2678 2208 vel

1582 2246 1744 2289 Christi
1773 2260 1920 2289 servus
1948 2246 2152 2288 Domino,
2177 2246 2233 2286 At
2255 2243 2341 2285 duo
2361 2241 2502 2284 dicens
2518 2272 2531 2293 ,
2554 2238 2678 2294 plura

1582 2320 1705 2374 petit.
1741 2318 1820 2361 Sed
1851 2331 1959 2372 quae
1989 2317 2157 2359 videtur
2187 2316 2325 2370 prima
2347 2311 2577 2368 postulatio
2594 2339 2606 2362 ,
2629 2320 2677 2350 ea

1583 2389 1808 2432 exordium
1844 2390 1987 2444 potius
2030 2385 2273 2442 postulandi
2309 2388 2400 2438 est;
2439 2385 2535 2424 orat
2564 2379 2678 2421 enim

1582 2462 1812 2516 impetrare
1828 2460 1947 2515 quod
1965 2459 2092 2514 petit,
2109 2456 2275 2500 dicens:
2292 2467 2346 2497 ne
2361 2454 2464 2496 meis
2479 2450 2677 2507 precihus

1586 2545 1708 2575 aures
1727 2532 1944 2584 obstruas,
1963 2529 2038 2571 sed
2054 2529 2230 2583 gratiam
2243 2526 2413 2580 largire.
2433 2517 2675 2576 Postquae,

1581 2605 1773 2659 primum
1796 2602 1941 2645 subdit
1959 2600 2244 2656 postulatum:
2268 2609 2423 2640 vanum
2441 2604 2679 2637 sermonem

1582 2676 1815 2729 falsamque
1847 2674 2092 2716 sententiam
2123 2670 2276 2726 procul
2297 2682 2364 2711 me
2385 2668 2492 2724 pelle
2510 2698 2520 2720 ,
2541 2678 2594 2708 ne
2613 2665 2678 2707 his

1582 2753 1698 2789 satur
1714 2780 1726 2802 ,
1746 2746 1923 2788 mendax
1943 2744 2056 2786 fiam.
2087 2734 2545 2796 Saturitassuperbiam
2563 2739 2679 2779 creat

1581 2819 1767 2873 facitque
1790 2821 1838 2859 ut
1861 2816 1993 2858 homo
2012 2814 2275 2868 superiorem
2303 2824 2358 2859 se,
2377 2808 2676 2865 reprehensio-

1581 2890 1705 2932 nibus
1734 2892 1886 2943 putet,
1920 2885 2052 2928 verbo
2084 2889 2126 2926 et
2156 2896 2287 2938 opere
2309 2884 2537 2924 insontem.
2571 2880 2678 2922 Nam

1581 2961 1737 3013 verba,
1765 2961 1859 3015 quis
1878 2971 1943 3000 me
1966 2957 2081 2999 videt
2094 2957 2118 2999 ἱ),
2137 2955 2238 2998 dicit
2258 2967 2337 3009 pro
2355 2985 2367 3007 ,
2403 2952 2498 3008 quis
2518 2963 2585 2994 me
2607 2960 2676 2992 re-'ss

1585 3030 1859 3088 prehendet?
1900 3031 1960 3071 Ne
1996 3029 2107 3069 forte
2150 3026 2363 3081 sapientia
2394 3024 2545 3079 plenus
2565 3053 2577 3074 ,
2609 3022 2679 3063 in-
2704 3068 2706 3072 ,

1584 3101 1976 3159 comprehensibilis
1991 3099 2083 3142 aliis
2096 3098 2256 3140 videar:
2271 3089 2341 3140 vel
2357 3097 2482 3138 etiam
2500 3092 2679 3136 mendax

1584 3186 1834 3231 appaream,
1861 3172 2079 3226 superiora
2102 3170 2256 3211 horum
2280 3168 2422 3221 captui
2451 3166 2646 3219 loquens,

1646 3245 1811 3289 Hir-udo
1830 3245 1874 3285 in
1892 3242 2088 3285 dulcibus
2102 3241 2222 3294 aquis
2239 3231 2424 3280 nascitur
2440 3268 2452 3290 ,
2472 3236 2524 3278 de
2542 3235 2678 3290 specie
2743 3243 2750 3250 ·

1585 3318 1791 3360 vermium
1819 3314 2001 3366 animal,
2032 3311 2268 3354 laevissima
2296 3308 2454 3362 tactui,
2497 3317 2603 3361 quae
2630 3304 2680 3344 iis

1586 3393 1660 3446 qui
1697 3401 1851 3444 aquam
1890 3398 1962 3428 ore
1991 3384 2138 3439 patulo
2169 3381 2370 3434 ebibunt,
2407 3379 2585 3420 latenter
2620 3372 2677 3414 ob

1585 3474 1702 3504 suam
1741 3459 1980 3502 laevitatem
2027 3455 2179 3497 subit.
2222 3451 2373 3494 deinde
2409 3448 2516 3504 parti
2553 3444 2678 3487 alicui

1584 3532 1806 3576 interiori
1823 3530 2050 3571 insinuata
2046 3558 2057 3578 ,
2099 3524 2214 3567 haud
2253 3527 2349 3565 ante
2390 3517 2644 3571 dirumpitur
2662 3522 2703 3567 ,“

1587 3617 1713 3660 quam
1743 3602 1985 3656 sanguinem
2019 3595 2233 3640 ebibendo
2273 3592 2486 3636 hominem
2515 3588 2675 3629 intere-

1586 3676 1725 3718 merit.
1760 3675 1834 3714 Est
1864 3672 1974 3714 enim
2013 3668 2292 3721 sanguisuga,
2335 3666 2377 3704 et
2412 3658 2509 3701 inde
2552 3656 2678 3698 alitur

1587 3751 1715 3800 atque
1739 3744 1900 3787 crescit.
1929 3741 2039 3783 Huic
2059 3751 2172 3781 nunc
2189 3733 2406 3778 diabolum
2433 3730 2675 3782 comparat,

1588 3819 1663 3872 qui
1694 3827 1827 3871 quum
1856 3815 1894 3856 vi
1924 3814 2104 3866 nequeat
2131 3803 2374 3873 hominibus
2404 3799 2535 3856 potiri
2554 3830 2566 3854 ‚
2602 3799 2680 3840 tri-
