2944 4426
1265 246 1311 278 m
1343 244 1608 277 nioman.

303 332 471 375 initium
494 335 727 377 antivarum
755 338 798 375 et
826 312 1201 389 providentialium
1231 332 1396 376 viarum

302 403 406 458 Dei,
432 405 478 447 id
500 410 562 447 est
583 418 704 448 causa
720 437 732 459 ,
753 409 799 446 ut
823 404 1072 446 scholastico
1094 417 1212 446 more
1237 404 1394 460 loqua-

303 486 416 516 mur.
437 476 514 518 Dei
531 475 642 518 filius
656 476 792 517 factus
806 479 873 521 >est
886 474 1034 528 hom0‚
1046 474 1265 530 adsumpta
1284 475 1395 517 servi

302 544 463 599 forma3
489 547 610 601 isque
630 545 730 588 licet
763 546 816 587 sit
845 549 941 587 ante
970 546 1138 588 saecula
1167 550 1362 588 aeternus
1378 579 1390 600 ,

301 620 508 670 quatenus
526 617 601 658 Dei
619 615 804 658 Verbum
828 620 906 667 est,
933 615 1205 658 nibilominus
1229 617 1392 660 creatus

301 685 458 729 dicitur
474 691 697 742 postquam
714 687 974 729 nativitatem
991 687 1045 729 de
1065 688 1197 730 Maria
1214 688 1391 741 habuit,

300 757 436 800 factus
457 771 586 800 caro·
615 762 663 800 ut
678 758 752 813 qui
768 759 982 802 voluerint
1002 759 1231 802 secundum
1257 756 1397 802 Deum

296 828 535 882 ambulare,
554 833 596 870 et
614 828 668 872 ad
689 831 842 881 Deum,
864 830 948 872 hoe
972 834 1147 873 utantur
1163 832 1362 886 magistro
1376 861 1388 884 ,

301 898 528 954 exemplari
549 901 735 955 optimae
752 902 860 943 vitae
873 932 885 954 ‚
905 906 947 943 et
965 902 1198 946 doctrinam
1215 889 1390 945 adseclis

294 968 496 1012 tradenti.
518 972 710 1025 Denique
728 971 846 1026 quod
864 972 1120 1015 vocabulum
1150 992 1169 1007 «
1189 973 1346 1015 creavit
1366 993 1384 1010 ι»

295 1052 382 1082 non
399 1040 559 1096 ubique
574 1042 779 1096 significet
798 1043 935 1086 facere
952 1044 1221 1087 substantiam
1238 1075 1248 1098 ‚
1271 1046 1389 1087 testis

296 1111 433 1154 David
443 1113 519 1166 qui
536 1113 610 1154 ait:
627 1125 702 1155 eor
715 1114 920 1158 mundum
933 1127 1026 1157 crea
1036 1116 1078 1157 in
1090 1128 1156 1157 me
1168 1117 1297 1158 Deus.
1306 1117 1389 1158 Po-

292 1182 423 1224 stulat
435 1185 564 1236 enim,
579 1196 666 1226 non
679 1185 798 1239 quasi
812 1198 889 1228 cor
905 1198 991 1228 non
1006 1187 1162 1229 habeat
1174 1219 1186 1240 ,
1202 1186 1276 1229 sed
1289 1188 1388 1242 quia

292 1252 337 1295 id
354 1254 647 1309 inquinaverat
663 1287 675 1308 ‚
705 1269 954 1312 recuperare
982 1258 1231 1300 mundatum
1248 1260 1384 1313 cupit.

292 1326 448 1368 Paulus
465 1339 639 1382 quoque
663 1327 764 1370 dum
789 1330 876 1382 ait,
896 1329 1004 1371 duos
1027 1342 1169 1372 creare
1186 1330 1231 1372 in
1255 1343 1385 1372 unum

291 1409 451 1449 novum
481 1397 694 1440 hominem
714 1430 726 1452 ‚
759 1412 846 1441 non
882 1399 1161 1442 substantiam
1190 1400 1385 1442 collatam

290 1467 558 1522 hominibus,
587 1469 661 1511 sed
692 1471 894 1512 unitatem
917 1484 967 1512 ex
990 1471 1218 1513 concordia
1244 1476 1386 1514 osten·

288 1538 371 1581 dit.
402 1539 526 1592 Quod
549 1527 798 1595 interpretes
815 1574 826 1595 ‚
861 1542 1018 1584 creavit
1041 1555 1109 1584 me
1143 1542 1382 1585 ediderunt.

349 1611 462 1653 Dicit
473 1611 557 1652 hoc
573 1624 670 1666 pro,
692 1625 860 1654 causam
876 1613 1053 1668 protulit
1073 1618 1116 1655 et
1131 1614 1383 1657 fundamen-

287 1684 379 1722 tum
398 1686 703 1725 ereaturarum.
722 1683 957 1726 Secundum
973 1684 1079 1727 illud
1095 1699 1105 1727 :
1120 1686 1264 1728 'omnia
1274 1689 1318 1727 in
1337 1698 1383 1728 se

286 1752 506 1794 constituit
521 1783 532 1804 ,
557 1753 709 1808 etipse
737 1759 800 1796 est
814 1759 909 1796 ante
926 1757 1079 1798 omnia.
1108 1758 1160 1799 Et
1179 1758 1270 1811 ipse
1287 1758 1380 1799 Do·-

286 1821 423 1864 niinus
436 1822 560 1864 dicit:
580 1835 661 1877 ego
675 1837 772 1866 sum
786 1826 1036 1881 principium
1054 1831 1270 1869 creaturae
1285 1828 1378 1870 Dei.

286 1893 391 1934 Nam
407 1894 515 1935 sicut
541 1894 862 1939 fundamentum
890 1898 1086 1940 ecclesiae
1102 1899 1248 1940 volens
1263 1911 1352 1940 esse
1365 1930 1377 1952 ‚

284 1962 416 2005 homo
431 1963 524 2006 ficri
545 1966 743 2014 sustinuit
759 1997 771 2019 ‚
804 1972 852 2010 ut
878 1980 926 2010 ea
938 1969 984 2010 in
1005 1970 1100 2024 ipso
1124 1970 1382 2013 stabiliretur

282 2033 542 2088 immobilis;
565 2037 626 2077 ita
646 2036 774 2078 etiam
792 2043 1010 2082 creaturae
1031 2041 1178 2082 volens
1201 2042 1381 2083 existen-

282 2106 383 2146 tiam
406 2104 504 2147 dare
520 2138 532 2159 ‚
556 2106 610 2148 ad
625 2108 716 2149 eius
738 2121 930 2152 normam
947 2123 992 2159 se
1019 2112 1376 2166 accommodavit,

264 2174 543 2228 ,praedictam
573 2176 820 2220 relationem
844 2180 1049 2224 inducens
1065 2214 1076 2234 ‚
1099 2182 1236 2226 factus
1262 2184 1378 2227 futu-

280 2246 338 2287 ris
363 2246 489 2289 rebus
520 2248 687 2290 initium
723 2254 766 2292 et
793 2263 933 2294 causa.
964 2255 1160 2298 Attamen
1187 2257 1378 2310 quamvis

280 2318 512 2360 secundum
554 2319 660 2362 haec
694 2321 756 2363 fui
791 2321 991 2379 creatus,
1010 2332 1107 2369 ante
1145 2331 1286 2372 omnia
1310 2343 1377 2372 me

279 2389 392 2431 Deus
419 2391 589 2443 genuit,
623 2394 699 2447 qui
726 2394 921 2438 videlicet
950 2402 1013 2439 est
1036 2397 1165 2441 filius.
1231 2389 1269 2417 '¹
1319 2410 1324 2415 ·

336 2460 553 2504 Thronum
583 2477 663 2519 pro
683 2478 761 2508 suo
780 2480 912 2523 regno
926 2502 938 2522 ‚
959 2475 1110 2513 ventos
1130 2477 1270 2515 autem
1294 2487 1372 2528 pro

281 2529 633 2576 intellectualibus
661 2537 882 2591 spiritibus
901 2539 1021 2583 dicit.
1045 2543 1123 2584 Vel
1153 2545 1372 2599 quomodo

279 2599 441 2643 David:
463 2606 549 2657 -qui
581 2605 771 2650 ambulat
791 2621 920 2664 super
942 2624 1103 2666 pennas
1126 2619 1369 2668 ventorum3

280 2669 434 2722 quibus
467 2674 607 2717 verbis
635 2676 770 2720 levem
801 2684 930 2735 atque
952 2682 1251 2738 incorpoream
1273 2687 1374 2729 sub-

275 2741 472 2783 stantiam
502 2745 581 2786 Dei
612 2749 701 2791 vult
731 2750 951 2794 denotare.

337 2813 490 2866 Specta
509 2814 807 2863 distribuentes
826 2824 936 2866 inter
953 2837 998 2866 se
1021 2839 1178 2883 opera,
1205 2831 1371 2885 sapien-

279 2880 380 2923 tiam
411 2887 539 2938 atque
569 2887 718 2932 Deum.
753 2892 828 2944 lile
858 2894 1063 2948 faciebat,
1095 2899 1264 2954 inquit;
1287 2914 1368 2957 ego

277 2951 570 3007 disponebam.
613 2959 697 3001 Cur
734 2967 874 3006 autem
902 2959 1077 3026 valida?
1118 2972 1219 3025 quia
1249 2974 1367 3021 nullo

274 3022 547 3068 fundamento
579 3035 730 3084 egent,
772 3045 882 3077 nam.
906 3022 997 3080 sola
1030 3040 1108 3082 Dei
1147 3042 1367 3087 voluntate

275 3095 527 3138 consistunt

330 3166 438 3217 Vel,
472 3170 572 3222 quia
593 3172 737 3214 statim
765 3187 814 3216 ac
847 3188 1058 3233 appareo,
1084 3184 1212 3227 vitam
1245 3199 1364 3240 prae-

270 3235 374 3280 beo.
407 3240 514 3292 Vel,
547 3243 647 3296 quia
673 3257 749 3298 per
774 3249 1072 3309 revelationem
1100 3257 1363 3302 condescen-

271 3307 375 3351 dens
415 3310 651 3356 infirmitati
691 3317 809 3372 eius,
847 3323 950 3363 tunc
988 3325 1216 3378 egreditur.
1258 3331 1363 3373 Nam

275 3391 371 3422 cum
404 3381 488 3424 vita
518 3383 597 3435 sit,
620 3389 661 3426 et
680 3391 798 3430 extra
818 3388 1039 3434 hominum
1062 3404 1360 3455 conspectum,

268 3450 397 3492 vitam
428 3453 614 3506 praebet.
642 3457 911 3503 Voluntatem
937 3463 1003 3505 vel
1022 3478 1104 3519 pro
1129 3480 1272 3513 amore
1295 3473 1362 3515 di-

269 3521 355 3576 cit3
387 3525 456 3568 vel
487 3527 586 3580 quia
615 3528 714 3572 fecit
743 3543 822 3574 nos
843 3532 968 3576 liberi
989 3537 1153 3581 arbitrii
1182 3553 1360 3598 compo-

268 3596 356 3645 tes,
393 3595 440 3639 ut
470 3597 524 3640 ad
554 3599 715 3652 agenda
737 3614 847 3656 quae
866 3610 1038 3659 oportet
1059 3612 1189 3664 parati
1209 3612 1356 3658 simus,

2497 233 2559 281 63

1466 351 1552 385 moe
1588 333 1657 381 τοῦ
1685 334 1784 378 Βεσυ
1813 329 2028 398 ἄνθρωπος
2059 329 2217 399 γέγονεν
2247 333 2456 396 ἀναλαβὼν
2488 356 2562 386 rm

1469 402 1540 449 τοῦ
1572 399 1709 448 δᾶυλθυ
1710 422 1896 486 μΟΡφὩὶΓ
1929 425 1995 451 καί
2028 424 2100 468 προ
2132 402 2280 453 αἰωνων
2311 427 2360 454 ων
2392 427 2460 459 ‘lat
2492 427 2562 454 αι*
2602 455 2605 457 .

1466 472 1548 524 διες
1578 472 1675 518 καθ
1706 493 1724 518 ο
1758 471 1854 524 &m
1888 467 2001 535 λὀγες
2040 470 2181 530 ἐστιν,
2222 473 2407 524 ἐκτίσθαι
2446 471 2561 540 λέγε-

1465 561 1532 589 ται
1582 542 1644 590 ὅτι
1700 536 1876 605 γέννησιν
1928 562 1996 592 την
2045 545 2084 590 ἐκ
2131 541 2292 624 Μαριας
2342 545 2440 631 ἔσχιε
2487 567 2558 611 75-

1437 607 1619 672 ,νᾶμενος
1669 610 1778 676 σάρξ·
1831 614 1882 666 ὡς
1924 633 1974 658 αν
2017 614 2052 660 εἱ
2091 610 2278 668 θελοντες
2320 636 2425 664 κατα
2461 615 2561 665 θεον

1464 678 1608 729 §dedam
1655 702 1723 728 και
1775 702 1876 746 apog
1925 679 2053 737 Sec-J,
2095 703 2265 747 χρωνται
2306 684 2559 748 διδασκάλῳ,

1464 748 1726 816 ὖωεγραμμον
1762 750 1927 819 οἷρῖστει,
1955 750 2042 813 βίον
2078 774 2142 800 και
2183 753 2444 803 διδασκαλὶαν
2477 778 2559 811 τεις

1464 818 1668 882 ἐσομένοις
1721 821 1922 888 σαρὲχεντ
1908 841 1970 871 α·
2023 825 2085 871 ὅτι
2129 819 2169 871 δὲ
2218 822 2262 872 τὲ
2317 823 2443 875 ἔκτισε
2447 849 2466 873 ν
2513 827 2557 874 ου’

1462 893 1575 941 δηὶει
1617 888 1777 946 Πάντως
1817 890 2035 953 εὐσῖωσιν,
2082 894 2192 944 cini?
2159 917 2190 941 ι
2237 891 2358 959 λεγων
2404 893 2423 942 ὃ
2467 903 2558 945 Δα-

1460 958 1546 1020 βιδ·
1579 960 1742 1029 καρδιαν
1789 962 1973 1028 καθαρὰν
2014 984 2145 1013 κτισον
2187 966 2234 1013 ἐν
2267 962 2353 1026 ἐμοι
2387 965 2406 1013 o‘
2443 964 2556 1019 Βεος·

1460 1034 1565 1081 onitu
1606 1030 1681 1121 γᾶρ
1725 1055 1798 1096 ουχ
1839 1035 1891 1087 ὦς
1945 1056 2002 1097 μη
2056 1033 2196 1097 ἔχων,
2241 1037 2417 1094 λαβειν,
2469 1038 2558 1084 ἀλλ’

1460 1101 1510 1155 ὦς
1561 1100 1739 1169 ῥιπωσας
1780 1101 1905 1155 αὐτην
1928 1141 1941 1163 ,
1995 1107 2218 1165 ἀναλαβειν
2263 1100 2386 1160 αυθις
2437 1128 2557 1155 κεκα-

1458 1170 1676 1237 θαρμένην·
1709 1197 1777 1222 και
1810 1179 1967 1230 Παῦλος
2004 1172 2047 1223 δε
2085 1175 2208 1239 λέγων
2246 1197 2341 1230 τους
2375 1173 2439 1224 δύο
2470 1199 2560 1227 κτι-

1460 1250 1605 1296 ζεσθαι
1639 1246 1694 1299 εἰς
1737 1246 1808 1293 ἕνα
1842 1243 1974 1293 naz-‚obv
2018 1244 2267 1311 ἄνθρωπον,
2313 1249 2377 1294 οὐκ
2414 1244 2557 1305 εὐσῖω-

1459 1336 1519 1361 σιν
1575 1311 1818 1379 ἀνθρώπων,
1865 1318 1954 1364 ἀλλ’
2001 1318 2134 1365 ἕνωσιν
2179 1319 2220 1373 ἐξ
2264 1315 2440 1380 ἇμενεῖας
2485 1322 2557 1370 δῆ-

1457 1388 1533 1431 λοῖ·
1567 1387 1695 1452 ὅσπερ
1726 1385 1759 1433 οἶ
1781 1384 2125 1450 ’ἔρμηνεῦσαντες,
2161 1384 2346 1438 ἓκτι’σατο’
2377 1410 2425 1443 με
2467 1387 2552 1446 ἓξὲ-

1457 1456 1585 1502 amaa„
1622 1461 1639 1504 l
1654 1457 1686 1520 ).

1520 1594 1636 1646 Αντι
1668 1601 1735 1646 τοῧ
1760 1595 1984 1658 κατέβαλεν
2023 1596 2159 1648 αἱτιαν
2198 1621 2241 1648 τε
2273 1622 2340 1647 και
2377 1596 2551 1663 κρηωιόα

1456 1687 1530 1715 των
1562 1686 1800 1730 κτισματων’
1835 1691 1909 1734 κατ
1915 1691 1941 1715 α
1972 1692 2041 1727 το
2075 1666 2208 1719 πάντα
2243 1670 2285 1716 ἐν
2319 1673 2393 1719 αὐτ
2397 1674 2427 1733 ᾧ
2459 1692 2551 1718 συν-

1455 1733 1637 1796 έστησε,
1670 1760 1736 1786 και
1769 1738 1887 1792 αυτᾶς
1922 1742 2005 1790 ἐστι
2039 1761 2109 1805 προ
2144 1737 2313 1790 πάντων·
2339 1763 2405 1789 και
2430 1738 2550 1796 αὐτος

1454 1805 1497 1854 δε
1522 1830 1632 1873 φησιν
1658 1809 1676 1856 ὃ
1701 1808 1825 1874 κύριος
1846 1809 1883 1868 ⁴²,
1910 1808 1986 1898 370?
2008 1811 2085 1871 εἶμι
2109 1809 2134 1861 ἦ
2157 1807 2262 1876 ἁρχη
2288 1834 2364 1865 της
2384 1833 2570 1866 κτισεως

1454 1881 1523 1926 τοῧ
1550 1882 1659 1927 θεευ·
1693 1903 1743 1934 ως
1775 1902 1853 1946 γαρ
1875 1878 2059 1943 θεμέλιος
2082 1883 2129 1940 βε
2131 1879 2315 1944 υλόμενος
2349 1876 2447 1930 εἰναι
2475 1886 2548 1935 τῆς

1453 1947 1661 2004 ἐκκλησιας
1682 1988 1695 2008 ,
1728 1948 1934 2016 ἄνθρωπος
1966 1949 2129 2013 ὖπεμενε
2160 1949 2374 2039 γενέσθαι,
2404 1954 2455 2000 ἶν’
2489 1952 2548 2002 ἐπ

1452 2022 1562 2083 αυτῷ
1590 2022 1755 2086 ἱδρυνθῇ
1784 2044 1840 2084 μη
1865 2028 2006 2097 σαλευε
2008 2020 2119 2085 μὲνη·
2153 2024 2251 2072 ουτω
2281 2021 2349 2071 και
2383 2027 2435 2087 τῇ
2465 2045 2550 2071 κτι-

1452 2111 1508 2138 σει
1541 2095 1766 2156 παρασχεῖν
1799 2113 1841 2141 το
1877 2091 1974 2140 εἶναι
2006 2091 2261 2155 βουλόμενος,
2294 2115 2370 2142 κατ
2422 2090 2546 2146 αὐτην

1450 2181 1539 2225 757.
1546 2181 1607 2208 νεν
1629 2199 1642 2219 ,
1676 2184 1746 2212 την
1778 2162 2052 2229 προειρημένην
2085 2160 2225 2228 σχέσιν
2257 2186 2461 2230 εισαγων,
2487 2187 2548 2229 72-

1449 2227 1542 2292 νέμε
1529 2252 1585 2278 νε
1589 2250 1617 2284 ς
1639 2254 1722 2317 τεις
1758 2236 1821 2282 &aa
1823 2231 1912 2296 με’νε
1917 2257 1951 2288 ις
1984 2231 2088 2300 ἄρχῃ
2118 2258 2181 2282 και
2215 2255 2344 2282 αιτια·
2383 2236 2475 2282 ἀλλ’
2515 2256 2547 2283 ει

1447 2324 1514 2348 και
1547 2300 1654 2349 κατὰ
1676 2307 1805 2353 ταῦτα
1837 2325 1970 2395 φησιν’,
1980 2306 2194 2362 ἓκτισθην,
2221 2303 2341 2353 αλλα
2352 2326 2422 2369 ποι)
2448 2327 2545 2354 παν-

1448 2392 1524 2420 των
1553 2393 1599 2436 γε
1583 2376 1675 2433 ννᾷ
1703 2395 1753 2437 με
1785 2372 1881 2429 Σ-εος
1902 2414 1914 2430 .,
1950 2377 2042 2440 ὅπερ
2075 2375 2181 2426 ἔστιν
2213 2372 2313 2423 υἱον.

1474 2439 1639 2507 Θρένε
1643 2464 1663 2490 ν
1687 2465 1757 2495 την
1783 2446 1894 2494 ἓαυτ·
1899 2450 1922 2493 ῧ
1952 2444 2190 2506 βασιλειαν,
2224 2444 2385 2508 ἀνέμους
2419 2442 2459 2493 ὂε
2493 2468 2544 2494 τα

1445 2533 1556 2577 νεερα
1580 2534 1783 2576 πνευματα
1808 2513 1926 2582 λέγει·
1952 2514 1977 2567 ἢ
2000 2514 2136 2571 mecm
2161 2539 2228 2565 και
2253 2515 2400 2571 Δαυιό
2430 2516 2447 2563 ὃ
2474 2538 2545 2566 πε-

1444 2603 1624 2647 ριωατων
1663 2606 1733 2634 εισι
1780 2585 1979 2653 ωτερύγων
2017 2586 2182 2651 ἀνεμων·
2229 2609 2272 2637 το
2316 2611 2356 2634 κε
2362 2609 2487 2653 ωερε-ε
2504 2609 2544 2635 εν

1443 2653 1583 2702 αυτοῦ
1609 2658 1680 2710 τῆς
1725 2659 1859 2711 εὑσιας
1903 2655 1970 2705 ιίαι
2017 2655 2227 2707 οἷσωιιατον
2273 2679 2542 2724 &apoto-tuom

1442 2721 1489 2781 βᾶ
1492 2722 1694 2786 υλόμενες.

1493 2796 1611 2880 Ὅρα
1658 2799 1779 2861 διαιρε
1782 2794 1922 2846 υιιένευ

1441 2885 1505 2912 και
1555 2886 1622 2915 τον
1671 2866 1780 2914 &sdv-
1825 2869 1849 2916 ὁ
1891 2867 1962 2930 μὲν
1996 2867 2149 2929 immet,
2201 2890 2332 2935 φησιν·

1439 2936 1620 3000 ἥρμοζεν·
1668 2935 1816 3003 ι’σχυρα
1858 2936 1934 2997 δε,
1981 2961 2095 2996 πωςς
2135 2962 2177 2987 ου
2220 2937 2386 3001 ὂεὲμενα
2434 2960 2537 2992 τινος

1439 3003 1515 3054 231³
1502 3003 1695 3070 βάθροις
1741 3011 1788 3069 βε
1791 3007 1927 3061 ulmei
1964 3030 2040 3075 γαρ
2075 3009 2174 3075 μόνῃ
2217 3007 2429 3083 κατέχεται
2467 3031 2507 3057 τ·
2491 3031 2534 3056 υ

1439 3080 1553 3127 θεεῦ.

1493 3143 1558 3196 Η
1592 3149 1652 3198 ὅτι
1695 3149 1798 3210 ἅμα
1819 3153 1874 3213 τῷ
1908 3171 2079 3238 φανηναι
2123 3173 2284 3217 παρεχτ)
2329 3147 2460 3207 ζωην,
2507 3146 2533 3200 ἦ

1931 2822 1942 2828 “
1993 2821 2044 2846 τα
2095 2821 2225 2866 Εργα,
2279 2821 2348 2850 τη]
2400 2821 2540 2885 σίφιαν

2384 2866 2458 2933 ἐγω
2495 2865 2538 2915 δε

1437 3216 1498 3263 ὅτι
1542 3218 1604 3266 ὅτι
1649 3221 1728 3267 ἀῶε
1731 3217 1897 3284 καλυψει
1941 3244 2015 3271 τινι
2054 3218 2383 3287 συγκαταβαινων
2428 3242 2544 3287 τσρος.

1437 3307 1508 3336 την
1542 3285 1684 3337 ἐκεινου
1716 3288 1980 3351 &offe-laetam*
1984 3288 2073 3340 τᾶτε
2099 3289 2317 3358 ἐξέρχεται·
2354 3290 2433 3346 ζωη
2457 3289 2532 3358 γὰρ

1435 3353 1512 3414 ὧν,
1545 3380 1612 3407 και
1644 3360 1716 3416 ἔξω
1727 3383 1790 3425 7-
1780 3359 1885 3423 νέμε
1890 3385 1929 3411 νε
1932 3386 1950 3417 ς
1975 3386 2017 3413 τε
2011 3366 2058 3417 ’ἶς
2083 3362 2308 3425 δυναμενεις
2335 3365 2432 3410 ιόέῖν
2459 3364 2530 3410 αὖ·

1434 3447 1533 3484 τον,
1567 3426 1664 3483 ζωην
1698 3428 1848 3480 ὂιόωσι·
1883 3430 2053 3484 θέλησιν
2086 3434 2177 3480 δέ
2161 3456 2186 3484 η
2209 3455 2317 3499 aym
2320 3453 2364 3484 ην
2389 3453 2529 3499 φησιν,

1432 3490 1457 3543 ἦ
1487 3496 1548 3544 ὅτι
1581 3498 1761 3551 ἐπειησεν
1797 3502 1902 3564 ἡμᾶς
1941 3505 2080 3559 αὐτεξε
2082 3526 2210 3559 υσιευς
2248 3526 2302 3557 εις
2341 3525 2384 3553 το
2425 3503 2485 3550 ἔτι
2491 3500 2528 3548 ι’-

1431 3586 1524 3626 μους
1555 3588 1654 3616 ειναι
1687 3591 1814 3635 πραττ
1820 3594 1872 3620 ειν
1904 3595 1931 3620 α
1963 3577 2038 3623 dec.

1973 3642 1984 3658 Ο

362 3743 392 3784 1)
413 3745 502 3778 Cilat
521 3747 610 3781 hunc
629 3749 738 3783 locum
758 3747 856 3786 suum
877 3754 1037 3797 Didymus
1057 3759 1143 3801 apud
1164 3770 1225 3796 nos
1244 3764 1277 3796 in
1297 3768 1530 3802 commentario
1551 3770 1593 3804 ad
1614 3773 1655 3806 11.
1680 3775 1756 3808 cor.
1786 3784 1857 3818 cap.
1882 3779 1922 3811 v.
1949 3782 1998 3821 17,
2022 3781 2111 3822 quod
2132 3784 2181 3815 est
2203 3783 2270 3815 veri
2293 3784 2390 3815 huius
2421 3783 2528 3824 operis

261 3795 496 3833 testimoninm.
516 3801 734 3846 (ubicorrige
753 3813 787 3839 n.
813 3811 842 3840 ι.
861 3817 923 3850 pro
945 3809 993 3851 ³.)

2592 1614 2626 1672 5³⁵5

2643 1612 2686 1672 ’Ἦ

2592 1837 2692 1868 *ῙοΙι.
2713 1840 2793 1869 v111.
2818 1845 2852 1870 25
