2944 4426
159 719 252 755 vulg.
266 725 332 754 cap.
342 716 439 780 §xlx-

157 790 194 818 A.
210 789 231 818 f.
258 792 319 817 109.
347 773 378 815 a'.
406 765 440 816 gt

157 824 224 853 cod.
254 824 316 852 vat.
333 826 397 851 432.
414 822 438 851 f.

163 865 207 888 90.
219 881 227 894 ,
247 859 310 887 sive
327 857 361 886 B.

156 910 171 925 τ
192 905 261 935 cod.
281 894 419 944 φθόνος.

307 3248 340 3279 Β.
359 3248 380 3289 ι.
399 3250 446 3277 οο.

479 246 542 291 74

480 344 571 379 θεοῦ·
598 342 683 379 ε’νεὸν
719 343 754 378 δέ
780 343 899 380 ἑαυτὸν
929 342 1098 386 ποιήσας,
1124 342 1199 391 περὶ
1235 338 1274 379 οὗ
1303 340 1428 390 μαθεῖν
1462 340 1583 387 ἦλθεν,

479 405 578 447 οὗτος
606 404 691 449 δόξει
719 405 877 454 φρόνιμος
904 402 999 440 εἶναι·
1026 405 1055 441 εἷ
1082 402 1178 447 οὗτος
1211 405 1318 454 ἐρωτᾷ
1340 407 1414 453 περί
1442 406 1582 454 σοφίας,

480 468 497 503 ὁ
519 466 723 515 βουλόμενος
750 466 784 501 τί
808 467 884 516 περὶ
907 461 1029 515 σοφίας
1049 466 1186 515 μαθεῖν·
1207 465 1304 508 οὗτος
1326 468 1361 503 δέ
1382 470 1493 513 σιωπᾷ
1513 469 1580 504 dno*

479 529 622 578 σοφίας,
645 529 662 564 ὁ
682 531 733 577 μή
754 529 852 577 μόνον
880 528 953 565 οὖδέ
980 529 1084 566 θέλων
1105 533 1224 578 γνῶναι
1246 532 1320 578 περὶ
1343 530 1483 575 σοφιάς,
1505 531 1579 566 ἀλλ’

478 590 658 626 οἱποπαιίων
685 591 743 625 καὶ
770 591 846 632 τούς
871 589 1026 630 πλησίον·
1054 592 1103 627 διοΙ
1130 591 1187 627 καί
1213 592 1451 640 φρονιμώτερος
1483 591 1579 638 λε’γε-

478 666 533 687 ται
561 650 644 687 εἶναι
673 652 690 686 ὁ
717 651 875 700 πρότερος
901 655 960 689 τοῦ
981 652 1144 701 δευτέρου.

525 715 579 762 Τῇ
602 713 730 761 βδέλλῃ
756 717 844 761 τρεῖς
870 713 1055 763 θυγατέρες
1076 712 1163 755 ἦσαν
1193 714 1235 762 τῇ
1262 713 1415 762 οἶμαρτιά
1442 713 1580 762 dyamb-

477 791 575 825 μεναι
597 775 793 824 οἰγαπήσει,
813 776 838 816 η’
858 775 1012 824 πορνεία,
1034 777 1052 812 ὁ
1073 774 1171 823 φόνος
1184 775 1210 819 ⁴,
1231 777 1289 811 καί
1310 776 1578 823 εἶδωλολατρεία·

478 838 518 873 αἱ
545 840 636 887 τρεῖς
662 837 700 874 οὖ
725 837 951 877 ἐνεπὶπλησαν
977 837 1090 877 αὖτήν·
1117 835 1154 872 οὖ
1179 836 1246 885 γοὶρ
1272 836 1497 884 ἐμπίπλαται·
1523 837 1579 871 διοὶ

478 899 601 936 τούτων
627 902 687 934 τῶν
712 900 860 948 πράξεων
885 901 1046 947 νεκροῢσα
1075 899 1097 937 ἦ
1123 897 1276 946 ἁμαρτία
1306 898 1362 933 τὸν
1386 895 1577 945 ἄνθρωπον,

473 945 647 1010 μηδέποτε
667 961 893 1010 ἦλλοιωμένη,
907 961 1000 996 ἄλλα
1012 961 1155 997 ποίντοτε
1176 960 1383 1003 ἐπαύξουσα·
1398 960 1421 998 ἦ
1439 961 1507 1008 γαρ
1527 974 1579 994 τε-

477 1023 606 1073 τάρτη,
627 1025 749 1072 φησὶν,
770 1023 827 1059 οὖκ
848 1022 1001 1072 η’ρκέσὸη
1025 1021 1128 1058 εἷπεῖν
1156 1021 1281 1065 ι’κανδν,
1310 1022 1332 1060 η’
1357 1021 1447 1056 κατοὲ
1466 1019 1579 1056 πάντα

477 1086 607 1134 πονηροὶ
621 1084 796 1133 ἐπιθυμία·
823 1085 981 1134 τετάρτην
1001 1084 1115 1131 λέγων,
1133 1085 1191 1122 τη“ν
1210 1083 1300 1130 μετὰ
1318 1082 1445 1118 πάντων
1464 1081 1578 1118 ἐπιθυ·

477 1147 557 1196 μίαν
577 1146 751 1195 ἐσήμανεν·
762 1145 875 1195 ὥσπερ
896 1146 962 1194 γοὶρ
983 1143 1018 1181 ἓν
1038 1144 1099 1192 μέν
1121 1144 1194 1180 ἔστι
1221 1143 1260 1179 τό
1287 1147 1403 1191 σῶμα,
1430 1143 1518 1191 μέλη
1542 1145 1576 1179 δὲ

476 1210 593 1245 πολλοὶ
623 1208 719 1256 ἔχει,
746 1207 829 1244 οὕτω
854 1208 911 1243 καὶ
932 1207 954 1247 ἦ
976 1205 1127 1254 ἁμαρτία
1145 1204 1211 1253 μιά
1231 1201 1338 1249 οὖσα,
1360 1206 1491 1247 πολλοὲς
1517 1206 1577 1240 καί

477 1269 634 1311 ποικίλας
655 1268 838 1318 ἐπιθυμίας
870 1270 902 1304 ἐν
929 1268 1034 1317 ἑαυτῇ
1055 1268 1151 1317 ἔχει,
1182 1267 1218 1302 δι’
1245 1266 1285 1302 ὦν
1311 1266 1492 1310 ἐπίβουλος
1517 1270 1577 1302 τῶν

477 1330 652 1380 ἀνθρώπων
672 1330 808 1378 γίνεται·
830 1329 906 1366 ὅθεν
927 1334 1025 1366 τοῦτο
1047 1328 1179 1373 διδοίξαι
1202 1329 1421 1376 βουλόμενος,
1437 1330 1492 1365 διαὶ
1513 1342 1576 1365 πα·

479 1392 706 1440 ραδειγμοίτων
728 1392 770 1431 δή
789 1401 910 1439 φησιν,
931 1390 1015 1436 ᾅδης
1037 1392 1094 1426 καί
1116 1391 1194 1439 ἔρως
1212 1392 1391 1439 γυναικός,
1412 1391 1470 1427 καὶ
1497 1391 1577 1440 τοίρ·

476 1467 598 1501 ταρος,
623 1453 679 1488 καὶ
707 1455 755 1500 γῆ
779 1452 837 1488 οὐκ
861 1452 1101 1500 ἐμπιπλαμένη
1138 1452 1269 1494 ὕδατος·
1296 1453 1353 1488 καί
1388 1452 1489 1500 ὕδωρ,
1515 1452 1574 1488 καί

478 1516 567 1563 πῦρ,
593 1514 632 1549 ου’
657 1515 705 1562 μή
733 1515 869 1550 εἴπωσιν
895 1514 1000 1562 ἀρκεῖ·
1034 1515 1150 1550 οὐδένα
1185 1516 1251 1563 γοὶρ
1282 1515 1404 1563 τρόπον
1430 1516 1450 1551 ό
1473 1514 1574 1560 ᾅδης,

478 1576 516 1613 οὕ
544 1575 705 1612 διαλείπει
733 1577 914 1625 δεχόμενος
940 1576 1063 1626 ψυχας
1090 1576 1217 1625 οἰνόμων
1245 1576 1431 1625 ἀνθρώπων·
1456 1576 1530 1613 οὐδὲ
1558 1576 1575 1612 ὁ

476 1640 556 1689 ἔρως
577 1643 638 1682 τῆς
658 1640 827 1689 ἁμαρτίας
849 1640 890 1681 οἷς
909 1641 1066 1687 γυναικὸς
1087 1639 1229 1675 παύεται
1260 1637 1473 1687 ε’κπορνεύων,
1494 1653 1576 1687 προ-

478 1703 578 1744 δότης
605 1706 666 1745 τῆς
692 1702 797 1738 αὐτοῦ
817 1702 937 1751 ψυχῆς
954 1701 1053 1743 ’ὅστις
1074 1701 1258 1749 γενόμενος·
1281 1701 1323 1756 οἷς
1343 1700 1506 1750 τάρταρος
1530 1700 1575 1744 δὲ,

475 1758 530 1799 οἷεὶ
552 1763 591 1808 ε’ν,
606 1764 766 1812 λυγρῶδει
788 1765 848 1799 καί
871 1763 1012 1812 ζωφώδει
1035 1762 1123 1808 τόπῳ
1144 1762 1317 1811 ὑπάρχων,
1339 1761 1376 1797 οὔ
1398 1766 1575 1810 καταλαμ-

477 1826 619 1869 βοίνεται
642 1827 706 1862 ὑπὸ
727 1826 861 1867 ἀκτῖνος
878 1826 1001 1872 φωτὸς,
1022 1824 1122 1866 οὕτως
1143 1826 1177 1860 δὲ
1199 1828 1266 1865 mig
1293 1825 1309 1859 ὁ
1331 1824 1363 1859 ἐν
1384 1825 1485 1859 παντὶ
1510 1825 1575 1859 ποί-

452 1924 458 1927 ,
476 1892 526 1923 θει
550 1889 674 1937 σαρκός
695 1890 739 1936 τῇ
759 1887 909 1935 ἁμαρτίᾳ
930 1887 1105 1929 δουλεύων,
1126 1886 1168 1928 ὦς
1188 1888 1235 1933 γῆ
1255 1887 1311 1922 οὐκ
1334 1885 1572 1933 ἐμπιπλαμένη

477 1950 621 1994 ὁδοίτων,
647 1950 817 1998 μηδέποτε
839 1948 888 1990 εἷς
910 1949 1236 1997 ἐξομολόγησιν-καί
1256 1949 1394 1996 λουτρὸν
1415 1952 1574 1995 παλινγε-

476 2011 590 2053 νεσίας
606 2010 719 2047 ἐλθεῖν
733 2011 920 2058 δυνάμενος,
933 2010 974 2052 ὥς
987 2010 1068 2058 ὕδωρ
1090 2010 1223 2058 καὶπῦρ
1241 2010 1289 2057 μη“
1309 2009 1456 2056 λέγοντα
1469 2008 1574 2055 ἀρκεῖ.

517 2071 580 2110 uOv
614 2075 680 2122 γάρ
721 2073 838 2122 τρόπον
867 2072 939 2121 ἔφις
974 2072 1028 2108 ἐπὶ
1054 2071 1178 2119 πέτρας
1213 2070 1428 2123 ι’χνοποιῆσαι
1455 2071 1492 2106 οὗ
1519 2072 1574 2107 δυ’-

475 2149 589 2179 ναται,
617 2134 719 2175 οὕτως
746 2134 820 2169 οὐδὲ
847 2135 862 2170 ὁ
890 2123 1045 2177 διοίξολος
1073 2133 1128 2169 ἐπί
1156 2134 1254 2180 σῶμα
1287 2134 1433 2180 Χριστοῦ
1463 2132 1574 2181 ἁμαρ-

475 2197 549 2233 τίαν
574 2196 724 2237 ἠδυνήθη
753 2196 869 2245 εδρεῖνῐ
892 2195 986 2243 λέγει
1013 2196 1079 2243 γάρ
1105 2195 1122 2230 ὁ
1150 2193 1269 2243 κύριος·
1297 2193 1367 2229 ι’δοῦ
1389 2192 1527 2241 ἔρχεται
1555 2193 1573 2228 o‘

476 2261 588 2309 ἅρχων
614 2262 671 2294 τοῦ
697 2258 825 2307 κόσμου
854 2258 991 2301 τούτου,
1017 2258 1076 2292 καί
1102 2257 1134 2291 ἐν
1161 2255 1237 2304 ε’μοὶ
1264 2254 1404 2304 εύρηόἐι,Ι
1422 2254 1573 2291 οὐδέν.-

475 2321 598 2363 Καθώς
623 2323 690 2369 γοὶρ
716 2324 793 2361 ναῦς
828 2320 1036 2356 διαπλέουσα
1068 2320 1100 2354 ἐν
1135 2321 1177 2364 τῷ
1208 2318 1371 2365 πελοίγει,
1405 2317 1487 2365 ἴχνη
1514 2320 1571 2352 καί

476 2385 571 2425 ὁδούς
597 2384 634 2418 οὗ
669 2382 886 2425 καταλείπει,
918 2381 1019 2421 οὕτως
1053 2381 1128 2416 οὐδὲ
1155 2381 1176 2419 ἦ
1204 2379 1372 2418 ἐκκλησία
1396 2380 1429 2414 ἐν
1457 2378 1572 2426 κόσμῳ

476 2445 716 2493 πολιτευομένη
738 2445 779 2484 ὥς
800 2444 831 2478 ἐν
853 2444 1014 2490 πελάγει,
1039 2438 1235 2478 καταλείπει
1263 2444 1318 2482 τήν
1346 2438 1429 2477 ἷὸιάν
1450 2440 1574 2476 ἐλπίδα

478 2507 534 2542 ἐπὶ
561 2509 620 2547 τῆς
646 2508 730 2553 γῆς,
757 2504 891 2552 ἔχουσα
918 2506 976 2542 τήν
1002 2503 1085 2551 ζωήν
1111 2503 1335 2552 ἀποκειμένην
1362 2501 1393 2537 ἐν
1421 2504 1492 2543 τοῖς
1519 2503 1573 2538 ου’·

479 2571 601 2617 ρανοῒς·
629 2565 670 2609 ἧς
697 2566 754 2602 ε’πί
782 2566 897 2614 βραχύ
930 2564 1191 2614 παρελθούσης,
1217 2565 1274 2601 οὐκ
1307 2564 1396 2601 ἔστιν
1431 2564 1575 2613 ι’χνηλα-

479 2632 581 2669 τῆσαι
608 2630 666 2668 τήν
693 2628 923 2669 διὀδον.-Τῆς
951 2626 1135 2668 ἐκκλησίας
1169 2627 1218 2675 μή
1250 2625 1572 2674 καταλιμπανοῑίσης

480 2692 512 2725 ἐν
539 2692 652 2738 κόσμῳ
679 2692 736 2730 τήν
763 2689 904 2732 ἐλπίδα,
932 2692 990 2730 τῆς
1017 2691 1060 2723 τοὶ
1085 2688 1196 2723 πάντα
1230 2687 1395 2736 φερούσης
1425 2690 1574 2735 Χριστοῦ

481 2752 696 2801 σαρκῴσεως,
721 2750 832 2800 τρίβον
858 2750 1038 2797 νεκρῶσεως
1064 2749 1097 2785 ἐν
1127 2749 1208 2795 ᾅδου
1243 2749 1300 2784 οὔκ
1335 2747 1574 2784 ὑπελίπετο.-

480 2814 595 2856 Τίνος,
621 2813 694 2849 ἀλλ’
716 2812 738 2853 ἢ
766 2817 826 2848 τοῦ
851 2812 886 2848 ἐκ
907 2812 1096 2859 πνεύματος
1122 2810 1220 2858 ἁγίου
1243 2812 1299 2845 καὶ
1322 2809 1490 2858 παρθένου
1517 2825 1574 2856 γε·

479 2877 702 2927 γεννημένοῑζ
726 2874 761 2917 ὃς
783 2877 837 2911 τόν
860 2876 981 2911 τέλειον
1003 2873 1173 2926 α’νξρωπον
1195 2871 1382 2914 οἷνανεώσας
1404 2872 1439 2908 ἐν
1459 2872 1573 2920 κόσμῳ

480 2938 629 2974 ἐπιτελεῖ
652 2926 714 2979 τοὶς
741 2937 914 2985 δυνάμεις,
940 2936 1127 2985 ἀρξάμενος
1148 2934 1221 2970 ’ἀπό
1249 2937 1308 2970 τοῦ
1333 2934 1573 2983 βαπτίσματος

475 3001 624 3036 Ἰωάννου
640 3029 648 3044 ,
674 2999 715 3040 ὦς
742 2999 799 3034 καὶ
827 2999 844 3034 ὁ
870 2996 1117 3045 εὗαγγελιστης
1145 2999 1318 3045 μαρτυρεῖ·
1343 2994 1382 3035 ἦν
1409 2997 1442 3031 δὲ
1470 2997 1486 3031 ο“
1509 2995 1574 3034 Ἰη-

482 3066 562 3105 σοῦς
582 3062 768 3111 ἀρχόμενος
790 3062 831 3103 ὦς
850 3061 926 3096 ε’τῶν
948 3060 1134 3109 τριακοντα’
1156 3060 1273 3094 τούτου
1296 3056 1349 3095 οὖν
1372 3059 1409 3093 τό
1429 3059 1496 3095 νέον
1515 3060 1572 3094 καὶ

483 3124 628 3172 ἀκμαῖον
655 3126 714 3165 τῆς
741 3122 891 3166 ἡλικίας,
919 3120 953 3164 ὃς
981 3121 1127 3157 διοδεύων
1153 3122 1242 3156 κατοὶ
1275 3122 1390 3162 πόλεις
1419 3121 1475 3156 καί
1505 3121 1575 3169 χῶ-

483 3200 544 3233 ea?
556 3213 564 3228 ν

529 3245 735 3292 Ὀφθαλμός
761 3247 954 3291 καταγελῶν
980 3244 1023 3278 τοὶ
1047 3243 1173 3291 πατρός
1199 3244 1255 3278 καὶ
1284 3242 1493 3290 ἀτιμάζοντα
1513 3246 1576 3291 γῆ-

593 3184 666 3219 ἷοῖτο
693 3185 755 3225 τοὶς
781 3183 897 3224 νόσους
924 3183 983 3218 καί
1009 3183 1069 3223 τοὶς
1095 3181 1273 3223 ἀσθενείας
1305 3186 1362 3218 τῶν
1388 3181 1575 3230 ἀνθρώπων,

483 3322 543 3356 ρας
567 3307 705 3355 μητρός.
725 3308 1000 3353 Βλασφημοῦντα
1026 3305 1080 3340 τόν
1106 3304 1200 3347 θεὸν,
1227 3305 1283 3340 καί
1318 3304 1451 3353 μητέρα
1483 3305 1575 3348 ἔξου-

484 3369 644 3405 θενοῦντα
669 3371 814 3414 Χριστοῦ
841 3368 897 3406 την
923 3370 982 3402 τοῦ
1013 3370 1086 3402 θεοῦ
1120 3366 1260 3414 σοφίαν,
1286 3365 1483 3412 ἐκκόψασαν
1516 3367 1576 3403 αὖ·

484 3431 540 3466 τόν
567 3428 704 3476 κόρακες
731 3428 766 3463 ἐκ
792 3430 850 3462 τῶν
877 3427 1073 3475 φαράγγων,
1097 3430 1141 3463 τοὶ
1164 3427 1348 3476 ἀκάθαρτα
1367 3428 1425 3463 καὶ
1447 3429 1577 3477 πονηροὶ

484 3491 679 3539 πνεύματα,
705 3490 742 3524 τὸ
775 3490 955 3538 διορατικόν
982 3492 1040 3531 τῆς
1074 3489 1275 3537 εὖφροσύνης
1303 3487 1407 3537 ὄμμα·
1434 3490 1490 3524 καὶ
1515 3505 1575 3525 κα-

485 3553 667 3601 ταφαγοιεν
695 3549 794 3586 αὑτόν
824 3552 956 3586 νεοσσοί
976 3551 1086 3586 οἰετῶν·
1109 3553 1169 3587 καί
1198 3552 1466 3599 καταπατημένα
1483 3551 1576 3588 ἔσον-

487 3629 542 3650 ται
570 3616 638 3654 τοῖς
665 3615 747 3648 ποσί
775 3615 832 3646 τῶν
857 3612 967 3659 ἁγίων.

535 3675 620 3724 Τρία
645 3674 737 3709 ἐστίν
763 3673 911 3708 ἀδύνατοί
934 3688 991 3721 μοι
1016 3678 1154 3718 νοῆσαι,
1180 3676 1237 3710 καὶ
1270 3676 1307 3710 τὸ
1336 3675 1491 3722 τέταρτον
1517 3674 1590 3727 οόκὲι

486 3737 698 3784 ἐπιγινώσκω·
724 3734 804 3782 ἴχνη
827 3734 927 3769 αἰετοῦ
947 3736 1143 3782 πετομένου,
1165 3738 1225 3771 τοῦ
1245 3738 1392 3785 Χριστοῦ
1416 3737 1473 3775 τη“ν
1499 3735 1577 3771 ἄνοι’-

486 3797 604 3843 ληψιν.
630 3797 698 3832 Καὶ
725 3796 820 3835 ὁδους
844 3794 947 3842 ὄφεως
969 3795 1026 3830 ἐπὶ
1046 3797 1187 3844 πέτρας,
1208 3797 1226 3832 o'
1253 3796 1409 3838 διάβολος
1435 3796 1500 3844 οὔχ
1526 3794 1579 3832 εὖ·

432 3847 457 3869 ““
486 3872 537 3907 ρεν
564 3858 660 3906 ’ίχνος
685 3855 852 3905 ἁμαρτίας
879 3856 912 3891 ἐν
935 3858 977 3902 τῷ
1003 3856 1131 3904 σώματι
1156 3860 1216 3893 τοῦ
1241 3851 1397 3904 Χριστοῦζ
1418 3857 1484 3892 Κοιι1
1511 3856 1577 3904 τρί-

1454 256 1475 287 S
1482 273 1494 288 0
1532 255 1769 289 HIPPOLYTI

1655 342 1832 391 explorat.
1852 343 1998 382 Rudem
2015 354 2054 383 se
2070 344 2150 383 elus
2167 345 2221 382 rei
2246 343 2426 393 praebens
2440 373 2450 392 ‚
2469 347 2580 395 quam
2607 346 2752 387 discere

1654 403 1777 447 venit,
1805 402 1988 441 videbitur
2018 404 2193 452 prudens.
2220 405 2259 443 Sl
2289 405 2374 454 quis
2403 406 2605 456 interrogat
2623 409 2669 446 de
2692 421 2755 457 sa,-

1654 461 1788 508 pientia
1805 489 1815 506 ‚
1841 462 1935 500 scire
1960 463 2085 502 volens
2112 469 2254 512 partem
2278 463 2380 508 eius;
2409 465 2502 504 alter
2528 479 2611 506 vero
2639 469 2750 513 silet,

1652 531 1729 557 non
1753 521 1874 557 solum
1906 532 1926 558 a
1947 522 2125 570 sapientia
2154 523 2251 561 nihil
2280 524 2419 562 discere
2441 526 2591 571 volem,
2619 527 2684 565 sed
2711 534 2753 566 et
2799 544 2803 555 ·

1651 584 1790 615 ceteros
1814 578 1861 616 ab
1878 580 1957 617 eius
1980 581 2104 619 studio
2128 581 2336 629 deterrere3
2361 584 2487 632 procul
2506 584 2620 623 dubio
2647 588 2752 634 prior

1651 635 1865 684 prudentior
1888 640 2086 686 posteriore
2111 641 2379 680 aestimabitun

1697 695 1885 732 Hirudini.
1906 698 1996 736 Tres
2021 706 2128 737 erant
2150 706 2300 749 peccato
2316 701 2472 740 dilectae
2488 701 2689 741 admodum
2708 705 2752 741 fi-

1649 752 1721 790 liae
1733 780 1742 795 ,
1757 755 1929 792 scortatio
1939 783 1949 801 ‚
1967 757 2211 797 homicidium
2221 787 2231 806 ‚
2245 760 2465 799 idololatria.
2480 764 2607 810 Neque
2624 768 2753 801 tamen

1650 813 1719 850 hae
1743 817 1819 849 tres
1842 819 2012 852 saturant
2029 816 2123 854 illud
2138 845 2149 863 ‚
2168 819 2342 866 quoniam
2361 827 2418 858 est
2440 822 2661 859 insatiabile.
2681 824 2757 860 Per

1650 872 1718 909 hos
1742 870 1876 919 quippe
1901 883 2044 920 semper
2066 880 2171 913 actus
2193 878 2378 928 perimens
2407 880 2594 918 hominem
2620 891 2757 928 pecca-

1649 935 1745 974 tum,
1761 941 1964 978 numquam
1982 938 2159 979 mutatur,
2173 934 2238 971 sed
2254 943 2409 983 augetur
2421 945 2607 987 perpetuo.
2626 942 2744 988 Quar-

1648 994 1687 1025 ta
1720 989 1841 1038 enim,
1873 990 2017 1038 inquit,
2055 1001 2261 1040 numquam
2291 995 2365 1031 ait:
2402 996 2492 1034 satis
2524 1003 2604 1043 est;
2634 1009 2749 1046 quar-r

1649 1052 1726 1084 tam
1742 1058 1821 1084 esse
1836 1039 2051 1096 significans
2063 1050 2307 1090 universalem
2325 1054 2670 1101 concupiscentiam.
2689 1058 2744 1095 si·-

1649 1112 1713 1144 eut
1731 1108 1830 1144 enim
1856 1119 1974 1145 unum
1993 1114 2050 1146 est
2070 1120 2226 1158 corpus,
2249 1112 2366 1150 multa
2391 1123 2474 1151 vero
2498 1115 2661 1153 membra
2678 1117 2749 1155 ha-

1648 1165 1734 1211 bet3
1764 1167 1818 1203 sic
1841 1173 1878 1203 et
1902 1174 2093 1215 peccatum
2119 1170 2255 1207 multas
2280 1182 2323 1208 ac
2344 1173 2461 1210 varias
2486 1174 2755 1222 concupiscen-

1648 1225 1719 1263 tias
1735 1226 1774 1262 in
1793 1236 1833 1263 se
1851 1226 1982 1272 habet,
1999 1227 2136 1276 quibus
2159 1228 2312 1268 insidias
2330 1230 2473 1269 homini
2496 1233 2619 1271 struit.
2639 1233 2751 1282 Quod

1648 1284 1773 1322 volens
1790 1284 2064 1332 demonstrare.¹
2083 1287 2205 1325 utitur
2226 1289 2402 1336 exemptis
2417 1289 2571 1337 inferni,
2593 1297 2629 1329 et
2643 1289 2755 1330 amo-

1647 1343 1700 1381 ris
1718 1343 1916 1381 mulierum
1929 1371 1940 1390 ,
1955 1344 2083 1382 tartari
2097 1373 2107 1391 ‚
2125 1351 2164 1383 et
2177 1350 2305 1385 terrae
2329 1358 2532 1396 numquam
2548 1347 2665 1389 imbre
2684 1347 2751 1389 're-⁶

1647 1402 1780 1451 pletae.
1807 1404 1856 1440 Et
1877 1414 1994 1452 aqua,
2025 1410 2063 1443 et
2085 1405 2184 1453 ignis
2202 1416 2407 1455 numquam
2430 1407 2745 1455 dicent‚sufficit.

1646 1461 1868 1500 Nullatenus
1889 1463 2000 1501 etiam
2026 1463 2196 1503 infernus
2216 1465 2354 1503 desinit
2370 1477 2391 1504 a
2413 1467 2630 1515 recipiendis
2649 1469 2750 1507 affli-

1648 1520 1850 1570 gendisque
1872 1522 2126 1571 improborum
2155 1524 2348 1562 hominum
2382 1526 2590 1574 animabus.
2621 1528 2753 1576 Neque

1648 1581 1789 1628 peceati
1812 1591 1939 1627 amor,
1964 1581 2005 1619 id
2027 1587 2084 1620 est
2107 1593 2192 1630 erga
2218 1584 2408 1622 mulierem
2422 1612 2432 1630 ‚
2459 1591 2577 1623 cessat
2600 1596 2621 1623 a
2645 1597 2746 1624 scor-

1648 1638 1782 1687 tando,
1806 1639 1926 1678 factus
1950 1641 2096 1679 animae
2119 1643 2290 1691 propriae
2321 1643 2499 1692 proditor.
2531 1645 2636 1683 Sicut
2659 1656 2751 1684 vero

1646 1702 1807 1736 tartarus
1830 1700 1872 1736 in
1887 1699 1983 1737 tristi
2001 1710 2045 1738 ac
2062 1700 2255 1739 tenebroso
2271 1701 2352 1740 loco
2369 1703 2604 1750 reconditus,
2622 1704 2750 1742 radios

1646 1767 1723 1795 non
1753 1758 1904 1806 recipit3
1928 1759 1981 1797 ita
2007 1760 2120 1798 etiam
2137 1761 2259 1799 omnis
2284 1762 2347 1810 qui
2370 1762 2412 1799 in
2441 1763 2608 1811 qualibet
2627 1765 2752 1802 carnis

1646 1817 1816 1864 passione
1843 1818 1953 1856 servit
1970 1825 2132 1868 peccato.
2159 1819 2264 1858 Sicut
2287 1826 2384 1859 terra
2409 1831 2613 1870 numquam
2641 1824 2749 1871 aquis

1646 1875 1804 1924 repleta,
1827 1876 1877 1914 ita
1894 1877 1955 1915 hic
1974 1877 2021 1915 ad
2046 1878 2315 1917 confessionem
2341 1886 2378 1918 et
2398 1880 2583 1919 lavacrum
2594 1890 2750 1932 'regene-

1645 1935 1799 1974 rationis
1833 1937 1956 1974 venire
1979 1948 2055 1976 non
2082 1938 2208 1977 valens
2223 1967 2234 1986 ‚
2269 1932 2386 1988 aquae
2416 1941 2534 1980 instar
2560 1948 2597 1980 et
2623 1943 2744 1990 ignis,

1644 2003 1850 2044 numquam
1875 1994 1985 2043 dicit,
2011 1997 2163 2035 sufficit.

1692 2054 2015 2101 Quemadmodum
2042 2067 2194 2106 serpens
2220 2058 2261 2096 in
2284 2064 2386 2107 petra
2409 2061 2601 2111 vestigium
2630 2061 2752 2100 faeere

1644 2114 1793 2162 nequit,
1818 2113 1871 2152 sic
1898 2125 2020 2164 neque
2050 2116 2223 2156 diabolus
2248 2118 2290 2156 in
2312 2118 2450 2157 Christi
2475 2130 2626 2169 corpore
2650 2122 2748 2159 inve-

1644 2172 1726 2210 nire
1744 2179 1935 2221 peccatum
1961 2176 2094 2223 potuit.
2118 2177 2220 2214 Dicit
2235 2178 2335 2215 enim
2351 2180 2557 2217 Dominus:
2588 2191 2672 2218 ecce
2688 2190 2748 2217 ve-

1642 2232 1703 2268 nit
1726 2231 1895 2281 princeps
1920 2233 2032 2272 huius
2055 2235 2185 2274 mundi
2201 2262 2211 2282 ‚
2241 2242 2279 2274 et
2307 2237 2347 2274 in
2372 2248 2430 2275 me
2452 2238 2547 2275 nihil
2571 2239 2745 2282 inveniet.

1643 2290 1795 2328 —Sicut
1816 2292 1916 2329 enim
1934 2293 2038 2330 navis
2060 2304 2160 2332 mare
2179 2299 2330 2333 tranans
2343 2323 2354 2339 ,
2379 2297 2572 2343 vestigium
2597 2298 2747 2345 viasque

1644 2354 1728 2397 post
1753 2356 1792 2387 se
1813 2360 1896 2403 non⁴
1912 2351 2109 2400 ‘relinquit3
2137 2353 2192 2390 sic
2216 2363 2335 2402 neque
2359 2354 2510 2392 ecclesia
2540 2355 2579 2392 in
2604 2356 2749 2393 mundo

1642 2413 1832 2456 tamquam
1862 2409 1902 2446 in
1926 2410 2058 2458 pelago
2083 2421 2251 2458 versans,
2273 2422 2378 2460 spem
2406 2423 2512 2450 suam
2537 2413 2578 2450 in
2606 2413 2750 2451 mundo

1645 2467 1844 2516 relinquit,
1873 2469 1960 2517 quia
1989 2470 2101 2507 vitam
2130 2481 2237 2508 suam
2265 2470 2306 2508 in
2333 2472 2444 2509 caelis
2474 2473 2662 2519 reposuit:
2692 2478 2746 2510 at-

1645 2537 1718 2575 que
1747 2527 1895 2565 interim
1912 2528 2012 2566 brevi
2042 2534 2206 2577 tempore
2223 2530 2436 2577 transiens,
2464 2531 2616 2578 vestigia
2644 2536 2749 2569 tran-

1644 2585 1738 2624 situs
1758 2587 1799 2623 in
1815 2587 1871 2624 via
1884 2589 1968 2625 ‘non
1983 2588 2177 2636 imprimit.
2196 2589 2320 2636 Quum
2343 2589 2495 2627 ecclesia
2519 2599 2623 2638 spem
2640 2601 2746 2628 suam

1644 2655 1722 2682 non
1745 2645 1932 2693 dimittat,
1958 2657 2071 2695 quam
2098 2647 2210 2685 habet
2224 2658 2311 2695 erga
2333 2649 2456 2686 omnis
2479 2648 2569 2686 boni
2589 2649 2746 2695 fontem,

1645 2703 1785 2755 Christi
1817 2705 2112 2744 incarnationem
2128 2734 2138 2752 ‚
2168 2707 2337 2744 semitam
2365 2708 2495 2746 mortis
2528 2709 2570 2746 in
2599 2708 2749 2747 inferno

1645 2774 1722 2802 non
1749 2763 2104 2813 facin-Cuiusnam
2120 2793 2130 2811 ‚
2166 2765 2239 2803 nisi
2267 2766 2346 2803 nati
2373 2765 2419 2804 de
2446 2763 2590 2815 Spiritu
2619 2773 2751 2815 sancto

1645 2829 1683 2860 et
1705 2823 1874 2872 virgine?
1901 2825 1966 2872 qui
1991 2824 2194 2873 perfectum
2222 2824 2412 2863 hominem
2441 2826 2483 2863 in
2514 2826 2656 2864 mundo
2686 2837 2746 2865 rc-

1645 2893 1784 2921 novans
1808 2882 1974 2931 prodigia
1999 2882 2138 2928 edidit,
2165 2889 2271 2932 capto
2298 2884 2406 2932 initio
2431 2895 2453 2923 a
2479 2885 2657 2924 Iohannis
2681 2885 2749 2924 ba·
2806 2890 2809 2892 '

1647 2942 1817 2990 ptismate
1831 2969 1842 2987 ‚
1868 2942 1966 2979 sicut
1990 2942 2211 2989 evangelista
2234 2948 2403 2981 testatur.
2427 2945 2516 2981 Erat
2544 2949 2669 2982 autem
2686 2946 2745 2987 Ie-

1645 3010 1710 3038 sus
1733 3000 1916 3048 incipiens
1940 2999 2044 3048 quasi
2068 3011 2251 3038 annorum
2275 3002 2443 3049 triginta.
2467 3002 2512 3039 In
2538 3002 2608 3040 hac
2629 3003 2749 3051 igitur

1646 3058 1798 3096 iuvenili
1820 3062 1857 3096 et
1875 3058 2029 3096 florente
2047 3065 2184 3105 aetate,
2210 3060 2433 3098 circumiens
2455 3060 2619 3099 civitates
2634 3066 2671 3099 et
2688 3071 2747 3099 re-

1645 3117 1797 3166 giones,
1825 3117 2020 3155 hominum
2048 3118 2195 3157 morbos
2220 3124 2257 3156 et
2282 3119 2516 3157 infirmitates
2540 3119 2709 3159 sanabat.

1692 3177 1833 3215 Oculus
1854 3177 1919 3226 qui
1943 3177 2149 3216 subsanant
2172 3183 2313 3226 patrem
2326 3206 2337 3225 ‚
2363 3184 2400 3216 et
2422 3179 2487 3227 qui
2510 3178 2668 3227 despicit
2691 3188 2749 3217 se-

1645 3242 1833 3276 nectutem
1885 3237 2026 3275 matris.
2066 3239 2207 3285 Nempe
2257 3237 2408 3275 oculum
2452 3237 2751 3286 blasphemantis

1645 3299 1765 3335 Deum
1778 3325 1788 3342 ,
1807 3303 1845 3334 et
1867 3297 2003 3335 Christi
2030 3302 2185 3334 matrem
2209 3297 2430 3344 sapientiam
2454 3298 2542 3342 Dei,
2563 3296 2744 3334 effodiant

1643 3366 1731 3394 eum
1757 3357 1853 3394 corvi
1879 3355 1925 3394 de
1949 3355 2127 3402 vallibus;
2153 3355 2293 3404 impuri
2317 3355 2458 3394 scilicet
2486 3356 2648 3403 malique
2669 3354 2744 3400 spi·

1645 3415 1739 3454 ritus
1763 3416 1938 3454 visualem
1970 3415 2131 3453 laetitiae
2155 3414 2306 3453 oculum
2321 3443 2332 3461 ‚
2365 3425 2522 3463 eumque
2547 3411 2742 3452 comedant

1646 3477 1742 3526 pulli
1767 3475 1998 3524 aquilarum:
2024 3484 2157 3522 nempe
2180 3474 2246 3522 qui
2262 3478 2353 3512 sunt
2369 3471 2564 3517 eiusmodi,
2588 3470 2743 3507 concul-

1646 3540 1778 3574 centur
1801 3533 1956 3584 pedibus
1979 3536 2206 3571 sanctorum.
2514 3529 2520 3533 “

1690 3646 1780 3694 ''l'ria
1803 3665 1871 3703 ego
1894 3653 2102 3702 intelligere
2129 3663 2295 3702 nequeo,
2327 3655 2366 3688 et
2394 3652 2568 3698 quartum
2594 3647 2742 3695 penitus

1647 3715 1796 3764 ignoro:
1828 3713 2022 3761 vestigium
2055 3706 2199 3761 aquiiae
2228 3708 2407 3753 volantis;
2438 3716 2572 3754 nempe
2601 3706 2741 3744 Christi

1649 3783 1855 3812 ascensum.
1882 3771 1987 3810 Viam
2012 3771 2194 3819 serpentis
2215 3770 2255 3807 in
2279 3772 2404 3816 petra3
2420 3775 2553 3813 nempe
2569 3763 2745 3802 diabolus

1647 3843 1724 3871 non
1739 3831 1879 3871 invenit
1902 3830 2042 3879 peccati
2065 3828 2259 3876 vestigium
2283 3826 2323 3864 in
2346 3834 2496 3873 corpore
2518 3823 2670 3862 Christi.
2693 3824 2743 3860 En
