2996 4432
453 234 545 281 116

438 318 551 355 Oseas
574 327 639 354 cur
664 316 786 352 iussus
814 315 1039 355 meretricem
1069 315 1263 362 coniugem
1286 315 1418 354 ducere
1441 327 1477 365 p.
1498 321 1535 356 5.

438 377 550 413 Panis
574 376 697 413 luctus
725 375 787 422 qui
811 375 860 411 sit
886 385 923 421 p.
951 378 1010 410 42.

439 437 576 473 Paulus
603 434 693 482 quid
715 435 753 471 in
776 435 877 471 caelo
904 433 1035 471 viderit
1057 445 1091 480 p.
1110 438 1193 471 408.
1217 434 1335 472 Verba
1352 435 1397 472 ab
1413 446 1456 474 eo
1472 447 1537 474 au-

484 495 583 539 dita,
610 504 668 531 res
694 500 809 531 erant.
839 493 992 530 Ibidem.
1021 494 1182 536 (Locum
1211 494 1312 531 hunc
1345 502 1535 543 sumptum

484 555 583 603 apud
607 565 674 592 nos
698 566 741 592 ex
766 559 895 590 catena
920 552 1056 591 videsis
1077 554 1190 591 etiam
1217 555 1260 591 T.
1288 556 1350 592 IV.
1376 562 1470 603 part.
1498 561 1533 594 3.

487 627 522 663 p.
549 619 627 651 148.

438 675 621 720 Pauperes
644 671 740 719 apud
765 671 945 719 templum
971 671 1105 718 stipem
1130 672 1355 719 quaerebant
1371 685 1408 722 p.
1427 678 1509 712 385.

436 734 589 770 Peccata
615 732 740 779 populi
766 730 954 768 comedere
979 730 1070 778 quid
1094 732 1143 768 sit
1168 743 1203 778 p.
1229 736 1289 769 21.

436 794 643 830 Poenarum
671 791 876 828 divinarum
902 791 1044 827 utilitas
1071 802 1105 838 p.
1136 796 1219 828 396.

436 854 566 890 Ρο1ῐ33
588 851 736 888 urbium
761 850 922 887 delectae
937 848 984 887 ad
1009 850 1177 898 publicas
1193 851 1481 889 consultationes
1497 857 1535 890 et

482 911 620 948 iudicia
648 921 684 958 p.
707 914 785 947 116.

434 971 702 1018 Prophetarum
730 980 809 1006 mos
831 969 1009 1006 miscendi
1032 969 1193 1007 iucunda
1218 969 1388 1007 vatIcinia
1414 970 1531 1008 mole-

482 1031 548 1068 stis
573 1042 608 1077 p.
636 1034 671 1066 7.
704 1034 759 1066 13.
791 1033 870 1066 188.

434 1090 700 1137 Prophetarum
715 1092 974 1136 argumentum
992 1098 1098 1135 saepe
1114 1098 1310 1125 commune
1323 1099 1359 1136 p.
1375 1092 1433 1125 68.
1448 1092 1530 1127 170.

434 1150 702 1197 Prophetarum
727 1154 848 1186 exacta
875 1148 1048 1184 veracitas
1075 1159 1109 1195 p.
1127 1152 1186 1184 94.

432 1210 699 1257 Prophetarum
720 1208 909 1246 silentium
932 1206 1068 1243 dicitur
1086 1207 1198 1244 fuisse
1221 1217 1243 1244 a
1258 1207 1396 1246 Davide
1414 1218 1532 1256 usque

480 1269 527 1306 ad
542 1270 674 1306 Oseam
692 1280 726 1315 p.
751 1272 784 1304 1.

432 1329 624 1377 Prophetis
655 1339 721 1365 cur
747 1330 849 1364 Deus
882 1326 1034 1364 insolita
1061 1325 1243 1374 quaedam
1273 1325 1393 1364 facere
1423 1338 1530 1365 man-

478 1390 617 1428 daverit
640 1400 674 1437 p.
700 1392 735 1424 4.

431 1451 648 1489 Pulvereum
677 1449 799 1484 lutum
825 1447 995 1485 Christus
1024 1457 1090 1484 cur
1110 1446 1238 1485 fecerit
1260 1458 1297 1496 p.
1315 1452 1398 1486 401.

429 1508 656 1549 Reticentiae
685 1508 802 1554 figura
827 1517 862 1554 p.
898 1511 974 1544 143.

429 1567 724 1607 Rhabdomantia
752 1577 786 1613 p.
815 1570 874 1602 22.

429 1627 682 1667 Sacerdotium
702 1625 838 1662 dicitur
858 1624 1066 1662 communis
1092 1625 1235 1663 utilitas
1257 1637 1293 1674 p.
1321 1630 1381 1664 20.

429 1685 658 1724 Sacrificium
688 1684 866 1721 rationale
892 1695 926 1730 p.
948 1688 1028 1721 382.
1048 1695 1132 1720 cum
1154 1684 1240 1722 adn.

428 1746 549 1783 Sectio
574 1754 767 1791 corporum
794 1742 891 1790 apud
918 1748 1054 1779 veteres
1080 1744 1332 1790 superstitiosa
1359 1750 1480 1793 p.'36.

428 1805 632 1853 Sophonias
657 1802 807 1850 quidam
834 1802 1063 1849 apocryphus
1093 1813 1129 1849 p.
1147 1806 1228 1839 268.
1250 1802 1338 1840 adn.

427 1865 586 1913 Spiritus
615 1874 635 1899 a
665 1862 778 1899 Paulo
794 1872 860 1910 pro
876 1861 991 1908 gratia
1011 1860 1147 1898 dicitur
1162 1889 1172 1907 ‚
1201 1872 1286 1899 caro
1311 1868 1434 1905 autem
1462 1875 1528 1912 pro

474 1924 554 1970 lege
572 1933 607 1970 p.
626 1925 708 1958 408.

1476 251 1607 283 INDEX
1642 253 1674 284 1.

1609 319 1766 367 Spiritus
1794 326 1944 359 sanctus
1970 322 2067 360 Filio
2090 333 2165 361 non
2198 324 2347 363 inferior
2373 337 2409 374 p.
2437 331 2518 365 398.

1606 378 1764 426 Spiritus
1787 381 1906 416 sancti
1921 391 2114 429 personam
2138 384 2303 431 ignotam
2321 384 2434 424 fuisse
2455 387 2631 428 Hebraeis
2646 390 2706 429 di-

1654 437 1705 474 311
1716 439 1995 484 Mopsuestenus
2017 452 2052 489 p.
2081 446 2139 479 83.
2160 446 2244 481 276.
2265 447 2348 481 290.
2375 443 2447 481 Sed
2470 447 2706 494 reprehendi-

1653 501 1716 532 tur
1740 496 1779 533 in
1806 496 1893 534 adn.

1605 554 1764 602 Spiritus
1791 555 2026 603 propheticus
2054 569 2130 597 non
2159 559 2338 599 desiverat
2361 562 2471 600 Oziae
2498 564 2595 612 regis
2609 569 2704 604 tem-

1652 613 1803 661 poribus
1829 625 1866 662 p.
1895 618 1956 652 94.

1603 672 1642 709 S.
1671 672 1859 721 Scriptura
1887 673 2121 723 hyperbolice
2147 677 2332 717 interdum
2358 680 2527 729 loquitur
2554 691 2593 730 p.
2617 684 2699 720 251.

1651 735 1735 770 332.

1602 790 1779 838 Stephani
1803 793 1854 828 M.
1885 791 2025 830 dictum
2051 794 2271 833 conciliatur
2293 808 2378 836 cum
2401 802 2539 839 Amoso
2554 812 2590 850 p.
2618 806 2701 840 121.

1602 848 1780 896 Superbia
1800 849 1936 888 dicitur
1960 851 2147 890 interdum
2171 864 2237 901 pro
2257 858 2438 903 apostasia
2455 859 2702 909 neglectuque

1649 909 1718 946 Dei
1735 920 1770 956 p.
1788 914 1843 946 14
1862 914 1923 947 23.

1601 967 1820 1017 Sycamina‚
1847 971 1902 1008 vel
1929 972 2139 1020 sycamini,
2168 971 2347 1011 dicuntur
2372 975 2465 1013 ficus
2491 988 2528 1024 p.
2547 982 2628 1018 129.

1601 1027 1846 1076 Symmachus
1870 1030 2049 1079 interpres
2076 1033 2212 1070 citatur
2237 1044 2273 1081 p.
2305 1038 2386 1071 391.
2421 1039 2504 1073 392.

1601 1087 1794 1136 Synagoga
1822 1088 2039 1127 adumbrata
2065 1090 2105 1128 in
2129 1092 2244 1129 Oseae
2270 1094 2461 1131 meretrice
2482 1104 2519 1141 p.
2546 1099 2582 1131 8.

1600 1146 1716 1196 Syrus
1743 1158 1786 1185 ex
1810 1148 1982 1187 hebraico
2007 1150 2188 1198 interpres
2203 1150 2309 1189 valde
2335 1152 2616 1200 reprehenditur
2644 1161 2700 1193 at·
2754 1161 2756 1163 “

1647 1216 1720 1254 que
1745 1206 1922 1245 irridetur
1948 1219 1984 1257 p.
2003 1213 2085 1247 241.
2106 1213 2190 1247 252.
2215 1214 2299 1248 263.
2319 1210 2410 1249 Ε1113
2432 1212 2603 1259 ignotum
2628 1223 2698 1252 no·

1648 1276 1761 1311 11133,
1791 1266 1942 1305 ibidem.

1602 1325 1738 1363 Tacere
1764 1336 1830 1374 pro
1860 1326 2050 1375 negligere
2071 1339 2108 1376 p.
2127 1331 2186 1366 50.

1601 1383 1754 1421 Tharsis
1779 1384 1863 1422 aliis
1889 1387 2026 1424 Tarsus
2049 1386 2106 1424 vel
2134 1386 2292 1426 Rhodus
2319 1398 2356 1437 p.
2385 1391 2465 1427 159.

1626 1443 1721 1491 Typi
1748 1454 1830 1481 vera
1861 1445 1963 1482 notio
1989 1455 2026 1493 p.
2061 1450 2141 1483 185.
2171 1451 2254 1484 296.

1601 1503 1739 1541 Vinum
1768 1515 1811 1541 ex
1833 1505 2014 1543 miraculo
2040 1507 2256 1554 exquisitius
2278 1507 2407 1545 ceteris
2429 1517 2467 1556 p.
2496 1512 2578 1546 399.

1603 1562 1832 1614 Visiojdem
1847 1564 2033 1612 significat
2047 1564 2147 1613 quod
2161 1576 2282 1603 sermo
2297 1566 2449 1604 Domini
2458 1585 2474 1612 ,·
2489 1577 2575 1604 cum
2591 1576 2698 1616 prae-

1650 1622 1748 1659 clara
1777 1622 1822 1660 de
1852 1624 1921 1661 hac
1946 1634 1986 1662 re
2009 1623 2174 1662 doctrina
2201 1636 2238 1673 p.
2266 1629 2348 1663 142.

1602 1681 1713 1719 zelus
1738 1683 1829 1728 Dei,
1858 1682 1896 1719 id
1923 1689 1979 1721 est
2001 1683 2056 1721 ira
2085 1695 2122 1732 p.
2148 1687 2232 1722 216.

1602 1741 1805 1780 zorobabel
1836 1742 1882 1780 de
1908 1744 2021 1790 stirpe
2048 1742 2214 1781 davidica
2240 1755 2276 1792 p.
2301 1748 2356 1782 18.
2378 1748 2458 1793 181.

1612 1805 1659 1844 Ως
1684 1802 1822 1850 ἁγαθός
1846 1802 2056 1848 1131133113,
2082 1814 2159 1841 3011
2184 1801 2402 1842 admirantis
2425 1814 2463 1852 p.
2479 1807 2540 1841 76.
2558 1803 2630 1842 Sed
2643 1805 2698 1842 vi-

1649 1861 1747 1902 desis
1771 1861 2060 1900 adnotatIOnem.

1026 2042 1123 2088 AD
1176 2044 1234 2089 11.
1288 2045 1595 2095 PARTEM
1642 2044 2092 2094 VOLUMIle

1361 2171 1474 2229 IN
1509 2172 1558 2228 D
1597 2171 1641 2228 E
1679 2171 1752 2228 X·

435 2303 677 2389 Αδολεσχέω
705 2345 742 2377 31
765 2340 958 2389 α’δολεσχιά
982 2339 1154 2377 vocabula
1178 2341 1364 2390 polysema
1379 2353 1415 2390 p.
1435 2346 1518 2380 262.

422 2402 622 2438 Aeternum
649 2401 733 2445 (in)
750 2399 969 2447 quandoque
993 2399 1178 2445 significat
1202 2405 1348 2437 tantum
1374 2411 1439 2448 per
1462 2407 1520 2438 to-

469 2465 546 2496 tam
575 2460 684 2495 vitam
715 2470 752 2507 p.
785 2463 862 2495 172.
896 2458 980 2502 (Sic
1007 2458 1145 2495 Paulus
1172 2461 1201 2495 1.
1229 2459 1311 2495 Cor.
1334 2460 1434 2496 VIII.
1462 2464 1518 2497 13.

468 2530 545 2556 non
578 2517 807 2555 manducabo
836 2529 984 2555 33133111
1013 2518 1052 2554 in
1082 2521 1312 2560 aeternum.)

421 2579 619 2626 Aethiopes
647 2577 806 2615 thebaici
834 2578 873 2614 in
898 2580 1064 2626 Aegypto
1088 2588 1125 2624 p.
1151 2580 1332 2614 113.114.
1359 2577 1435 2614 Alii
1459 2578 1520 2615 ul-

467 2645 524 2676 tra
546 2638 771 2687 Babylonem
797 2648 833 2685 p.
863 2641 942 2674 122.
968 2637 1164 2684 Aethiopia
1181 2647 1247 2684 pro
1271 2638 1417 2674 cunctis
1436 2638 1518 2674 eth·

466 2699 562 2736 uicis
594 2709 631 2745 p.
651 2702 733 2734 253.

417 2761 571 2807 Ἀγαπᾷν
598 2757 682 2804 plus
706 2757 890 2805 significat
905 2767 1016 2805 quam
1042 2759 1151 2806 φιλεῖν
1172 2768 1208 2805 p.
1230 2759 1285 2793 15.
1303 2756 1363 2794 813
1379 2766 1464 2793 31110
1483 2761 1521 2793 31

467 2818 583 2865 diligo
607 2815 707 2864 apud
721 2817 885 2853 Latinos.

420 2879 586 2926 Ἀλέκτωρ
619 2876 789 2922 (gallus)
826 2875 871 2913 ab
909 2873 1167 2912 Alexandrinis
1206 2873 1520 2922 pronunciabatur

467 2939 610 2975 ἀλέκτα.
640 2936 840 2973 Dicebatur
868 2935 979 2972 etiam
1006 2936 1177 2982 γνωριστοὶ
1201 2945 1236 2981 p.
1253 2938 1312 2970 44.

419 2998 712 3044 Allegoricorum
730 3023 740 3039 ‚
771 3005 929 3043 quorum
960 2995 1130 3042 princeps
1162 2994 1366 3041 Origenes,
1396 2993 1520 3041 gravis

468 3056 703 3105 reprehensio
732 3066 768 3102 p.
801 3059 883 3091 111.

419 3117 644 3164 Angelorum
661 3115 812 3152 nomina
830 3113 1053 3150 diversarum
1073 3113 1330 3161 operationum
1352 3117 1440 3149 sunt
1456 3112 1519 3149 13-

467 3175 561 3212 dicia
589 3186 627 3221 p.
656 3179 691 3210 2.
719 3173 852 3219 Angeli
879 3172 1051 3210 custodes
1078 3173 1272 3209 hominum
1296 3182 1331 3219 p.
1354 3175 1412 3208 28.
1432 3175 1490 3208 55.

419 3236 556 3272 Anima
573 3233 797 3271 irrationalis
817 3232 878 3277 (id
896 3238 950 3269 est
964 3233 1179 3277 brutorum)
1192 3242 1342 3279 corpore
1369 3233 1518 3279 separa-

468 3300 504 3331 ta
530 3304 606 3330 non
631 3293 798 3329 subsistit
822 3303 857 3338 p.
889 3295 973 3328 177.

418 3354 640 3390 Animarum
657 3351 802 3399 piarum
818 3350 949 3388 diversi
974 3350 1110 3398 gradus
1128 3361 1166 3399 p.
1190 3354 1275 3388 226.
1303 3349 1516 3388 Solutarum

467 3410 681 3458 corporibus
710 3410 884 3457 praemia.
900 3420 936 3456 p.
960 3413 1043 3446 244.

422 3469 654 3506 Animalium
679 3467 881 3506 Ezechielis
905 3468 1126 3515 significatio
1149 3480 1186 3516 p.
1212 3473 1273 3506 82.

419 3528 625 3565 Antiochus
654 3527 874 3564 Iudaeorum
900 3532 1059 3563 vastator
1080 3538 1116 3574 p.
1143 3531 1223 3564 121.
1244 3531 1328 3565 262.

420 3587 644 3634 Apollinaris
672 3585 904 3623 millenarius
934 3597 971 3633 p.
997 3590 1057 3622 91.

422 3647 576 3694 Aquilas
602 3647 782 3694 interpres
811 3657 847 3693 p.
878 3649 937 3681 81.
967 3649 1049 3682 128.
1078 3649 1158 3682 187.
1176 3650 1257 3682 220.
1274 3650 1356 3684 281.
1376 3651 1457 3684 306.

421 3704 627 3742 Arbitrium
652 3705 812 3742 liberum
836 3715 872 3752 p.
891 3708 950 3741 89.
974 3705 1058 3741 Non
1082 3704 1271 3751 perimitur
1295 3715 1316 3742 a
1340 3705 1491 3752 praede-

466 3763 664 3801 stinatione
691 3763 815 3801 divina
838 3774 873 3811 p.
902 3766 983 3800 118.
1005 3763 1052 3799 Et
1074 3773 1183 3801 nemo
1209 3763 1427 3802 naturaliter
1445 3763 1517 3802 bo-

466 3831 538 3861 nus
566 3822 623 3861 vel
654 3822 775 3862 malus
797 3832 834 3872 p.
864 3826 946 3861 133.

1591 2343 1714 2381 Arbor
1737 2343 1850 2387 vitae,
1881 2339 2100 2389 sapientiam
2127 2340 2193 2377 Dei
2218 2338 2449 2388 significabat
2470 2349 2504 2387 p.
2530 2342 2568 2376 5.

1590 2403 1722 2440 Ariani
1752 2401 1965 2449 reprehensi
1993 2411 2028 2448 p.
2061 2403 2141 2436 144.

1592 2461 1809 2499 Aristoteles
1833 2457 2115 2507 reprehenditur
2139 2468 2174 2505 p.
2202 2461 2285 2495 229.

1592 2522 1730 2558 Canere
1756 2525 1794 2557 et
1819 2519 1976 2567 psallere
2000 2518 2040 2555 in
2063 2527 2136 2565 quo
2162 2516 2337 2554 differant
2364 2527 2398 2564 p.
2420 2520 2500 2553 167.

1592 2580 1747 2628 Cemphi
1774 2579 1849 2616 avis
1872 2577 1988 2615 libido
2012 2588 2049 2625 p.
2078 2580 2135 2613 14.
2163 2581 2223 2613 73.

1590 2638 1755 2676 Choenix
1783 2637 1934 2674 Graecis
1960 2637 2134 2682 ndssocp.
2165 2639 2246 2671 124.

1591 2697 1728 2735 Christi
1757 2695 1883 2732 omnia
1917 2700 2108 2742 tamquam
2143 2693 2190 2731 de
2218 2693 2330 2730 unica
2360 2702 2515 2740 persona
2542 2692 2688 2741 praedi-

1638 2761 1771 2793 cantur
1795 2766 1831 2803 p.
1861 2758 1942 2791 176.
1961 2754 2130 2792 Christus
2155 2752 2352 2790 crucifixus
2376 2753 2416 2788 in
2436 2757 2537 2799 parte
2563 2751 2669 2789 urhis

1636 2814 1774 2852 boreali
1803 2825 1838 2861 p.
1871 2817 1954 2850 229.
1984 2812 2122 2850 Christi
2146 2810 2372 2861 abstinentia
2394 2820 2430 2857 p.
2456 2813 2542 2850 255.

1591 2875 1762 2913 Christus
1788 2872 1974 2922 quomodo
2005 2871 2105 2919 apud
2132 2870 2265 2908 Matth.
2295 2871 2430 2906 XXIV.
2461 2873 2518 2907 36.
2546 2868 2694 2906 dicatur

1636 2935 1807 2982 ignorare
1834 2932 1933 2970 diem
1964 2931 2121 2975 iudicii,
2152 2929 2308 2977 pulchre
2337 2928 2486 2976 exponit
2508 2927 2694 2977 Didymus

1636 3005 1674 3041 p.
1706 2996 1789 3029 255.
1817 2991 1987 3029 Christus
2015 2991 2115 3027 Deus
2134 2994 2171 3026 31
2196 2988 2308 3025 1101110
2336 2987 2446 3024 113133
2478 2986 2694 3025 adoratione

1637 3051 1872 3098 adoraturp.
1899 3054 1983 3086 302.

1589 3111 1838 3164 Cogitationes
1862 3109 2031 3156 impurae
2055 3107 2311 3155 vituperantur
2335 3115 2371 3153 p.
2398 3108 2433 3142 5.
2457 3109 2514 3143 10.
2543 3109 2601 3143 13.
2628 3108 2688 3141 28.

1638 3174 1786 3208 37.79.

1591 3230 1782 3269 Confessio
1797 3233 2032 3277 peccatorum
2048 3225 2146 3275 apud
2161 3223 2386 3263 sacerdotem
2402 3222 2569 3262 facienda
2580 3233 2616 3271 p.
2628 3226 2689 3260 21.

1636 3294 1695 3327 43.
1717 3293 1777 3326 45.
1795 3292 1855 3325 51.
1871 3291 1930 3324 54.
1947 3291 2008 3324 79.

1589 3349 1854 3388 Constantinus
1881 3346 2177 3384 Christianorum
2193 3337 2368 3382 liberator
2386 3353 2423 3390 p.
2441 3345 2524 3380 120.

1590 3402 1884 3447 constitutiones
1909 3405 2132 3454 apostolicae
2154 3409 2264 3441 notae
2287 3401 2446 3450 Didymo
2471 3411 2509 3449 p.
2534 3399 2593 3438 58.

1588 3469 1758 3516 Corporis
1789 3467 1945 3505 humani
1971 3466 2236 3514 vituperatores
2253 3466 2306 3509 (v.
2326 3473 2382 3511 gr.
2398 3460 2628 3505 Manichaei)
2647 3460 2689 3497 in

1637 3531 1757 3566 Deum
1785 3526 1959 3564 iniuriosi
1983 3537 2020 3574 p.
2048 3529 2106 3563 32.

1590 3589 1732 3636 Corpus
1757 3589 1905 3624 animae
1928 3585 2033 3623 navis
2056 3593 2096 3632 p.
2115 3587 2198 3621 230.
2223 3585 2308 3620 255.

1587 3647 1771 3686 Correctio
1795 3644 1957 3694 prudens
1981 3655 2018 3692 p.
2045 3647 2107 3681 16.

1586 3708 1719 3744 Creare
1743 3706 1839 3743 verbi
1865 3704 1986 3743 varius
2008 3713 2139 3743 sensus
2163 3712 2199 3750 p.
2226 3705 2286 3749 63.
2311 3703 2397 3738 210.

1585 3765 1730 3803 Creatio
1755 3775 1798 3802 ex
1820 3763 1939 3801 11111110
1964 3774 2000 3811 p.
2029 3766 2088 3799 15.

1586 3823 1735 3863 Creator
1750 3822 1948 3863 distinctus
1961 3832 1984 3861 a
1998 3824 2181 3868 creatura,
2192 3822 2320 3859 contra
2331 3809 2560 3867 pantheista's
2570 3824 2608 3864 p.
2624 3815 2693 3863 62
