2996 4432
285 3382 353 3412 cod.
378 3382 399 3410 l.
416 3385 476 3411 119.

529 283 593 330 82
1455 293 1584 325 cni).
1622 294 1863 325 imusmzmr

525 382 769 426 monefaeit.
794 380 864 422 Ait
895 381 1006 421 enim
1034 380 1078 421 in
1100 379 1324 433 prooemio
1356 378 1543 422 eiusdem
1565 379 1687 422 libri:
1725 398 1740 415 α
1757 392 1895 435 neque
1916 382 2027 422 enim
2056 381 2276 437 quisquam
2298 383 2376 424 nisi
2400 382 2665 439 imprudens,
2693 384 2793 428 ideo

526 456 624 510 quia
654 466 747 496 mea
777 457 913 495 errata
942 450 1237 506 reprehendo,
1270 450 1582 506 reprehendere
1612 464 1678 494 me
1710 451 1899 494 audebit.
1935 452 2016 494 Sed
2046 454 2080 494 si
2111 453 2213 495 dicit
2243 466 2330 495 non
2361 466 2409 496 ea
2449 454 2642 498 debuisse
2671 469 2695 499 a
2724 470 2794 499 me

526 526 609 568 dici
641 537 749 580 quae
779 528 926 579 postea
955 523 1061 564 mihi
1094 523 1221 564 etiam
1252 522 1551 577 displicerent,
1583 535 1733 564 verum
1763 522 1896 575 dicit,
1930 528 1971 565 et
2001 535 2166 566 mecum
2196 523 2323 577 faeit3
2356 538 2504 567 eorum
2534 526 2693 581 quippe
2727 540 2795 569 re-

523 597 758 652 prehensor
788 599 851 637 est
870 626 882 647 ,
916 606 1101 648 quorum
1133 598 1175 635 et
1205 605 1286 648 ego
1317 602 1425 635 sum.
1461 593 1542 636 Sed
1571 598 1619 635 ut
1648 594 1767 635 volet
1798 594 1978 648 quisque
2008 595 2187 649 accipiat
2213 596 2296 638 hoc
2328 596 2448 650 quod
2475 596 2613 638 facio:
2640 610 2707 640 me
2731 603 2792 640 ta-

523 681 621 710 men
652 666 928 722 apostolicam
959 665 1207 707 sententiam
1238 669 1280 706 et
1308 665 1353 706 in
1383 665 1462 707 hac
1490 677 1536 707 re
1566 668 1740 719 oportet
1770 665 1950 718 intueri,
1983 677 2092 720 quae
2123 665 2253 708 dicit:
2286 668 2323 709 si
2338 680 2421 710 nos
2440 668 2556 722 ipsos
2585 668 2795 711 iudicare-

523 752 645 791 mus,
678 751 703 780 a
732 737 918 779 Domino
951 749 1037 778 non
1070 736 1402 779 iudicaremur.»
1437 737 1830 778 Exeommunicatio
1861 741 2001 778 autem
2034 742 2143 791 quae
2173 738 2218 779 in
2249 738 2440 792 praefato
2471 738 2642 781 decreto
2663 740 2790 781 terri-

522 811 668 853 biliter
697 809 940 864 profertur,
972 808 1256 851 a1GU113ER'r0
1287 812 1360 850 aut
1391 808 1476 850 suis
1506 807 1745 851 fautoribus
1773 801 1906 850 indita
1936 807 2142 862 ereditur,
2176 810 2376 863 quoniam
2406 808 2450 852 in
2480 810 2790 865 antiquioribus

525 882 711 924 eiusdem
744 880 905 922 decreti
935 879 1245 934 exemplaribus
1273 879 1401 933 longe
1433 879 1554 920 aliter
1583 878 1781 921 habetur.
1814 878 1996 921 Et‘haec
2035 878 2207 933 quidem
2239 892 2366 934 super
2404 893 2476 923 eos
2510 882 2683 935 veniet,
2717 882 2793 936 qui
2844 893 2847 895 ’

525 965 618 995 66111
648 953 692 994 111
723 953 787 993 sui
817 952 1005 993 favorem
1031 951 1190 993 ibidem
1221 950 1409 992 indidere
1429 981 1442 1002 ,
1474 954 1516 992 et
1546 962 1674 1004 super
1704 962 1778 991 eos
1808 950 1884 1004 qui
1915 962 2006 991 eam
2039 949 2271 992 timendam
2309 963 2397 992 esse
2433 951 2573 994 dicere
2610 964 2789 1006 praesu-

524 1029 662 1066 munt.
687 1026 819 1078 Super
838 1023 933 1065 illos
956 1022 1127 1078 quidem
1146 1053 1157 1074 ,
1183 1026 1232 1063 ut
1253 1021 1437 1063 incidant
1463 1021 1509 1063 in
1539 1021 1705 1063 foveam
1736 1033 1864 1076 quam
1896 1020 2071 1073 fodere,
2093 1025 2134 1063 et
2154 1025 2202 1062 ut
2229 1021 2522 1075 apprehendat
2548 1035 2622 1064 eos
2644 1025 2789 1080 captio

526 1109 655 1152 quam
682 1096 964 1138 occultavere.
997 1096 1131 1148 Super
1157 1106 1229 1135 eos
1251 1097 1389 1135 autem
1410 1123 1422 1143 ‚
1452 1094 1654 1147 quoniam
1680 1093 1766 1135 illic
1793 1093 2059 1148 trepidavere
2088 1093 2242 1135 timore
2259 1124 2270 1146 ,
2301 1092 2375 1134 ubi
2400 1105 2486 1134 non
2513 1099 2601 1136 erat
2629 1095 2758 1137 timor
2775 1126 2787 1147 ,

526 1169 725 1223 quoniam
757 1167 962 1209 Dominus
981 1166 1025 1207 iu
1055 1164 1321 1218 generatione
1344 1166 1455 1206 iusta
1482 1168 1559 1205 est.
1594 1165 1698 1206 Nam
1720 1164 1756 1206 si
1786 1164 2000 1217 generatio
2022 1164 2133 1205 iusta
2162 1168 2247 1216 est,
2269 1164 2316 1205 in
2344 1164 2573 1219 praedictis
2599 1165 2789 1224 patribus

524 1239 635 1291 fuit,
670 1244 712 1280 et
740 1250 818 1294 per
849 1249 921 1278 eos
946 1236 1113 1278 locutus
1144 1239 1231 1288 est,
1265 1234 1654 1289 ideoquejllorum
1695 1233 1932 1276 maledictio
1966 1235 2077 1276 sicut
2109 1234 2189 1276 Dei
2218 1226 2412 1288 pavenda
2445 1238 2521 1276 est.
2559 1235 2624 1276 De
2658 1226 2793 1286 male-

526 1310 712 1352 dictione
750 1321 852 1350 vero
887 1308 1057 1349 illorum
1094 1307 1167 1361 qui
1203 1305 1451 1348 eorumdem
1483 1310 1653 1360 patrum
1686 1305 1863 1347 decretis
1895 1318 1983 1347 non
2017 1304 2223 1347 obediunt
2244 1337 2256 1359 ,
2297 1305 2401 1347 dicit
2431 1305 2543 1347 idem
2582 1307 2791 1348 Dominus

523 1394 602 1436 per
636 1380 915 1435 prophetam:
954 1379 1174 1418 benedicam
1195 1372 1534 1418 maledictionibus
1562 1379 1717 1419 vestris.
1744 1379 1797 1419 Et
1818 1378 1946 1419 item:
1972 1378 2206 1418 maledicent
2232 1379 2296 1418 illi
2310 1408 2323 1429 ,
2360 1382 2398 1418 et
2425 1382 2468 1418 tu
2491 1378 2704 1419 benedices.
2737 1378 2791 1419 Et

524 1452 749 1494 Salomon:
774 1454 875 1490 sieut
902 1452 988 1491 avis
1009 1454 1050 1490 in
1081 1453 1320 1490 contrarium
1341 1450 1504 1501 volans,
1532 1454 1569 1490 et
1587 1463 1728 1502 passer
1755 1451 1927 1502 quole'bet
1956 1450 2119 1501 vadens,
2157 1452 2214 1489 sic
2239 1450 2491 1490 maledictum
2521 1447 2673 1498 'frustra
2697 1462 2792 1502 pro-

526 1526 675 1575 latum,
711 1536 830 1575 super
861 1534 948 1562 eum
979 1525 1105 1562 veniet
1135 1523 1204 1573 qui
1233 1521 1341 1560 misit
1369 1521 1490 1560 illud.
1524 1521 1638 1562 Haec
1666 1524 1832 1562 tantum
1861 1523 2011 1562 contra
2041 1519 2256 1562 decretum
2274 1551 2285 1572 ,
2317 1520 2436 1562 euius
2465 1532 2509 1561 se
2538 1520 2794 1563 Gumuu‘ms

523 1594 769 1637 auctoritate
801 1592 1018 1645 defendit,
1050 1596 1098 1633 ut
1129 1591 1277 1634 doceat
1312 1604 1356 1633 se
1392 1604 1479 1633 esse
1507 1591 1626 1646 quod
1654 1604 1742 1634 non
1767 1595 1858 1645 est,
1890 1604 1966 1633 nec
1999 1603 2184 1645 unquam
2212 1603 2301 1632 esse
2331 1591 2504 1645 poterit.

648 1666 714 1706 14.
749 1666 810 1706 De
839 1675 1013 1705 numero
1043 1675 1146 1705 vero
1178 1674 1386 1704 annorum
1402 1693 1414 1716 ,
1439 1662 1595 1716 quibus
1617 1661 1718 1704 haec
1742 1661 1990 1704 damnabilis
2012 1661 2276 1703 consuetudo
2303 1662 2578 1715 permansisse
2608 1659 2786 1714 dieitur,

523 1741 572 1778 ut
605 1735 758 1778 saeculi
795 1739 982 1790 potestas
1011 1745 1089 1788 pro
1129 1742 1205 1774 suo
1239 1733 1362 1774 libito
1402 1732 1625 1787 pontifices
1654 1736 1937 1787 promoveat,
1972 1733 2064 1774 iure
2090 1732 2252 1774 causari
2288 1744 2376 1774 non
2410 1737 2565 1786 potest.
2586 1733 2703 1774 ‘Nam
2734 1731 2789 1775 de

525 1804 702 1847 diversis
726 1802 1102 1845 consuetudinibus
1134 1802 1206 1844 illa
1234 1802 1498 1856 potissimum
1534 1800 1748 1855 sequenda
1774 1806 1865 1854 est,
1897 1814 2005 1856 quae
2038 1816 2135 1845 cum
2168 1804 2372 1857 originem
2394 1807 2605 1855 sumeret,
2641 1804 2790 1847 catho-

523 1877 628 1918 licos
649 1880 786 1931 patres
800 1905 811 1927 ,
837 1886 1012 1916 suorum
1037 1878 1205 1928 patrum
1228 1873 1419 1927 priorum
1442 1873 1617 1927 vestigia
1643 1877 1851 1915 sectantes
1868 1904 1879 1926 ,
1905 1878 2096 1921 auctores
2117 1875 2293 1928 habuit,
2316 1874 2424 1916 sicut
2442 1879 2582 1929 patres
2606 1875 2718 1916 ΝΠ·
2745 1879 2791 1917 et

530 1948 664 1989 ·VIlI·
700 1946 854 2003 synodi
886 1945 1019 1987 secuti
1051 1950 1150 1987 sunt
1178 1948 1333 1987 statuta
1362 1948 1529 1999 patrum
1555 1947 1799 1986 sanctorum
1833 1945 2088 1987 Pontificum
2114 1952 2416 1999 romanorum,
2446 1949 2489 1987 et
2519 1945 2582 1987 illi
2608 1957 2789 1989 consue-

523 2019 715 2061 tudinem
747 2017 800 2059 ab
831 2016 1122 2071 apostolorum
1151 2015 1417 2069 temporibus
1447 2027 1525 2070 per
1556 2027 1701 2056 omnes
1734 2015 1926 2058 ecclesias
1951 2016 2229 2059 observatam.
2264 2017 2348 2058 Ista
2377 2024 2478 2058 vero
2502 2017 2785 2071 perversitas,

525 2102 633 2144 quae
667 2102 692 2130 a
723 2088 874 2130 saeculi
907 2087 1169 2143 principibus
1201 2087 1502 2141 superinducta
1538 2091 1627 2138 est,
1662 2099 1749 2128 non
1784 2086 2047 2140 praeiudicat
2076 2086 2213 2128 eidem
2244 2091 2420 2128 vsanctae
2448 2080 2787 2138 consuetudini,

525 2159 784 2215 quantalibet
822 2158 1050 2200 obtinuerit
1073 2162 1313 2211 temporum
1343 2156 1570 2198 curricula.
1603 2156 1805 2211 Alioquin
1839 2156 2036 2199 dominus
2061 2158 2175 2199 Deus
2205 2156 2440 2211 culpandus
2466 2161 2602 2209 esset,
2629 2150 2783 2214 qui'fi-

521 2231 602 2273 lios
632 2230 789 2272 Israhel
819 2229 1061 2283 longissima
1094 2227 1398 2270 consuetudine
1433 2228 1511 2270 sub
1545 2229 1748 2269 servitute
1778 2227 2001 2282 detentos,
2036 2233 2122 2270 tam
2164 2228 2243 2270 sub
2281 2226 2496 2284 Pharaone
2536 2240 2665 2282 quam
2707 2227 2791 2269 sub

524 2303 636 2358 Cyro
665 2302 734 2343 vel
763 2301 894 2343 Dario
919 2300 1142 2354 liberavit,
1179 2303 1221 2341 et
1247 2299 1480 2341 humanum
1507 2310 1640 2354 genus
1671 2299 1750 2340 sub
1784 2299 1942 2341 diaboli
1976 2300 2179 2342 servitute
2216 2299 2674 2353 longa-consuetudine
2707 2298 2788 2341 de-

522 2378 686 2415 tentum
704 2406 716 2427 ,
740 2377 838 2428 post
868 2373 1056 2427 quinque
1090 2371 1251 2413 milium
1279 2383 1487 2413 annorum
1512 2370 1722 2413 curricula
1749 2371 1928 2425 propria
1953 2375 2092 2413 morte
2116 2370 2309 2413 redemit.
2345 2372 2563 2412 Praeterea
2587 2382 2683 2412 cum
2706 2383 2782 2412 ve-

522 2445 623 2486 teris
659 2449 701 2486 et
732 2444 834 2485 novi
861 2442 1099 2485 testamenti
1127 2443 1291 2497 legibus
1321 2442 1572 2485 adulterium
1603 2443 1657 2484 sit
1681 2443 1944 2496 inhibitum,
1980 2443 2090 2497 siqui
2125 2454 2245 2496 reges
2273 2441 2525 2484 adulterium
2556 2442 2782 2483 commise-

523 2517 638 2570 rint,
668 2515 877 2570 numquid
912 2514 1157 2557 eorumdem
1191 2514 1440 2556 auctoritate
1471 2514 1633 2568 posteri
1665 2526 1781 2569 reges
1812 2513 2039 2556 adulterari
2073 2514 2153 2555 sibi
2180 2514 2343 2555 licitum
2370 2504 2615 2568 putabunt?
2641 2512 2783 2557 Absit.

523 2588 577 2628 'lit
604 2586 776 2641 quidem
805 2590 965 2628 certum
994 2590 1081 2638 est,
1113 2596 1259 2639 regum
1290 2589 1439 2627 contra
1465 2586 1579 2639 leges
1611 2587 1860 2639 commissa,
1894 2585 2131 2627 nullatenus
2155 2584 2367 2639 sequenda
2397 2597 2517 2636 esse3
2547 2584 2662 2638 leges
2681 2596 2788 2626 vero

520 2659 571 2699 ab
606 2658 761 2700 eisdem
791 2658 995 2709 calcatas,
1025 2657 1068 2699 in
1099 2669 1177 2698 suo
1207 2661 1320 2698 statu
1348 2669 1594 2711 permanere
1625 2656 1793 2699 debere.
1830 2657 1939 2699 Hinc
1969 2660 2032 2699 est
2061 2655 2180 2711 quod
2203 2656 2337 2698 sancti
2368 2657 2446 2698 Dei
2476 2660 2708 2710 martyres,
2742 2659 2790 2698 et

520 2730 685 2771 romani
719 2729 942 2772 Pontifices
974 2729 1016 2770 in
1045 2729 1131 2770 suis
1165 2728 1333 2770 statutis
1362 2727 1574 2769 inseruere
1606 2727 1821 2770 dicentes:
1854 2741 1940 2770 non
1971 2727 2071 2769 lic-et
2092 2728 2333 2783 imperatori
2365 2727 2431 2768 vel
2463 2727 2660 2781 cuiquam
2689 2726 2783 2782 pie·

520 2805 648 2842 tatem
676 2800 957 2854 custodienti,
980 2798 1141 2854 aliquid
1173 2803 1322 2840 contra
1343 2797 1572 2840 divinitatis
1602 2798 1799 2841 mandata
1825 2811 2117 2853 praesumere,
2139 2811 2215 2840 nec
2237 2799 2464 2853 quicquam
2479 2828 2490 2850 ,
2516 2797 2634 2852 quod
2654 2809 2784 2839 evan-

522 2872 665 2926 gelicis
695 2871 1040 2926 propheticisque
1062 2883 1111 2912 ac
1131 2870 1374 2923 apostolicis
1395 2870 1550 2923 regulis
1581 2870 1748 2924 obviat,
1773 2882 1913 2924 agere.
1939 2871 2144 2912 Iniustum
2164 2871 2273 2913 enim
2295 2869 2498 2911 iudicium
2520 2873 2562 2911 et
2592 2868 2785 2910 definitio

522 2944 699 2996 iniusta,
728 2944 839 2997 regis
866 2947 980 2984 metu
1009 2943 1076 2984 vel
1110 2943 1226 2983 iussu
1246 2954 1270 2983 a
1292 2941 1499 2983 iudicibus
1530 2941 1756 2992 ordinata,
1789 2955 1876 2984 non
1906 2942 2087 2984 valeant.
2112 2942 2199 2983 Nec
2222 2942 2450 2995 quicquam
2485 2938 2606 2994 quod
2633 2943 2784 2982 contra

524 3014 788 3067 evangelicae
819 3014 884 3055 vel
906 3013 1179 3068 propheticae
1209 3017 1281 3054 aut
1308 3013 1562 3067 apostolicae
1587 3012 1804 3055 doctrinae
1833 3013 2179 3055 constitutionem
2196 3043 2208 3066 ,
2232 3014 2318 3054 sive
2346 3015 2588 3054 sanctorum
2612 3014 2785 3065 patrum

524 3086 679 3140 scripta
710 3090 849 3126 actum
886 3085 1042 3139 fuerit,
1079 3084 1208 3126 stabit
1224 3086 1241 3136 ;’
1275 3088 1317 3125 et
1347 3083 1464 3138 quod
1496 3083 1549 3126 ab
1584 3083 1827 3126 infidelibus
1856 3088 1929 3126 aut
1961 3084 2183 3126 haereticis
2216 3083 2376 3125 factum
2413 3082 2567 3134 fuerit,
2602 3082 2780 3124 omuino

523 3156 767 3198 cassabitur.
794 3158 898 3198 Item
931 3157 1168 3198 Hadrianus
1197 3155 1252 3197 ad
1282 3155 1550 3208 Argiramum
1589 3155 1835 3210 episcopum
1865 3168 1958 3210 cap.
1988 3155 2193 3197 ·XLVIII·
2225 3155 2362 3196 «Item
2393 3153 2581 3207 generali
2608 3152 2784 3195 decreto

522 3226 842 3275 constituimus,
878 3229 926 3265 ut
953 3222 1232 3265 execrandum
1264 3226 1487 3268 anathema
1521 3225 1625 3278 fiat,
1659 3231 1700 3268 et
1727 3227 1843 3268 velut
1872 3226 2181 3281 praevaricator
2206 3225 2438 3268 catholicae
2477 3224 2577 3266 fidei
2610 3236 2780 3279 semper

520 3294 632 3349 apud
662 3296 798 3336 Deum
828 3307 922 3336 reus
951 3296 1096 3337 existat
1112 3326 1123 3348 ,
1149 3297 1405 3351 quicumque
1427 3310 1574 3352 regum
1595 3297 1664 3339 vel
1697 3297 1917 3352 potentum
1938 3297 2134 3352 deinceps
2154 3308 2362 3339 canonum
2389 3307 2584 3338 censuras
2603 3295 2647 3337 in
2668 3307 2781 3350 quo-

521 3377 701 3419 cumque
741 3364 966 3406 crediderit
1006 3366 1073 3407 vel
1101 3368 1336 3421 permiserit
1367 3368 1598 3410 violandas.
1626 3387 1643 3403 ι»
1675 3368 1782 3409 Item
1814 3367 1868 3410 ad
1899 3367 2094 3410 eundem.
2129 3368 2458 3410 Constitutiones
2496 3370 2644 3408 contra
2677 3377 2776 3408 san-

521 3443 589 3480 cta
612 3438 776 3480 decreta
801 3449 1071 3478 romanorum
1103 3438 1354 3481 Pontificum
1377 3444 1420 3480 et
1446 3439 1689 3493 praesulum
1705 3469 1717 3492 ,
1740 3439 1896 3481 nullius
1917 3439 2001 3481 sint
2027 3439 2244 3481 momenti.
2267 3439 2307 3481 Si
2325 3442 2468 3481 autem
2495 3438 2632 3480 omnis
2659 3437 2782 3492 plan-

517 3509 625 3550 tatio
658 3520 786 3562 quam
815 3511 931 3562 pater
964 3508 1145 3550 caelestis
1175 3521 1262 3551 non
1295 3510 1501 3564 plantavit
1530 3510 1842 3564 eradicabitur3
1872 3514 1915 3552 et
1934 3511 2042 3553 sicut
2069 3509 2331 3565 praedictum
2357 3513 2445 3561 cst,
2477 3508 2595 3564 quod
2619 3507 2673 3550 ab
2706 3508 2780 3550 in·

518 3580 713 3623 fidelibus
741 3584 783 3621 et
812 3579 1030 3620 haereticis
1059 3585 1197 3622 actum
1223 3581 1378 3636 fuerit,
1416 3582 1590 3623 omnino
1627 3582 1884 3635 cassabitur,
1921 3581 2128 3637 numquid
2157 3581 2262 3623 haec
2290 3581 2483 3636 impietas
2512 3579 2778 3635 eutychiani-

518 3658 675 3693 starum
703 3651 1011 3705 imperatorum
1043 3653 1192 3693 cassari
1215 3657 1256 3693 et
1282 3652 1486 3694 eradicari
1516 3665 1604 3694 non
1624 3652 1780 3694 debet?
1814 3653 1934 3695 Certe
1957 3652 2148 3707 quisquis
2180 3652 2479 3694 ecclesiasticus
2499 3662 2585 3706 pro.
2609 3662 2687 3692 suo
2711 3649 2779 3692 of-

517 3724 615 3765 ficio
649 3723 917 3764 vehementer
953 3734 1037 3763 non
1068 3722 1336 3776 accenditur,
1370 3728 1417 3765 ut
1446 3727 1567 3766 tanta·
1585 3725 1767 3778 pravitas
1800 3736 1824 3766 6
1856 3724 1935 3765 Dei
1964 3723 2094 3766 domo
2127 3722 2331 3766 radicitus
2352 3721 2593 3774 evellatur,
2621 3719 2777 3762 domus

519 3795 596 3837 Dei
627 3794 737 3836 zelus
768 3806 855 3835 non
881 3792 1065 3835 comedit
1098 3806 1213 3845 eum,
1253 3797 1295 3835 et
1328 3793 1442 3848 apud
1471 3795 1606 3846 Deum
1638 3796 1751 3836 canis
1783 3799 1926 3837 mutus
1955 3793 2110 3837 latrare
2143 3806 2230 3836 non
2261 3793 2404 3836 valens
2433 3795 2667 3848 reputatur.

643 3867 709 3906 15.
745 3865 846 3917 Quis
877 3866 985 3907 enim
1018 3876 1163 3906 sanum
1194 3865 1358 3919 sapiens
1396 3877 1484 3907 non
1516 3864 1736 3921 advertat,
1766 3865 1875 3909 116116
1910 3870 2072 3921 pestem
2100 3865 2364 3909 seminarium
2405 3875 2492 3907 esse
2521 3859 2773 3905 simoniacae
