2996 4432
464 211 562 262 '118
616 238 618 241 ·

1481 230 1614 263 INDEX
1647 231 1680 263 11
1687 248 1699 263 ι

448 309 686 349 Ῥ501111010111
715 313 869 347 cunctos
900 309 1030 348 titulos
1064 310 1240 350 nonnulli
1272 316 1414 351 veteres
1446 316 1554 362 quasi
1621 313 1832 361 scripturae
1857 323 1987 355 sensus
2012 317 2189 366 spiritalis
2216 329 2302 368 prae
2326 319 2501 363 historico
2527 335 2722 366 commen-

502 379 580 406 non
609 378 712 406 veros
739 369 959 417 expulerunt
987 381 1022 418 p.
1048 374 1131 408 203.

1644 372 1779 411 datur
1797 383 1833 420 p.
1853 378 1913 412 38.
1936 376 2009 414 Sed
2030 378 2162 426 legesis
2188 379 2276 417 adn

452 428 644 465 Psalmum
665 429 784 466 XVII.
805 429 978 466 nonnulli
1000 440 1043 466 ex
1066 441 1220 478 persona
1240 431 1393 469 Domini
1409 431 1550 471 dictum
1620 431 1841 480 Scytharum
1857 443 1991 481 genera
2017 438 2114 476 varia
2138 438 2290 478 fuerunt
2303 450 2421 489 usque
2444 442 2492 480 ad
2507 443 2626 483 Oxum
2641 446 2715 484 ssu-

499 487 756 524 existimarunt
781 499 817 536 p.
839 492 919 525 184.

451 545 641 584 Psalmum
667 548 844 584 XXXIV
870 547 1053 597 Didymus
1072 548 1118 587 de
1145 550 1243 589 iusto
1271 550 1421 591 homine
1440 551 1548 590 inde-

498 605 602 643 finite
626 606 767 644 dictum
790 609 930 655 putavit
953 620 990 656 p.
1010 613 1094 647 213.

451 663 622 702 Psalmus
653 665 698 703 de
722 672 847 704 octava
871 669 965 704 cur?
989 679 1026 716 p.
1050 672 1128 706 141.
1314 701 1316 703 .

447 722 619 761 Psalmus
639 725 772 763 cantici
789 731 825 763 et
843 726 1027 764 canticum
1040 728 1173 775 psalmi
1193 728 1234 767 in
1252 739 1327 778 quo
1348 729 1523 768 differant

498 792 536 829 p.
565 786 646 820 144.

447 840 614 879 Psalterii
642 842 851 891 incognitus
878 845 1029 893 quidam
1059 857 1101 884 ex
1131 847 1288 886 hebraeo
1314 848 1455 887 latinus
1481 850 1543 888 in-

495 905 632 949 terpres
650 906 717 947 (ex
739 915 812 952 quo
839 906 1013 942 recitatur
1037 907 1202 954 psalmus
1228 898 1385 954 XLIV.')
1399 919 1436 956 p.
1456 913 1544 947 302.

446 958 870 1015 Pseudo-prophetarum
901 965 1102 1008 muliitudo
1130 977 1166 1013 p.
1193 971 1252 1003 92.

444 1021 590 1068 Πτωχός
615 1028 650 1059 et
673 1023 776 1065 πένης
799 1024 984 1072 quomodo
1010 1024 1185 1062 differant
1210 1036 1246 1074 p.
1276 1029 1356 1064 165.
1373 1029 1458 1064 213.

444 1078 588 1127 Religio
613 1081 787 1120 virtutum
810 1083 936 1131 regina
959 1095 995 1131 p.
1016 1088 1097 1121 168.

443 1136 604 1176 Romani
627 1140 726 1178 soliti
747 1142 925 1189 imagines
943 1144 1061 1189 regias
1085 1154 1149 1191 per
1175 1143 1392 1182 vexilliferos
1418 1149 1540 1192 gesta·

491 1207 554 1243 re,
585 1209 672 1237 cum
698 1201 875 1238 victarum
903 1202 1068 1249 gentium
1096 1203 1249 1250 picturis
1272 1214 1309 1251 p.
1328 1207 1387 1240 82.

441 1254 795 1295 Sabaothvocabuli
822 1260 920 1297 varia
948 1261 1140 1308 explicatio
1166 1273 1203 1310 p.
1219 1266 1305 1300 201.

442 1314 656 1354 Sacerdotes
672 1316 777 1364 digni
806 1318 968 1366 eligendi
984 1331 1021 1368 p.
1040 1324 1101 1357 49.

440 1373 649 1412 Salomonis
665 1377 853 1424 proverbia
879 1379 1037 1416 ethicam
1050 1406 1060 1424 ‚
1078 1379 1305 1418 ecclesiastes
1320 1380 1511 1430 physicam
1527 1409 1538 1428 ‚

490 1434 684 1472 Canticum
713 1436 959 1484 theologicam
992 1439 1185 1476 scientiam
1222 1440 1388 1477 continet
1413 1451 1450 1489 p.
1478 1446 1536 1479 37.

486 1492 662 1532 Salomon
687 1495 854 1544 linguam
882 1508 948 1545 pro
970 1503 1093 1536 mente
1119 1498 1257 1548 ubique
1280 1498 1410 1540 ‚dicere
1443 1500 1539 1538 solet

489 1564 527 1600 p.
544 1557 604 1590 47.

439 1609 626 1660 Sapientia
651 1614 759 1653 datur
787 1617 931 1655 animae
956 1617 983 1655 *a
1010 1618 1090 1656 solo
1118 1620 1198 1657 Deo
1222 1630 1260 1667 p.
1289 1625 1348 1658 30.

439 1672 624 1720 Sapientia
650 1675 746 1721 Dei,
771 1675 978 1713 substantia
1004 1684 1058 1715 est
1086 1689 1120 1725 p.
1151 1683 1207 1717 15.

438 1731 647 1779 Sapientiae
671 1733 789 1771 honor
807 1740 863 1772 est
882 1736 1140 1774 mandatorum
1166 1738 1397 1776 observantia
1420 1750 1456 1788 p.
1473 1743 1534 1777 60.

438 1790 645 1839 Sapientiae
671 1792 844 1840 profanae
870 1794 1062 1833 inhaerent
1086 1807 1227 1835 errores
1253 1808 1289 1846 p.
1312 1802 1368 1835 10.

1671 501 1770 527 111011.
1862 496 1947 531 127.

1620 500 1834 586 8110111111ιὲ
1844 551 1914 588 Dei
1939 557 1995 590 est
2019 554 2099 592 eius
2126 555 2390 605 longanimitas
2417 569 2454 607 p.
2481 564 2563 598 234.

1617 607 1777 656 Spiritus
1798 615 1950 648 sanctus
1972 619 2113 651 creator
2129 625 2166 663 p.
2190 621 2273 655 210.
2297 618 2395 690 Hinc
2419 618 2571 658 ecclesia
2589 623 2714 660 canit:

1665 667 1749 703 veni
1778 674 1921 707 creator
1951 670 2122 718 Spiritus.

1617 724 1777 772 Spiritus
1803 728 1923 776 sancti
1949 728 2121 768 divinitas
2147 742 2183 779 p.
2211 737 2271 772 38.

1616 784 1859 833 Symmachus
1884 788 2064 836 interpres
2091 801 2128 837 p.
2154 794 2214 829 57.
2234 797 2294 830 81.
2318 799 2378 832 99.
2410 799 2492 835 106.
2517 801 2597 835 111.
2626 801 2709 836 129.
2757 795 2759 802 ’

1665 847 1746 882 139.
1769 849 1850 884 180.
1871 852 1952 886 1-87.
1969 853 2051 886 220.
2072 853 2155 888 253.
2175 854 2258 888 254.
2275 856 2357 890 283.
2376 858 2458 893 290.
2475 861 2558 895 293.
2579 862 2661 896 306.

1615 902 1792 951 Superbia
1819 906 1958 944 dicitur
1981 919 2048 956 pro
2075 920 2222 948 summa
2243 913 2410 960 nequitia
2431 925 2469 963 p.
2486 920 2526 954 6.

1615 967 1767 1012 Θαρσεῖς
1791 972 1848 1004 est
1873 978 1973 1006 mare
1997 979 2034 1017 p.
2054 974 2135 1007 110.

1612 1023 1816 1071 Theologia
1845 1028 2018 1066 accurata
2047 1028 2096 1066 ad
2119 1029 2338 1078 sapientiam
2365 1031 2489 1070 erudit
2514 1045 2551 1082 p.
2584 1041 2620 1073 1.

1612 1083 1845 1122 TheodotIOn
1866 1086 2048 1135 interpres
2072 1100 2109 1136 p.
2135 1093 2199 1127 57.
2216 1094 2276 1128 81.
2291 1095 2353 1128 99.

1613 1143 1672 1185 Τίς
1700 1143 1842 1181 varium
1869 1156 1980 1183 usum
2007 1147 2118 1185 habet
2146 1159 2182 1196 p.
2208 1153 2292 1186 270.

1612 1206 1853 1251 Θρασυδουλος
1881 1206 2062 1253 generalis
2086 1207 2221 1246 titulus
2245 1209 2407 1247 hominis
2436 1220 2473 1283 p.
2501 1214 2561 1248 32.

1613 1264 1777 1302 Trinitas
1802 1264 1926 1303 divina
1953 1277 1990 1314 p.
2019 1271 2102 1305 222.

1608 1323 1724 1361 Vinea
1750 1335 1815 1372 pro
1842 1325 1915 1363 vita
1937 1325 2100 1364 humana
2125 1327 2167 1364 in
2194 1329 2375 1376 scriptura
2404 1340 2441 1377 p.
2472 1333 2553 1376 147.

1609 1382 1695 1420 Vini
1727 1383 1945 1431 vituperatio
1974 1396 2009 1433 p.
2031 1389 2099 1423 31.·

1609 1440 1709 1479 Visio
1735 1443 1829 1490 Dei,
1857 1443 1942 1481 finis
1965 1450 2173 1484 reservatus
2194 1446 2299 1484 omni
2322 1446 2495 1486 rationali
2521 1454 2709 1489 creaturae

1657 1511 1694 1549 p.
1726 1506 1785 1539 20.

1607 1560 1742 1609 Votum
1768 1561 2005 1599 subitaneum
2033 1562 2253 1610 imprudens
2279 1575 2317 1612 p.
2345 1570 2404 1605 33.

1606 1619 1784 1667 Voluptas
1799 1647 1810 1665 ,
1839 1620 1978 1658 diaboli
2003 1622 2221 1669 excogitatio
2245 1634 2282 1671 p.
2312 1629 2370 1662 31.

1605 1679 1765 1716 Urbium
1783 1681 1986 1718 multarum
1999 1687 2035 1718 et
2048 1683 2268 1730 populorum
2282 1685 2402 1731 prisca
2414 1685 2564 1724 nomina
2578 1690 2699 1734 p.111.

1656 1742 1736 1775 121.
1759 1743 1841 1776 127.

1603 1797 1737 1847 Ὑπερον
1762 1809 1783 1836 a
1808 1799 1936 1848 coquis
1962 1799 2104 1838 dictum
2129 1801 2269 1851 τξεβεός
2285 1813 2320 1850 p.
2338 1807 2396 1841 39.

859 1957 963 2004 AD
1029 1959 1550 2008 BONIZONEM
1621 1962 1715 2009 ET
1777 1963 2280 2012 DEUSDEDIT

1369 2138 1763 2198 INDEX.

433 2297 606 2375 Abbatis
629 2332 788 2379 religiosi
811 2332 1006 2381 qualitates
1029 2344 1066 2382 p.
1093 2336 1153 2371 56.

432 2390 632 2428 Alexandri
656 2393 704 2429 II.
722 2394 792 2429 ΡΡ.
810 2400 1001 2440 praecepto
1022 2394 1149 2441 regula
1177 2394 1354 2432 canonica
1370 2394 1527 2432 'Medio-

477 2450 554 2487 lani
571 2456 696 2498 coepta
713 2451 895 2488 observari
919 2463 954 2499 p.
985 2456 1043 2489 53.
1062 2452 1235 2490 Eiusdem
1253 2453 1452 2490 Alexandri
1467 2464 1526 2490 re-

478 2515 623 2557 gestum
651 2512 696 2547 D.
716 2521 752 2557 p.
771 2515 829 2548 98.
850 2512 1001 2555 (Littera
1019 2514 1066 2548 D.
1087 2512 1237 2550 denotat
1254 2512 1484 2557 Deusdedit.)

430 2568 649 2607 Ambrosius
674 2571 760 2615 (S.)
784 2570 906 2607 lilium
933 2571 1110 2608 ecclesiae
1134 2583 1171 2619 p.
1201 2576 1234 2609 1.
1263 2574 1362 2609 Num
1387 2572 1526 2610 electus

478 2628 525 2665 ab
551 2629 771 2677 imperatore
798 2631 844 2666 D.
863 2632 1112 2679 81?Negatur.

427 2687 647 2725 Ambrosius
671 2691 681 2732 ζ
693 2689 755 2733 S.)
781 2690 968 2736 passiones
988 2691 1080 2727 MM.
1107 2690 1206 2737 inter
1229 2690 1426 2729 missarum
1447 2690 1524 2728 sol-

475 2746 611 2784 lemnia
640 2747 715 2796 legi
742 2748 930 2786 mandavit
957 2761 994 2797 p.
1020 2753 1079 2787 35.

428 2806 648 2845 Ambrosius
663 2808 704 2844 in
718 2809 873 2856 registro
886 2820 954 2847 suo
969 2812 1015 2848 D.
1035 2821 1070 2858 p.
1091 2814 1172 2854 102.
1188 2810 1284 2856 (Sed
1299 2810 1381 2849 vide
1396 2821 1522 2849 emen-

475 2865 661 2904 dationem
688 2869 730 2906 in
759 2868 845 2906 adn.
857 2873 869 2915 )

428 2926 628 2964 Anselmus
656 2928 738 2972 (S)
763 2928 923 2967 lucensis
944 2929 1135 2978 episcopus
1158 2911 1336 2968 laudatur
1359 2942 1380 2968 a
1407 2931 1523 2969 Boni-

473 2995 617 3032 zonep
637 2991 672 3023 9.
700 2986 802 3024 Idem
818 2993 944 3026 auctor
959 2989 1098 3035 libelli
1121 3000 1224 3026 nunc
1237 2989 1459 3037 desiderati,
1477 2990 1538 3028 de.

472 3045 600 3091 regula
635 3046 836 3093 canonica,
868 3058 933 3084 seu
961 3048 1223 3085 canonicorum
1250 3048 1523 3087 cohabitatione

472 3115 510 3152 q.
538 3109 597 3142 53.
627 3107 788 3151 (Bonizo
812 3108 972 3155 exequiis
1000 3108 1110 3145 etiam
1145 3109 1183 3146 S.
1210 3109 1378 3146 Anselmi
1404 3109 1522 3146 inter-

472 3163 566 3208 fuit,
594 3164 721 3202 eodem
750 3176 848 3202 anno
881 3167 1018 3203 mortui
1043 3178 1117 3215 quo
1141 3168 1179 3204 S.
1206 3167 1408 3215 Gregorius
1435 3168 1519 3205 VII.

414 3217 417 3220 ’
472 3223 606 3269 Pagius
629 3234 667 3259 n.
699 3229 733 3260 3.
760 3224 860 3271 apud
883 3226 1084 3262 Baronium
1111 3237 1172 3263 an.
1203 3226 1522 3271 1086.)Anselmi

472 3281 681 3319 collectioni
697 3284 895 3321 canonicae
910 3285 1098 3331 praefatur
1119 3286 1248 3326 Clerus
1263 3286 1446 3333 lucensis,
1472 3286 1520 3324 15-

472 3350 543 3388 que
570 3341 743 3389 prologus
759 3353 858 3380 nunc
874 3344 1018 3390 editur,
1034 3356 1120 3382 cum
1135 3346 1250 3394 partis
1262 3345 1413 3394 quintae
1428 3347 1521 3384 titu-

472 3399 518 3437 115
546 3399 660 3448 praef.
688 3411 727 3448 p.
746 3402 806 3439 IV.

423 3458 671 3507 Aquileiensis
696 3460 832 3498 dicitur
850 3467 971 3500 sextus
995 3463 1092 3501 inter
1114 3465 1340 3512 patriarchas
1356 3477 1392 3514 p.
1412 3469 1448 3503 4.

422 3518 700 3567 Archiepiscopi
725 3520 814 3556 olim
842 3519 883 3556 in
908 3521 1015 3558 Italia
1040 3523 1225 3570 papiensis
1250 3529 1286 3560 et
1311 3525 1521 3562 veronensis

471 3588 509 3625 p.
522 3581 558 3615 4.
573 3580 660 3623 (Nos
676 3579 722 3616 de
737 3578 923 3627 papiensi,
943 3579 1016 3616 alio
1030 3585 1193 3629 tempore
1208 3581 1345 3619 dicturi
1361 3585 1520 3627 sumus.)

421 3637 607 3685 Baptismo
638 3638 726 3684 (de)
754 3640 905 3676 Patrum
935 3638 1032 3675 dicta
1060 3641 1315 3679 conciliantur<
1332 3653 1369 3689 p.
1390 3646 1424 3679 1.

421 3695 607 3734 Barnabas
631 3697 818 3744 apostolus
844 3708 1048 3745 numquam
1070 3698 1108 3735 in
1132 3700 1280 3737 Italiam
1308 3701 1450 3739 venisse
1467 3696 1522 3738 vi-

468 3753 624 3793 debatur
646 3749 821 3793 Bonizoni
847 3767 883 3803 p.
912 3760 970 3793 31.

424 3813 575 3853 Batonii
598 3813 772 3852 mendosa
796 3814 906 3853 lectio
931 3815 1128 3864 corrigitur
1154 3818 1200 3854 D.
1222 3827 1258 3866 p.
1277 3821 1335 3855 82.
1357 3817 1443 3856 adn.

1598 2336 1798 2374 Bonizonis
1822 2336 1917 2374 liber
1939 2337 1986 2375 ad
2009 2338 2172 2375 amicum
2194 2348 2235 2386 p:
2254 2341 2313 2374 46.
2344 2338 2436 2374 Item
2459 2336 2554 2377 alius
2569 2338 2698 2373 contra

1646 2396 1844 2444 Hugonem
1867 2397 2176 2443 schismaticum,
2201 2397 2353 2434 ibidem.

1598 2454 1808 2491 caelibatus
1838 2465 1940 2492 sacer
1964 2466 2000 2502 p.
2028 2459 2090 2492 22.

1596 2510 1774 2551 Callixtus
1798 2514 1870 2549 ΡΡ.
1895 2514 1924 2549 Ι.
1954 2524 2040 2561 erga
2067 2514 2188 2578 lapsos
2212 2512 2411 2561 indulgens
2438 2524 2473 2561 p.
2495 2516 2554 2550 35.
2583 2517 2621 2549 et
2648 2514 2696 2548 D.

1643 2583 1680 2620 p.
1699 2576 1779 2609 111.

1595 2632 1764 2670 Canones
1789 2628 1851 2671 alii
1879 2633 2102 2679 voluntarii,
2132 2633 2196 2670 alii
2220 2633 2290 2671 sub
2317 2638 2510 2681 praecepto
2533 2644 2569 2680 p.
2587 2636 2646 2683 24.

1593 2692 1778 2730 Canonica
1803 2692 1954 2740 regula,
1986 2693 2060 2730 sive
2081 2692 2297 2730 clericorum
2319 2692 2565 2737 cohabitatio,
2592 2691 2694 2729 unde

1639 2752 1837 2802 sumpserit
1859 2750 2046 2789 exordium
2075 2763 2111 2799 p.
2139 2755 2198 2789 53.

1592 2811 1762 2859 Capitula
1789 2811 1862 2848 duo
1888 2811 2096 2860 apocrypha
2124 2812 2330 2849 innocentii
2359 2816 2395 2850 et
2420 2810 2587 2859 Gregorii
2615 2811 2694 2868 ΡΡ..

1641 2880 1678 2917 p.
1701 2874 1760 2907 67.
1779 2869 1895 2907 Aliud
1912 2881 1948 2918 p.
1968 2875 2029 2908 68.

1593 2930 1812 2967 Chrismatis
1838 2929 2019 2967 confectio
2041 2940 2077 2978 p.
2099 2933 2158 2966 20.
2179 2930 2321 2974 (Etiam
2353 2930 2392 2967 in
2416 2939 2524 2977 opere
2553 2938 2622 2966 suo
2650 2928 2697 2966 de

1638 2990 1878 3029 sacramentis
1902 3000 1923 3027 a
1947 2990 2150 3026 Muratorio
2174 2989 2292 3038 antiq.
2319 2988 2417 3026 med.
2446 2999 2522 3026 aev.
2549 2989 2593 3025 T.
2623 2988 2705 3024 ΙΙΙ.4

1639 3050 1712 3087 001.
1729 3052 1811 3086 605.
1825 3049 1973 3097 vulgato
1988 3077 1998 3095 ‚
2029 3048 2213 3087 nonnulla
2234 3059 2276 3086 ex
2298 3049 2446 3097 proprio
2470 3047 2615 3085 decreto
2633 3057 2691 3084 re-

1641 3109 1732 3146 citat
1747 3109 1914 3153 Bonizo.)

1592 3167 1724 3206 010105
1750 3166 1796 3204 ab
1824 3167 1995 3214 episcopo·
2019 3165 2241 3204 nutriendus
2268 3170 2388 3217 921⁰·
2614 3195 2616 3198 ,

1592 3226 1713 3265 Codex
1746 3228 1945 3267 canonicus
1974 3224 2161 3264 ecclesiae
2186 3236 2362 3266 romanae
2392 3224 2614 3263 describitur
2643 3226 2689 3261 D.

1641 3297 1678 3334 p.
1707 3289 1763 3323 15.

1591 3345 1829 3383 Consecratio
1857 3344 2097 3382 ecclesiarum
2126 3349 2163 3382 et
2188 3344 2361 3406 altarium
2388 3355 2424 3392 p.
2449 3347 2510 3381 48.
2528 3345 2621 3380 Item
2636 3352 2686 3379 re·

1639 3403 1853 3442 conciliatio
1878 3415 1913 3452 p
1942 3407 2002 3440 49.
2704 3430 2705 3433 η

1592 3463 1829 3502 Constantini
1859 3463 2031 3512 imperat.
2056 3462 2262 3513 baptismus
2284 3472 2460 3504 romanus
2484 3459 2695 3498 defenditur

1706 3527 1765 3560 39.

1590 3534 1828 3620 Degimarum
1856 3581 2047 3619 exordium
2074 3592 2111 3630 p.
2141 3586 2201 3619 63.
2230 3581 2404 3619 Decimae
2434 3585 2471 3617 et
2498 3578 2615 3616 victus
2632 3578 2694 3615 de

1640 3642 1777 3679 bentur
1803 3641 1947 3679 clericis
1976 3643 2023 3678 D.
2042 3652 2079 3688 p.
2101 3645 2181 3678 101.
2290 3675 2292 3677 .

1593 3700 1730 3737 Decius
1754 3700 1846 3748 imp.
1872 3705 1909 3736 et
1930 3700 2087 3737 Senatus
2106 3710 2203 3737 rom.
2229 3698 2424 3747 pecuniam
2450 3696 2497 3734 de
2519 3697 2607 3735 fisco
2622 3696 2692 3733 tri-

1638 3759 1760 3797 buunt
1784 3760 1831 3797 ad
1859 3759 2153 3797 Christianorum
2181 3758 2389 3807 sepulturas
2422 3768 2459 3806 p.
2489 3761 2547 3794 36.

1590 3818 1795 3858 Deusdedit
1825 3818 2007 3858 refutatur
2034 3830 2070 3867 p.
2098 3823 2157 3857 90.
2186 3824 2223 3857 et
2245 3822 2305 3857 93.
2335 3816 2421 3855 adn.
