2996 4432
1218 261 1476 296 amazonis.
2438 253 2457 300 1
2474 253 2491 301 ί

231 372 360 424 gens
396 371 426 404 a
460 351 680 404 mortuis
710 347 1028 401 mulieribus
1064 348 1314 420 apparuit
1348 347 1564 400 dicens:
1610 347 1679 400 ite
1722 350 1973 402 nuntiate
2000 348 2276 419 fratribus
2319 352 2483 414 meis,

225 435 545 507 praecedam
571 454 651 486 vos
683 434 742 485 in
771 432 1101 487 Galilaeam.
1131 433 1196 483 Et
1225 431 1358 483 hora
1388 431 1494 483 diei
1526 431 1693 502 prima
1711 473 1723 496 ,
1764 442 1821 485 ut
1851 435 2020 485 omnis
2048 446 2225 486 nostra
2252 436 2492 506 operatio

233 538 262 570 a
296 519 506 570 Christo
538 515 835 587 incipiatur.
880 515 944 566 Et
980 514 1211 567 secunda
1242 513 1347 567 diei
1382 515 1514 566 hora
1533 546 1557 577 ‚a
1587 514 1642 565 in
1682 534 1790 585 qua
1825 517 2046 568 solvitur
2078 519 2383 588 capitulum.
2427 520 2492 570 Et

232 602 361 653 hora
396 600 498 654 diei
528 600 679 651 tertia
696 639 709 661 ‚
740 599 795 650 in
822 617 929 669 qua
954 599 1193 650 Christus
1215 598 1411 668 linguis
1436 596 1753 649 Iudaeorum
1780 599 2062 651 crucifixus
2087 612 2194 661 est,
2227 612 2279 652 et
2302 602 2355 653 in
2383 622 2491 672 qua

233 683 317 735 die
342 694 670 754 pentecostes
694 681 922 752 Spiritus
952 692 1166 732 sanctus
1190 682 1245 732 in
1278 680 1470 754 linguis
1496 679 1663 747 igneis
1696 698 1855 751 super
1886 694 2094 733 centum
2130 684 2314 753 viginti
2346 684 2493 736 disci-

232 769 389 838 pulos
418 766 685 837 apparuit.
716 766 781 816 Et
806 766 938 817 hora
963 764 1066 817 diei
1092 775 1237 816 sexta
1256 804 1270 826 ,
1299 764 1355 816 in
1381 782 1486 834 qua
1512 763 1753 814 Christus
1782 782 1881 833 pro
1914 764 2079 816 salute
2101 778 2287 818 nostra
2321 769 2491 819 cruci-

232 850 368 901 fixus
408 860 503 901 est.
541 850 605 900 Et
639 850 771 900 hora
800 847 904 900 diei
936 867 1108 909 nona,
1150 849 1206 899 in
1243 865 1351 918 qua
1389 847 1561 898 emisit
1584 846 1843 917 spiritum.
1876 848 1940 897 Et
1965 849 2395 919 completorium,
2432 863 2491 902 ut

230 933 401 984 omnis
431 943 609 983 nostra
648 932 885 1002 operatio
916 950 945 982 a
977 931 1186 984 Christo
1213 942 1427 1001 coepta,
1458 931 1522 982 in-
1541 930 1806 982 Christum
1835 929 2080 995 finiatur,
2118 951 2255 1002 qnae
2286 934 2352 985 ab
2388 954 2491 986 oni-

230 1016 390 1068 nibus
422 1027 548 1067 sunt
577 1015 908 1067 venerandae
944 1026 998 1068 et
1031 1013 1342 1086 explendae.
1386 1015 1680 1085 Episcopus
1716 1025 1889 1066 autem
1926 1015 2153 1066 orationi
2190 1029 2242 1067 et
2279 1016 2491 1071 lectioni

230 1117 437 1168 semper
461 1098 619 1151 debet
644 1117 755 1150 esse
779 1098 1034 1162 intentus,
1065 1099 1212 1150 iuxta
1237 1098 1368 1150 illud
1406 1098 1828 1169 psalmographi:
1860 1098 2043 1150 beatus
2081 1100 2157 1150 vir
2177 1100 2274 1170 qui
2299 1102 2358 1152 in
2389 1103 2492 1172 lege

229 1182 460 1234 Domini
499 1181 790 1233 meditatur
821 1182 908 1232 die
943 1201 1007 1232 ac
1045 1193 1211 1233 nocte.
1253 1183 1318 1233 Et
1353 1180 1485 1252 quid
1523 1182 1730 1234 beatius
1776 1201 1934 1252 quam
1978 1181 2165 1234 audire
2203 1185 2490 1236 Dominum

230 1266 660 1336 colloquentem?
693 1266 826 1317 Cum
863 1265 1005 1316 enim
1042 1283 1275 1327 oramus,
1318 1284 1437 1328 cum
1475 1267 1589 1316 Deo
1626 1265 2059 1332 confabulamnr3
2099 1285 2217 1317 cum
2256 1286 2381 1319 vero
2420 1269 2491 1327 le-

228 1349 431 1418 gimus,
473 1351 616 1400 Dens
653 1349 931 1401 nobiscum
969 1349 1242 1419 loquitur,
1281 1348 1348 1401 ad
1385 1349 1535 1400 cuius
1566 1367 1745 1400 vocem
1786 1368 1895 1400 nox
1935 1360 1986 1399 et
2018 1349 2266 1401 tenebrae
2307 1362 2359 1402 et
2392 1371 2490 1402 nu-

230 1433 334 1484 bila
356 1475 367 1496 ,
408 1432 626 1484 confusa
663 1432 847 1484 mundi
883 1443 938 1484 et
971 1431 1212 1494 turbida,
1255 1432 1466 1484 Christo
1505 1433 1774 1495 veniente,
1812 1444 2120 1484 vanescunt.

979 1564 1055 1615 De
1091 1563 1449 1634 hospitalitate
1486 1564 1741 1634 episcopi.

339 1701 422 1734 21.
466 1683 665 1734 Curent
691 1682 926 1754 episcopi
962 1693 1022 1734 ut
1050 1682 1336 1754 hospitales
1371 1683 1505 1747 sint;
1536 1703 1597 1735 ex
1627 1684 1729 1734 hoc
1767 1684 1904 1734 enim
1932 1683 2145 1754 qnidam
2178 1685 2489 1755 placuerunt

231 1767 374 1827 Deo,
413 1766 610 1834 angelis
637 1767 869 1836 hospitio
901 1767 1142 1837 receptis.
1179 1767 1242 1818 Et
1271 1786 1391 1818 cum
1422 1766 1670 1816 omnibus
1699 1765 1960 1817 laudabile
1990 1768 2057 1819 sit
2078 1768 2487 1838 hospitalitatem

230 1860 392 1918 prout
428 1850 564 1900 vires
590 1861 859 1919 vexpetunt
896 1851 1110 1910 sectari,
1153 1849 1218 1901 de
1264 1849 1515 1918 episcopo
1560 1848 1631 1898 ita
1670 1848 1919 1919 scriptum
1959 1861 2062 1900 est:
2113 1851 2206 1921 qni
2253 1852 2487 1921 hospites

230 1950 341 1982 non
381 1933 630 2002 suscipit,
672 1933 991 1984 inhumanus
1023 1944 1119 1984 est.
1155 1933 1222 1983 Et
1259 1931 1456 1983 idcirco
1494 1931 1788 1983 canonibus
1827 1933 2179 1985 sancientibus
2211 1933 2487 1986 definitum

229 2025 336 2077 est,
378 2025 436 2065 ut
464 2014 531 2065 de
569 2015 815 2067 omnibus
849 2014 1144 2067 redditibus
1188 2015 1525 2066 ecclesiarum
1568 2025 1620 2065 et
1658 2013 1872 2067 decimis
1910 2016 2046 2068 (luae
2085 2029 2259 2088 partes
2300 2037 2488 2070 conce-

229 2095 425 2148 dantur
455 2098 736 2168 episcopo,
777 2115 885 2147 una
922 2096 990 2147 ad
1027 2096 1423 2148 sustentandam
1453 2097 1753 2149 familiolam
1790 2118 1966 2160 suam3
2010 2100 2167 2152 altera
2199 2102 2487 2171 peregrinis

226 2191 280 2231 et
310 2180 607 2251 hospitibus
644 2180 950 2250 profutura3
994 2180 1146 2231 tertia
1186 2180 1398 2233 fabricis
1433 2182 1678 2235 ecclesiae
1718 2182 2034 2254 deputetur;
2071 2185 2248 2236 ultima
2287 2186 2486 2237 clericis

229 2284 326 2335 pro
367 2265 693 2335 singulorum
728 2263 923 2315 meritis
958 2262 1242 2315 dividatur.

825 2348 904 2398 De
941 2348 1273 2418 susceptione
1310 2349 1587 2402 confratris
1623 2351 1874 2422 episcopi.

336 2448 420 2482 22.
452 2432 530 2482 De
568 2431 900 2501 susceptione
935 2441 1113 2482 autem
1149 2431 1427 2483 confratris
1464 2434 1728 2504 episcopi,
1769 2453 1799 2486 a
1835 2433 1957 2486 sede
1988 2454 2080 2486 sua
2105 2453 2203 2504 pro
2229 2436 2487 2488 catholica

230 2514 334 2567 fide
371 2515 610 2586 expulsi,
652 2515 725 2565 nil
751 2513 895 2566 aliud
920 2512 1252 2566 sentiendum
1285 2514 1524 2578 videtur,
1559 2517 1658 2569 nisi
1688 2518 1838 2588 quod
1863 2517 2226 2579 insardicensi
2261 2520 2486 2571 concilio

230 2600 449 2650 Hosium
497 2599 802 2669 episcopum
849 2597 1231 2650 cordubensem
1278 2598 1466 2651 dixisse
1502 2601 1707 2670 legitur.
1757 2602 1952 2653 Hosius
1989 2602 2269 2672 episcopus
2318 2602 2480 2654 dixit:

233 2706 257 2729 «
282 2682 603 2752 Suggerente
650 2682 810 2732 fratre
847 2692 1029 2732 nostro
1065 2681 1317 2752 Olympio
1353 2683 1509 2734 etiam
1555 2685 1656 2735 hoc
1696 2684 1924 2754 placuit,
1969 2696 2028 2736 ut
2064 2685 2106 2736 si
2153 2685 2343 2755 aliquis
2382 2686 2486 2737 vim

237 2790 260 2813 ³,
304 2783 581 2836 perpessus
605 2775 684 2815 est
706 2775 757 2815 et
782 2763 1035 2834 expulsus
1060 2776 1281 2834 propter
1304 2763 1632 2836 disciplinam
1658 2779 1710 2818 et
1734 2767 2044 2819 catholicam
2074 2768 2450 2820 confessionem
2468 2809 2481 2830 ,

234 2872 259 2895 ν»
302 2848 383 2900 vel
422 2859 642 2918 propter
667 2846 1024 2899 defensionem
1048 2847 1281 2899 veritatis
1309 2847 1569 2918 effugiens
1599 2850 1860 2919 pericula,
1891 2851 2147 2902 innocens
2180 2862 2231 2901 et
2266 2849 2487 2902 devotus

234 2956 259 2980 »
300 2931 367 2983 ad
405 2932 555 2983 aliam
591 2931 794 2982 venerit
823 2930 1114 2991 civitatem,
1163 2950 1274 2982 non
1310 2931 1660 3002 prohibeatur
1690 2932 1954 2983 immorari
1985 2931 2239 3002 quamdiu
2282 2943 2375 2984 aut
2406 2951 2484 2985 re-

235 3041 260 3064 »
302 3015 415 3067 dire
451 3015 676 3085 poterit,
717 3024 809 3065 aut
833 3014 1025 3065 iniuria
1058 3014 1170 3065 eius
1199 3012 1490 3065 remedium
1522 3015 1812 3084 acceperit;
1843 3014 1967 3084 quia
2004 3013 2196 3065 durum
2229 3025 2336 3077 est,
2365 3033 2484 3066 eum

235 3122 259 3147 >›
301 3099 394 3169 qni
428 3098 845 3169 persecutionem
885 3098 1113 3168 patitur,
1159 3115 1268 3148 non
1304 3097 1486 3167 recipi.
1529 3097 1696 3148 Etiam
1740 3097 1881 3167 larga
1914 3097 2270 3149 benivolentia
2306 3108 2356 3148 et
2387 3098 2487 3148 hu-

235 3204 260 3230 »
301 3182 522 3232 manitas
548 3191 626 3232 est
654 3181 700 3231 ei
726 3177 1045 3231 exhibenda.
1081 3178 1267 3230 Omnis
1296 3178 1533 3250 synodus
1563 3178 1729 3231 dixit:
1759 3180 2003 3231 universa
2034 3198 2170 3250 quae
2199 3181 2486 3232 constituta

235 3290 260 3314 »
301 3276 456 3327 sunt,
496 3264 752 3315 catholica
785 3263 1001 3315 ecclesia
1039 3262 1094 3314 in
1138 3263 1388 3315 universo
1417 3263 1547 3315 orbe
1577 3261 1768 3314 diffusa
1801 3262 2076 3315 custodiet.
2107 3286 2132 3312 >›
2167 3262 2285 3314 Scio
2323 3282 2509 3334 quos-⁷

230 3347 351 3399 dam
380 3365 445 3397 ex
478 3346 754 3409 fratribuS‚
785 3347 878 3416 qui
898 3343 1162 3415 siquando
1188 3345 1505 3396 confratrem
1534 3345 1797 3397 infirmum
1824 3345 2333 3417 deprelienderint*,
2362 3357 2482 3399 ante

230 3449 390 3500 quam
423 3430 618 3481 amicus
647 3429 819 3482 dicere
852 3429 1050 3490 valeat,
1087 3447 1141 3480 se
1179 3446 1441 3499 pauperes
1474 3446 1586 3480 esse
1622 3440 1675 3481 et
1707 3429 1806 3480 sub
1842 3448 2032 3500 magno
2067 3430 2285 3481 foenore
2314 3430 2481 3482 iacere

229 3523 666 3582 conqueruntur;
709 3523 769 3563 ut
801 3510 1023 3562 audiens
1060 3511 1287 3576 amicus,
1322 3512 1501 3564 abeis
1536 3511 1736 3583 aliquid
1772 3524 1951 3583 petere
1984 3512 2215 3566 desistat.
2258 3514 2324 3564 Et
2361 3532 2482 3564 cum

229 3594 408 3646 Croesi
440 3592 647 3645 divitias
681 3604 1007 3664 exaequent,
1046 3594 1088 3644 si
1121 3593 1256 3646 forte
1290 3594 1556 3647 audierint
1591 3595 1798 3666 aliquos
1826 3597 1906 3648 vel
1937 3597 2155 3649 clericos
2191 3596 2271 3648 vel
2304 3615 2483 3647 mona-

228 3681 359 3730 chos
386 3677 468 3728 vel
506 3677 665 3729 laicos
698 3677 996 3729 liberalitati
1034 3676 1275 3741 studere,
1310 3679 1449 3730 nacti
1482 3679 1809 3747 occasionem
1846 3682 1996 3752 quasi
2035 3682 2137 3733 hoc
2175 3698 2285 3732 non
2315 3679 2483 3748 possit

233 3760 454 3812 inveniri
502 3760 686 3812 venale
717 3762 774 3812 in
809 3761 914 3812 suis
957 3759 1282 3822 civitatibuS,
1323 3780 1422 3833 pro
1461 3762 1795 3815 cinnamomo
1831 3776 1884 3816 et
1915 3765 2104 3835 pipere
2131 3775 2182 3815 et
2219 3762 2331 3814 aliis
2368 3762 2482 3831 pig-

234 3845 416 3895 mentis
435 3843 769 3896 mendicant.
800 3842 942 3909 Quid
973 3843 1170 3915 plura?
1201 3845 1303 3896 lam
1336 3857 1563 3915 poscunt
1589 3864 1729 3899 aera.
1766 3846 1832 3899 Hi
1860 3848 2029 3900 solent
2060 3846 2230 3898 dicere
2263 3845 2481 3896 infirmis

2341 3928 2357 3944 .

2532 3360 2545 3370 '
2556 3357 2639 3398 .⁰0‘¹·
2675 3356 2810 3386 decreve-

2531 3396 2606 3424 rmt.
