2996 4432
1007 242 1179 275 coxi-aa
1216 242 1458 275 ruvasomzs
1494 244 1588 278 are.
1629 246 1715 277 un.
1754 246 1822 278 ιιι.
2080 233 2088 242 ”
2468 233 2554 278 101

277 345 457 388 graece,
490 332 618 375 latine
648 342 742 374 sors
771 333 814 372 et
844 341 944 385 pars
962 359 974 382 ‚
1006 329 1122 372 unde
1152 332 1359 373 vocantur
1389 321 1558 385 clerici,
1592 334 1690 387 quia
1718 332 1800 387 ipsi
1829 335 1928 375 sunt
1958 344 2057 388 pars
2086 332 2294 387 Domini,
2331 337 2372 375 et
2405 334 2562 375 Domi-

282 418 385 447 num
416 409 578 460 partem
606 402 779 446 habent.
799 420 816 437 ι·
851 401 904 443 Et
936 401 1066 456 paulo
1097 406 1212 457 post.
1253 401 1327 443 «Si
1357 404 1499 443 autem
1530 413 1610 456 ego
1642 415 1739 458 pars
1767 403 1940 447 Domini
1970 416 2089 458 sum,
2113 409 2156 446 et
2185 404 2402 447 funiculus
2434 405 2563 447 here-

283 475 430 518 ditatis
460 475 578 530 eius,
610 486 688 517 nec
717 472 882 528 accipio
915 476 1078 527 partem
1107 473 1220 515 inter
1251 476 1412 515 ceteras
1442 470 1580 514 tribus
1602 504 1614 527 ,
1646 473 1723 516 sed
1753 475 1874 529 quasi
1903 475 2036 518 levita
2071 479 2113 517 et
2151 474 2347 518 sacerdos
2379 476 2478 518 vivo
2510 476 2565 519 de

285 545 459 589 decimis
475 577 488 599 ‚
521 550 564 588 et
592 545 714 588 altari
743 544 932 587 serviens
962 544 1106 587 altaris
1136 543 1352 587 oblatione
1381 547 1616 598 sustentor,
1650 544 1809 588 habens
1839 545 2003 588 victum
2033 551 2079 588 et
2108 546 2334 599 vestitum,
2366 546 2433 589 his
2462 559 2566 590 con-

287 621 430 660 tentus
459 620 558 669 ero,
591 620 635 660 et
662 614 821 658 nudam
853 627 1023 658 crucem
1052 615 1194 659 nudus
1223 628 1392 671 sequar.
1409 634 1426 651 υ
1461 615 1581 659 Idem
1611 615 1668 659 ad
1697 615 1994 659 Heliodorum.
2024 636 2039 652 «ι
2055 617 2205 660 Clerici
2233 629 2335 659 oves
2356 623 2561 672 pascunt,

285 700 370 743 ego
402 701 575 744 pascor:
609 687 672 730 illi
703 686 756 730 de
784 687 905 730 altari
934 688 1111 740 vivunt,
1134 687 1240 730 mihi
1270 687 1392 743 quasi
1411 686 1702 730 infructuosae
1732 687 1878 730 arbori
1900 688 2058 730 securis
2080 688 2257 743 ponitur
2279 688 2334 731 ad
2356 688 2559 731 radicem.

279 760 329 802 si
359 771 512 802 munus
540 757 595 801 ad
625 758 757 801 altare
788 770 877 801 non
899 757 1047 801 defero
1061 789 1074 812 ‚
1098 771 1178 802 nec
1195 771 1371 815 possum
1392 757 1625 805 obtendere
1645 763 1934 814 paupertatem
1951 789 1964 812 ,
1989 772 2087 802 cum
2116 760 2163 802 in
2182 760 2402 813 evangelio
2437 773 2565 803 anum

286 830 456 874 viduam
474 860 487 883 ,
519 829 607 873 duo
639 842 749 885 quae
779 829 862 872 sibi
889 830 978 873 sola
1006 834 1261 885 supererant
1288 843 1387 874 aera
1405 831 1451 873 in
1478 830 1834 886 gazophylacium
1861 829 2100 872 mittentem
2130 830 2273 874 laudat
2303 831 2560 874 Dominus.»

220 910 223 912 ’
287 901 525 945 Alexander
556 914 670 956 papa
704 900 914 956 Sigifredo
951 901 1174 958 episcopo.
1215 920 1232 939 α
1251 901 1519 958 Quicumque
1553 914 1727 944 suarum
1761 913 1906 944 rerum
1939 902 2032 943 Deo
2067 902 2243 956 eiusque
2275 901 2566 956 sacerdotibus

282 973 473 1016 decimas
489 1004 501 1027 ‚
528 985 639 1029 quae
672 973 938 1028 baptismatis
970 977 1013 1015 et
1038 973 1218 1015 aliorum
1247 977 1494 1017 sanctorum
1532 977 1894 1017 sacramentorum
1926 971 2186 1014 exhibitione
2206 1002 2218 1025 ,
2258 972 2351 1014 iure
2386 985 2565 1027 compe-

283 1048 384 1087 tunt
399 1075 412 1098 ,
446 1045 663 1087 annuatim
698 1043 875 1086 reddere
907 1043 1152 1097 noluerint,
1185 1044 1439 1087 christianus
1466 1057 1554 1087 non
1586 1048 1666 1087 est.
1687 1063 1705 1081 »
1731 1043 1964 1098 Gregorius
1987 1043 2100 1085 ·V11·
2123 1042 2169 1084 in
2192 1042 2372 1085 collecta
2403 1044 2567 1098 episco-

287 1129 444 1171 porum
474 1128 568 1171 cap.
599 1117 667 1159 ·V·
705 1134 722 1151 ι
741 1115 824 1167 Qui
855 1113 1039 1157 decimas
1070 1115 1255 1158 ecclesiis
1290 1127 1380 1158 non
1415 1114 1710 1170 reddiderint,
1751 1115 1886 1158 sciant
1927 1127 1972 1157 se
2007 1114 2220 1168 sacrilegii
2252 1115 2410 1156 crimen
2447 1127 2567 1156 com-

287 1188 457 1229 mittere
473 1218 487 1240 ,
520 1191 563 1228 et
589 1191 784 1229 aeternae
819 1185 1106 1228 damnationis
1139 1186 1375 1241 periculum
1407 1188 1640 1230 incurrere.
1666 1206 1683 1223 υ
1725 1187 1812 1229 Leo
1846 1190 2025 1241 quartus
2053 1186 2098 1228 in
2126 1184 2308 1228 concilio
2339 1185 2567 1240 episcopo-

285 1270 385 1301 rum
424 1258 571 1300 ·LXII·
610 1275 626 1292 α
645 1257 727 1309 Qui
762 1244 968 1311 primitias
998 1261 1048 1299 ut
1079 1255 1261 1300 decimas
1294 1257 1394 1300 da're
1424 1258 1730 1313 contempserit
1745 1290 1757 1312 ,
1796 1262 1942 1300 sancta
1974 1257 2276 1300 communione
2314 1256 2521 1311 privetur.
2545 1276 2563 1291 »

289 1329 411 1371 Idem
432 1329 640 1384 episcopis
661 1327 915 1370 Britanniae.
951 1328 1040 1370 «De
1060 1327 1231 1371 decimis
1251 1340 1340 1370 non
1361 1333 1529 1371 tantum
1555 1328 1705 1383 nobis,
1736 1329 1898 1372 scilicet
1917 1328 2132 1383 prioribus
2160 1327 2354 1383 patribus
2367 1358 2379 1380 ,
2402 1327 2567 1382 placuit

288 1404 457 1442 tantum
476 1398 569 1442 dari
590 1398 789 1454 plebibus
807 1429 819 1452 ,
853 1399 898 1441 in
927 1398 1381 1454 quibus-sacrosancta
1411 1399 1565 1443 dantur
1591 1400 1862 1456 baptismata.
1889 1419 1906 1435 »
1940 1399 2059 1442 Idem
2086 1398 2301 1454 praefatus
2328 1397 2570 1441 Alexander

287 1473 506 1513 cosentino
549 1471 770 1525 episcopo,
809 1488 825 1504 «
850 1469 1083 1524 Indignum
1116 1470 1288 1513 videtur
1305 1502 1317 1524 ,
1360 1476 1404 1513 et
1432 1471 1723 1515 authenticum
1757 1475 2002 1514 sanctorum
2037 1482 2248 1513 canonum
2281 1470 2442 1512 sanctio
2481 1482 2570 1511 non

287 1542 446 1598 probat
461 1573 474 1595 ,
509 1546 556 1584 ut
579 1554 717 1584 novae
749 1540 947 1584 ecclesiae
975 1541 1019 1584 id
1047 1542 1153 1584 iuris
1183 1542 1471 1597 concedatur,
1505 1541 1625 1597 quod
1647 1543 1845 1598 antiquae
1873 1542 2027 1585 iniuste
2055 1541 2319 1585 subtractum
2343 1545 2407 1584 est
2437 1541 2571 1582 eccle-

289 1614 388 1656 siae.
415 1633 430 1649 »
464 1614 572 1655 Item
606 1613 650 1654 in
682 1612 865 1655 concilio
903 1613 1156 1667 moguntino
1179 1644 1192 1666 ,
1231 1613 1300 1655 cui
1340 1613 1525 1668 praefuit
1562 1607 1806 1656 Bonifacius
1839 1618 2002 1669 martyr
2037 1617 2080 1655 et
2111 1613 2335 1668 episcopus
2366 1624 2569 1655 romanae

290 1683 520 1738 ecclesiae}
551 1684 722 1738 legitur.
761 1702 778 1719 «
798 1684 1006 1726 Ecclesiae
1035 1684 1271 1740 antiquitus
1299 1685 1552 1728 constitutae
1578 1698 1658 1727 nec
1689 1683 1861 1727 decimis
1890 1697 1971 1726 nec
2005 1684 2096 1726 aliis
2124 1683 2459 1739 possessionibus
2487 1695 2568 1738 pro

291 1757 414 1798 novis
437 1755 637 1797 oratoriis
655 1756 920 1810 priventur.»
946 1756 1053 1797 Item
1074 1768 1125 1797 ex
1150 1755 1316 1811 legibus
1339 1756 1647 1812 imperatorum
1664 1755 1803 1799 Caroli
1823 1760 1867 1798 et
1887 1754 2096 1797 Ludovici
2118 1766 2213 1809 cap.
2233 1755 2322 1796 ·VI·
2346 1754 2571 1806 eQuicum·

291 1840 377 1882 que
411 1827 620 1869 decimam
651 1825 861 1868 abstrahit
889 1826 943 1869 de
975 1827 1176 1880 ecclesia,
1206 1827 1261 1870 ad
1293 1839 1423 1882 quam
1452 1839 1528 1883 per
1560 1826 1765 1869 iustitiam
1793 1826 1920 1869 debet
1954 1825 2072 1879 dari,
2105 1830 2147 1867 et
2175 1829 2354 1880 propter
2385 1824 2570 1880 quamli-

291 1898 366 1940 bet
402 1899 666 1940 occasionem
695 1897 750 1940 ad
787 1898 963 1940 alteram
996 1898 1215 1941 ecclesiam
1245 1891 1436 1952 dederit,
1468 1912 1494 1941 a
1520 1899 1675 1941 comite
1698 1897 1768 1941 vel
1793 1911 1818 1940 a
1843 1899 1971 1941 misso
2002 1901 2150 1939 nostro
2180 1896 2456 1951 distringatur
2474 1927 2487 1949 ‚
2520 1899 2569 1937 ut

291 1970 477 2012 ciusdem
507 1969 692 2011 decimae
725 1969 1004 2024 quantitatem
1036 1982 1134 2011 cum
1165 1959 1248 2012 sua⁰
1270 1970 1364 2024 lege
1396 1971 1606 2013 restituat.
1631 1990 1648 2006 »

412 2043 456 2083 3.
488 2043 608 2083 Patet
638 2038 771 2094 igitur
805 2053 855 2082 ex
877 2040 1077 2096 praefatis
1106 2041 1315 2096 legalibus
1345 2046 1388 2084 et
1416 2043 1669 2097 evangelicis
1701 2042 1940 2098 praeceptis
1957 2074 1969 2096 ‚
2005 2046 2047 2084 et
2075 2052 2350 2083 romanorum
2383 2040 2569 2095 impera-

291 2118 435 2155 torum
466 2111 849 2154 constitutionibus
867 2142 880 2164 ,
910 2111 1162 2155 christianos
1187 2113 1419 2156 saeculares
1447 2114 1738 2157 sacerdotibus
1769 2118 1811 2156 et
1843 2114 1922 2156 Dei
1949 2113 2152 2155 ministris
2178 2111 2411 2154 necessaria
2435 2123 2568 2166 prae-

292 2184 392 2226 bere
423 2183 607 2237 debere,
639 2187 688 2224 ut
717 2195 820 2224 cura
852 2186 895 2224 et
923 2182 1210 2226 sollicitudine
1237 2185 1530 2228 necessitatum
1563 2185 1847 2241 corporalium
1864 2216 1875 2238 ‚
1897 2185 1986 2227 sine
2017 2184 2172 2238 quibus
2204 2183 2306 2225 haec
2335 2185 2423 2224 vita
2448 2186 2570 2224 tran-

285 2255 371 2308 sigi
401 2267 488 2296 non
522 2258 666 2309 potest
684 2284 696 2307 ,
732 2253 906 2296 relevati
939 2253 1163 2297 liberiores
1191 2254 1294 2298 fiant
1325 2255 1378 2298 ad
1410 2255 1729 2299 meditationem
1762 2257 1930 2300 divinae
1951 2256 2057 2310 legis
2073 2289 2085 2310 ,
2114 2260 2157 2298 et
2185 2255 2404 2298 doctrinae
2431 2254 2569 2296 admi-

291 2326 583 2368 nistrationem
604 2355 616 2378 ‚
652 2328 781 2380 atque
815 2324 871 2367 ad
905 2324 1043 2367 divini
1073 2325 1268 2368 sacrificii
1289 2357 1301 2381 ,
1337 2330 1380 2369 et
1403 2327 1585 2370 aliorum
1614 2329 1694 2370 Dei
1721 2331 2083 2370 sacramentorum
2104 2339 2184 2381 pro
2217 2325 2374 2368 eisdem
2409 2324 2572 2366 exhibi-

286 2395 466 2440 tionem.
497 2398 592 2439 Non
622 2397 734 2439 enim
761 2408 889 2451 grave
915 2396 1005 2438 sive
1043 2409 1272 2439 onerosum
1303 2398 1432 2441 debet
1463 2398 1601 2441 videri
1633 2399 1864 2441 christiano
1900 2398 2090 2454 populo,
2127 2398 2163 2438 si
2193 2397 2401 2439 Dominus
2435 2396 2571 2437 omni·

290 2474 447 2524 potens
467 2468 674 2523 legalibus
701 2467 858 2510 veteris
886 2472 930 2510 et
961 2457 1225 2524 novaelegis
1246 2469 1456 2512 mandatis
1484 2470 1636 2524 iubet,
1669 2474 1718 2512 ut
1750 2471 2027 2513 sacrosanctis
2057 2469 2241 2511 ecclesiis
2267 2467 2323 2510 ad
2355 2467 2447 2509 eius
2474 2467 2570 2508 cul-

292 2546 383 2582 tum
412 2539 610 2582 decenter
643 2538 930 2581 exhibendum
960 2540 1246 2594 competentia
1270 2546 1518 2584 ornamenta
1538 2573 1550 2594 ‚
1584 2546 1626 2584 et
1659 2541 1952 2584 sacerdotibus
1981 2546 2024 2583 et
2044 2540 2194 2582 ceteris
2217 2540 2305 2581 eius
2336 2538 2539 2580 ministris
2558 2568 2574 2590 7

289 2615 310 2671 >⁷(
323 2615 479 2670 quibus
513 2618 694 2669 propter
721 2613 863 2656 divina
889 2616 1090 2669 mysteria
1118 2620 1205 2658 tam
1240 2617 1401 2672 populo
1435 2630 1562 2672 quam
1595 2618 1781 2660 ecclesiis
1807 2617 2094 2660 indesinenter
2127 2614 2388 2667 exhibenda,
2422 2615 2482 2655 rei
2506 2614 2571 2655 sa·-

292 2686 507 2728 familiaris
537 2697 681 2728 curam
715 2698 804 2727 non
834 2691 957 2728 vacat
984 2686 1162 2740 habere)
1199 2688 1324 2731 huius
1359 2689 1472 2731 vitae
1506 2689 1696 2732 subsidia
1727 2689 1965 2744 praebeat3
2000 2688 2103 2730 dum
2130 2687 2317 2740 legamus
2348 2697 2539 2740 paganos
2558 2715 2571 2736 ‚

294 2758 372 2812 qui
401 2769 550 2799 verum
579 2757 717 2798 Deum
747 2756 1006 2810 nescientes,
1029 2757 1133 2799 deos
1152 2757 1315 2812 ligneos
1337 2763 1379 2800 et
1403 2759 1593 2815 lapideos
1624 2760 1822 2802 colebant
1837 2790 1850 2813 ‚
1875 2759 2025 2801 talium
2047 2759 2224 2801 deorum
2244 2756 2399 2811 templa
2422 2755 2575 2797 decen-

293 2829 454 2871 tissime
484 2840 684 2880 ornasse,
717 2831 760 2869 et
790 2827 1085 2870 sacerdotibus
1113 2829 1360 2872 eorumdem
1389 2830 1599 2873 honorem
1629 2832 1859 2873 maximum
1889 2834 1933 2872 et
1963 2842 2160 2885 quaeque
2190 2829 2422 2870 necessaria
2447 2839 2575 2882 prae-

292 2900 453 2941 buisse.
487 2899 663 2951 Legitur
692 2898 804 2940 enim
833 2897 878 2939 in
909 2898 1052 2952 genesi
1072 2929 1084 2951 ,
1117 2898 1242 2940 famis
1271 2903 1465 2954 tempore
1495 2901 1658 2943 cunctis
1689 2901 1912 2956 Aegyptiis
1940 2904 2121 2955 propter
2151 2898 2338 2953 inopiam
2360 2910 2455 2939 suas
2475 2909 2576 2950 pos-

292 2972 499 3014 sessiones
528 2970 743 3012 Pharaoni
763 2970 853 3023 regi
874 2969 1176 3021 vendentibus,
1201 2970 1381 3012 eundem
1410 2971 1702 3014 sacerdotibus
1722 2971 1939 3014 idolorum
1962 2976 2159 3023 suorum,
2185 2982 2239 3011 ne
2263 2968 2456 3011 similiter
2478 2980 2576 3009 suas

295 3042 586 3098 possessiones
603 3040 788 3084 vendere
809 3045 1064 3095 cogerentur
1076 3073 1089 3095 ,
1114 3040 1362 3084 sufficientia
1382 3043 1627 3098 praebuisse
1647 3043 1861 3086 alimenta.
1881 3043 1949 3085 Ab
1972 3055 2024 3101 eo
2043 3047 2251 3096 tempore,
2271 3040 2469 3083 omnibus
2490 3041 2575 3080 Ae·

291 3114 453 3168 gyptiis
481 3112 607 3166 legali
637 3112 856 3154 sanctione
887 3113 1104 3154 annuatim
1144 3113 1335 3167 quintam
1370 3113 1585 3156 fructuum
1620 3119 1785 3170 partem
1817 3114 1990 3168 regibus
2026 3118 2161 3156 terrae
2201 3110 2540 3167 persolventibus
2558 3142 2573 3163 ‚

292 3183 585 3227 sacerdotibus
615 3187 773 3225 terram
802 3183 856 3225 ab
887 3183 1136 3226 huiusmodi
1167 3185 1459 3228 exactionibus
1498 3198 1665 3242 semper
1704 3186 1877 3230 liberam
1917 3187 2164 3241 perstitisse.
2190 3204 2207 3220 u
2251 3185 2359 3226 Item
2389 3183 2431 3224 in
2461 3182 2576 3223 libro

294 3255 652 3298 machabaeorum
681 3253 861 3307 legitur,
894 3253 1016 3308 quod
1047 3266 1167 3308 reges
1198 3260 1241 3297 et
1270 3256 1484 3312 principes
1514 3258 1702 3311 gentium
1731 3271 1820 3300 non
1849 3261 2015 3300 tantum
2050 3268 2224 3299 suorum
2255 3255 2434 3297 deorum
2465 3257 2575 3294 teui-

302 3326 420 3381 plum
438 3356 450 3378 ,
483 3325 558 3367 sed
591 3324 711 3379 quod
741 3324 865 3366 valde
895 3324 1135 3383 mirandum
1164 3331 1250 3380 est,
1276 3329 1470 3382 quamvis
1498 3329 1635 3371 Deum
1664 3330 1810 3372 vivum
1840 3341 1928 3371 non
1959 3328 2181 3379 colerent,
2203 3333 2346 3369 tamen
2366 3324 2573 3380 templum

292 3397 386 3438 eius
417 3395 724 3450 Hierosolymis
763 3395 892 3437 situm
928 3407 1094 3438 summo
1133 3396 1299 3439 honore
1337 3397 1514 3452 dignum
1553 3399 1786 3454 ducerent,
1819 3404 1862 3442 et
1891 3400 2083 3442 maximis
2112 3398 2359 3441 muneribus
2388 3396 2574 3438 illustra-

297 3471 394 3509 rent
412 3497 424 3519 ,
457 3467 517 3508 ita
546 3470 595 3508 ut
626 3466 825 3508 Seleucus
855 3467 976 3509 Asiae
1005 3479 1079 3508 rex
1111 3467 1164 3510 de
1194 3467 1403 3511 reditibus
1431 3471 1517 3512 suis
1552 3475 1781 3525 praestaret
1811 3483 1958 3513 omnes
1986 3475 2179 3526 sumptus
2209 3470 2264 3513 ad
2298 3468 2574 3511 ministerium

301 3537 606 3579 sacrificiorum
637 3537 910 3592 pertinentes.
936 3536 1117 3580 Videant
1144 3539 1289 3595 itaque
1319 3539 1535 3582 christiani
1558 3540 1667 3596 quid
1693 3542 1774 3597 ipsi
1796 3543 1888 3585 Deo
1908 3555 1986 3586 suo
2006 3546 2049 3585 et
2070 3542 2272 3585 ministris
2291 3540 2378 3582 eius
2398 3538 2574 3588 faciant,

297 3609 335 3649 si
366 3607 546 3662 gentiles
567 3619 655 3649 non
687 3608 827 3651 solum
858 3607 939 3651 diis
969 3612 1012 3651 et
1041 3607 1332 3652 sacerdotibus
1362 3609 1447 3652 suis
1465 3639 1478 3665 ‚
1500 3608 1574 3653 sed
1605 3609 1729 3654 etiam
1760 3612 1852 3654 Deo
1882 3611 2067 3667 viventi,
2093 3623 2219 3667 quem
2240 3621 2326 3652 nou
2350 3607 2573 3659 colebant,

223 3702 226 3703 ν
298 3679 398 3721 talia
429 3678 675 3722 exhibuere.

2609 2050 2678 2080 ood-
2699 2050 2719 2078 ί.
2742 2053 2803 2080 153.
