2996 4432
1242 264 1487 301 noxizoms.
2445 251 2509 298 39

233 362 627 414 Coronatorum
647 397 660 422 ,
689 373 825 427 quae
850 353 1017 406 multo
1054 363 1300 424 tempore
1334 350 1571 404 latebant
1595 349 1881 421 incognita.
1913 351 1978 402 Et
2017 351 2104 403 hic
2144 352 2400 423 martyrio
2425 358 2506 404 co·

235 455 456 496 ronatus
492 453 590 494 est.
1119 444 1127 446 “

343 529 431 598 94.
474 525 717 578 Silvester
742 522 954 574 natione
980 538 1232 572 romanus
1252 527 1378 592 post
1402 517 1549 569 hunc
1571 533 1840 567 romanam
1867 516 2181 586 gubernavit
2211 519 2498 571 ecclesiam.

239 611 412 662 Huius
439 606 769 679 temporibus
788 604 1202 665 Constantinus,
1233 601 1330 673 qui
1358 599 1723 652 monarchiam
1752 600 1966 652 tenebat
1995 602 2224 673 imperii,
2257 603 2503 675 baptismi

236 693 431 763 legitur
467 689 755 760 suscepisse
779 698 1151 752 vsacramenta3
1192 685 1285 738 sed
1322 683 1453 757 quia
1490 681 1557 735 de
1594 683 1709 735 eius
1753 682 2014 754 baptismo
2058 687 2200 738 varie
2244 688 2506 757 scriptura

235 775 558 846 pronunciat
588 773 665 841 1),
693 770 977 823 dicendum
1001 769 1130 821 mihi
1165 768 1379 822 videtur
1411 765 1547 839 quid
1572 765 1809 818 diversae
1844 768 2136 838 scripturae
2160 771 2389 823 sentiant
2409 813 2423 836 ,
2454 783 2507 823 et

238 860 325 910 cui
362 858 523 927 magis
555 854 685 908 fides
720 855 789 907 sit
824 852 1146 907 adhibenda.
1187 853 1251 904 In
1275 849 1528 903 decretali
1555 849 1778 921 epistola
1810 849 2051 915 Eusehii,
2084 853 2218 925 sie-ut
2247 854 2364 924 ipso
2392 873 2506 906 nar-

238 953 391 993 rante
427 939 773 1011 cognovimus
790 979 804 1002 ,
845 937 1073 1006 legimus⁸
1102 934 1346 988 eumdem
1373 932 1675 1005 principem
1705 942 1827 1004 post
1854 933 2127 985 victoriam
2155 935 2470 1006 Scytharum
2487 978 2502 1000 ,

239 1025 335 1094 qui
365 1033 687 1075 transmeato
724 1019 975 1072 Danubio
1013 1019 1267 1071 Thracias
1303 1027 1674 1082 vastaverant,
1714 1016 1916 1069 venisse
1950 1018 2202 1083 Romam,
2236 1032 2288 1071 et
2312 1020 2379 1072 ab
2411 1022 2509 1071 Eu-

241 1107 389 1160 sebio
426 1124 647 1159 romano
683 1105 937 1176 episcopo
975 1103 1384 1164 catechizatum,
1424 1120 1541 1154 non
1575 1111 1752 1152 tamen
1786 1099 2142 1171 baptizatum;
2178 1103 2419 1172 quamvis
2452 1104 2506 1154 in

241 1190 421 1242 multis
455 1189 731 1242 codicibus
768 1188 896 1239 vitio
932 1188 1252 1259 scriptorum
1289 1186 1620 1257 reperiatur,
1644 1183 1889 1236 eundem
1924 1191 1956 1236 a
1986 1186 2224 1256 praefato
2257 1187 2509 1257 pontifice

243 1273 604 1344 baptizatum;
646 1270 798 1342 quod
835 1271 1023 1322 falsum
1061 1289 1173 1322 esse
1196 1309 1210 1332 ,
1250 1270 1375 1322 satis
1411 1267 1688 1321 evidenter
1723 1279 1965 1338 apparet.
2004 1269 2139 1334 Quis
2172 1270 2312 1348 enini
2359 1282 2508 1322 tanto
2556 1293 2667 1324 coar.
2688 1294 2783 1324 311),

243 1357 487 1428 principe
522 1356 820 1427 baptizato,
860 1353 1082 1406 auderet
1117 1353 1418 1405 christianis
1454 1370 1639 1404 necem
1675 1351 1900 1414 inferre,
1940 1362 1993 1403 et
2027 1351 2202 1421 ipsum
2233 1371 2510 1404 romanum

246 1440 580 1511 pontificem,
621 1436 967 1490 Melchiadem
1004 1436 1248 1498 nomine,
1290 1435 1565 1505 iugulare?
1600 1436 1668 1487 Et
1703 1434 1854 1486 cuius
1891 1446 2004 1487 erat
2037 1435 2364 1507 Tarquinius
2409 1437 2509 1488 nisi

245 1523 451 1575 romani
490 1521 833 1592 imperatoris
850 1520 1148 1591 praefectus
1167 1560 1180 1583 ,
1214 1519 1309 1589 qui
1335 1519 1678 1571 Timotheum
1703 1518 2190 1571 christianissimum
2220 1520 2376 1571 variis
2402 1531 2513 1571 tor-

245 1605 436 1657 mentis
473 1605 770 1666 interemit,
810 1616 862 1656 et
897 1603 1204 1655 Silvestrum
1241 1600 1476 1654 eiusdem
1512 1601 1778 1653 Timothei
1800 1601 2067 1672 ‘hospitem
2098 1602 2343 1654 carcerali
2372 1621 2513 1654 man·

248 1689 446 1759 cipavit
467 1687 775 1740 custodiae?
801 1688 867 1739 Et
893 1687 1043 1738 cuius
1068 1687 1462 1757 persecutiones
1488 1685 1694 1756 fugiens
1715 1685 1960 1738 Silvester
1982 1686 2265 1758 episcopus
2288 1687 2344 1738 in
2369 1705 2513 1739 mon·

247 1784 302 1825 te
335 1771 550 1824 Soracte
587 1773 609 1796 ⁴¹
643 1772 898 1823 latebram
946 1771 1203 1823 fovebat?
1237 1771 1381 1836 Quia
1418 1788 1544 1822 vero
1582 1770 1756 1839 regius
1791 1769 1997 1820 animus
2043 1770 2197 1822 variis
2232 1770 2514 1841 implicitus
2561 1789 2804 1826 ·entsirapti-

249 1856 390 1908 curis
427 1874 525 1927 per
559 1855 726 1907 multa
762 1854 1094 1917 ostenditur,
1144 1875 1174 1906 a
1210 1854 1367 1906 beato
1413 1853 1648 1905 Eusebio
1684 1853 2034 1922 catechizatus
2079 1853 2280 1906 distulit
2316 1855 2516 1924 baptis-

250 1959 433 2007 mum3
471 1938 620 2010 quod
659 1951 844 2010 postea
881 1938 1062 1991 divina
1099 1939 1308 1990 favente
1344 1938 1511 2007 gratia
1534 1976 1548 1998 ,
1590 1937 1912 1989 revelatione
1948 1938 2308 2008 apostolorum
2345 1938 2520 1991 admo·

250 2024 424 2087 nituS‚
465 2023 746 2074 occasione
782 2021 1180 2092 recuperandae
1217 2021 1400 2073 salutis
1437 2039 1467 2072 a
1503 2020 1661 2072 beato
1697 2019 1946 2072 Silvestro
1986 2021 2276 2092 (suscepit.)
2316 2023 2380 2073 Et
2415 2023 2519 2074 boc

251 2107 323 2157 ita
359 2123 470 2157 esse
507 2104 872 2156 indubitanter
914 2105 1173 2156 catholica
1210 2104 1377 2157 credit
1413 2104 1647 2157 ecclesia.
1687 2103 1826 2155 Illud
1861 2122 1988 2156 vero
2025 2104 2172 2175 quod
2209 2105 2266 2158 in
2302 2106 2520 2158 historia

252 2189 519 2262 tripartita
553 2189 774 2257 legitur,
815 2207 937 2240 eum
974 2207 1146 2259 usque
1182 2188 1248 2240 ad
1286 2199 1506 2240 mortem
1545 2186 1805 2239 distulisse
1841 2187 2129 2257 baptisma,
2169 2189 2302 2240 etin
2330 2189 2520 2241 Nicaea

0 2296 10 2355 f
253 2270 463 2322 civitate
499 2269 778 2340 Bithyniae
814 2271 867 2322 in
907 2271 1113 2322 arriana
1150 2271 1255 2323 fide
1291 2272 1643 2342 baptizatum,
1685 2271 1991 2322 mirabiliter
2027 2271 2278 2323 abhorret
2308 2291 2337 2323 a
2373 2291 2518 2324 vero.

254 2353 391 2419 Quis
425 2354 567 2405 enim
603 2353 705 2405 nisi
741 2364 918 2405 mente
954 2365 1139 2424 captus
1176 2353 1462 2407 crediderit
1497 2366 1703 2406 tan'tum
1747 2355 1954 2418 virum,
2004 2354 2118 2406 sub
2150 2374 2261 2426 quo
2309 2355 2524 2407 nicaena

254 2436 495 2507 synodus
532 2447 889 2489 trecentorum
919 2437 1007 2488 ·X·
1038 2449 1091 2490 et
1120 2438 1285 2489 ·V111·-
1315 2450 1619 2490 sanctorum
1655 2448 1896 2509 patrum,
1942 2438 1999 2488 in
2037 2456 2145 2508 qua
2180 2437 2310 2490 fides
2346 2450 2526 2491 nostra

259 2520 471 2572 recitata
507 2531 615 2582 est,
657 2531 711 2572 et
748 2521 937 2572 Arrius
973 2539 1095 2572 cum
1132 2522 1242 2572 suis
1279 2521 1629 2593 complicibus
1662 2520 1980 2591 dampnatus
2015 2532 2122 2586 est,
2152 2523 2318 2573 errori
2343 2540 2396 2573 se
2421 2522 2529 2574 vel-

256 2603 306 2654 le
336 2603 638 2673 mancipare
675 2602 963 2674 dampnato
985 2644 998 2667 ,
1039 2603 1265 2656 maxime
1302 2623 1420 2656 eum
1459 2604 1675 2655 Arrium
1705 2604 1859 2655 sciret
1896 2615 2196 2655 sanctorum
2234 2616 2444 2675 patrum
2477 2615 2530 2655 et

259 2703 353 2737 sua
383 2685 1064 2757 auctoritatedampnatum
1082 2727 1094 2748 ,
1126 2698 1178 2738 et
1202 2687 1667 2757 Constantinopoli
1694 2687 1791 2737 Dei
1817 2686 2014 2739 iudicio
2038 2687 2335 2757 turpissima
2360 2698 2528 2738 morte

259 2769 611 2821 mulctatum?
634 2768 737 2821 Sed
778 2769 1055 2843 iam-nunc
1088 2768 1157 2821 ad
1190 2770 1465 2841 proposita
1496 2781 1838 2822 revertamur.
1881 2770 1981 2821 Hic
2013 2771 2343 2841 privilegium
2377 2789 2407 2822 a
2443 2789 2530 2822 ve·

259 2851 483 2903 nerabili
519 2852 713 2903 meruit
744 2852 1096 2904 Constantino
1133 2853 1461 2923 evangelicae
1499 2853 1704 2905 veritati
1735 2852 2097 2914 concordans,
2136 2864 2196 2904 ut
2219 2871 2403 2904 omnes
2428 2854 2531 2924 epi·

260 2934 408 3004 scopi
444 2953 666 2986 romano
705 2935 812 2985 sint
848 2935 1069 2986 subiecti
1097 2936 1373 2999 Pontifici,
1408 2948 1469 2988 ut
1495 2954 1679 2987 omnes
1704 2935 1906 2987 iudices
1931 2936 2253 3005 imperatori.
2284 2937 2386 2987 Hic
2410 2955 2531 2987 con-

261 3017 431 3068 stituit
467 3028 526 3068 ut
563 3034 815 3068 romanus
851 3017 1062 3088 praesul
1099 3036 1129 3069 a
1166 3019 1315 3070 nullo
1352 3017 1645 3070 iudicetur:
1682 3030 1735 3070 et
1767 3030 1825 3070 ut
1850 3019 2128 3089 presbyter
2153 3038 2262 3071 non
2291 3019 2533 3072 condem-

261 3111 460 3170 pnetur
488 3100 595 3153 nisi
631 3100 734 3152 sub
777 3100 1130 3171 quadraginta
1165 3103 1378 3153 testium
1415 3113 1557 3154 certa
1594 3101 2062 3171 comprobatione:
2108 3114 2160 3154 et
2207 3114 2269 3154 ut
2316 3103 2533 3155 minoris

262 3181 467 3233 ordinis
504 3183 695 3254 aliquis
732 3184 983 3235 maiorem
1019 3202 1075 3235 se
1110 3202 1222 3234 non
1259 3185 1428 3254 possit
1463 3203 1736 3236 accusare:
1778 3197 1831 3237 et
1868 3196 1929 3236 ut
1954 3185 2175 3237 clericus
2200 3185 2347 3257 apud
2374 3187 2534 3238 laicos

235 3284 374 3320 111011
412 3265 710 3318 iudicetur:
752 3278 806 3319 et
842 3278 901 3319 ut
936 3267 1218 3338 presbyter
1253 3267 1529 3320 chrismate
1565 3268 1715 3320 liniat
1743 3268 2066 3339 baptizatum
2093 3270 2149 3320 in
2179 3270 2374 3322 vertice
2395 3311 2408 3333 ‚
2443 3269 2537 3322 sed

266 3347 417 3418 quod
454 3349 522 3399 ab
558 3349 812 3419 episcopo
841 3362 1206 3402 consecratum
1234 3361 1329 3402 est.
1364 3351 1463 3402 Hic
1489 3350 1778 3403 dalmaticis
1803 3353 2071 3423 praecepit
2098 3353 2174 3404 uti
2203 3354 2257 3405 in
2287 3354 2532 3422 ecclesia:

265 3442 318 3482 et
350 3431 403 3481 in
428 3431 654 3483 concilio
680 3430 825 3502 apud
850 3432 1097 3484 Nicaeam
1124 3431 1304 3485 habito
1332 3433 1497 3485 Hosio
1523 3433 1844 3486 cordubensi
1868 3435 1937 3486 ab
1965 3435 2239 3506 Hispania,
2262 3447 2314 3489 et
2332 3436 2536 3488 Victori

267 3512 336 3563 ab
374 3513 548 3576 Italia,
589 3513 727 3566 vices
763 3515 1023 3567 concessit
1057 3515 1390 3585 apostolicas,
1424 3517 1487 3567 Et
1515 3516 1763 3569 dormivit
1799 3518 1856 3569 in
1895 3538 2024 3590 pace
2047 3559 2060 3582 ,
2102 3532 2154 3571 et
2189 3520 2426 3592 sepultus
2461 3530 2539 3570 est

270 3597 465 3647 Romae
503 3596 650 3648 iuxta
686 3597 941 3668 palatium
979 3598 1258 3651 Octaviani
1297 3598 1364 3651 ad
1400 3599 1577 3651 locum
1613 3601 1707 3672 qui
1743 3599 1941 3654 dicitur
1977 3603 2171 3674 Caput.

0 2141 4 2158 l

0 2171 13 2295 ἐ,

0 2392 6 2404 s

358 3753 391 3790 1)
417 3750 471 3785 De
500 3749 737 3787 Constantini
762 3749 948 3799 baptismo
973 3756 1077 3789 vetus
1099 3757 1137 3790 et
1162 3752 1357 3790 notissima
1382 3753 1552 3802 quaestio
1575 3759 1655 3809 est:
1682 3765 1751 3793 nos
1776 3755 1856 3794 eius
1882 3756 2164 3803 defensoribus,
2189 3767 2321 3804 nempe
2342 3754 2442 3804 quod
2470 3757 2543 3792 Ro·
2620 3793 2625 3799 ,

272 3817 354 3843 mae
373 3818 392 3843 a
412 3808 451 3844 S.
469 3808 645 3846 Silvestre
664 3810 746 3847 eius
770 3811 993 3848 sacramenti
1015 3811 1173 3858 gratiam
1197 3812 1424 3859 susceperit,
1447 3811 1542 3850 duos
1566 3813 1668 3851 nunc
1683 3813 1934 3863 'gadiungimus
1956 3828 2090 3864 nempe
2112 3817 2268 3855 latinum
2292 3815 2519 3854 Bouizonem
2533 3843 2546 3861 ,

270 3871 309 3903 et
338 3877 535 3913 graecum,
563 3878 674 3917 quem
700 3874 825 3916 postea
854 3869 1115 3918 vulgabimus,
1144 3881 1376 3921 anonymum
1408 3872 1533 3920 magni
1561 3873 1794 3912 Constantini
1818 3874 2080 3924 biographum.
