2996 4432
538 238 554 282 l
570 238 627 283 12
1462 247 1592 280 caan.
1629 248 1869 283 ncusnnnn·

527 336 680 390 ctionis
709 333 986 377 adscribatur.
1019 332 1063 376 Si
1093 332 1189 389 quis
1218 335 1551 387 contravenerit,
1582 340 1685 392 post
1711 335 1879 379 debitae
1908 335 2082 381 ultionis
2110 340 2408 395 acrimoniam,
2440 353 2550 399 quae
2578 357 2682 402 erga
2716 360 2786 392 sa·-

526 410 707 462 crilegos
735 407 827 448 iure
856 404 1093 461 promenda
1122 409 1203 457 est,
1232 405 1359 448 exilio
1381 410 1590 462 perpetuo
1611 411 1772 450 utatur.
1786 406 1952 449 Datum
1975 408 2108 452 ·VIII·
2130 409 2220 454 kal.
2241 412 2388 458 iunii.»
2415 413 2525 457 Item
2547 427 2598 458 ex
2618 417 2785 474 legibus

526 477 666 522 Caroli
694 477 979 532 imperatoris.
1019 495 1037 513 «ι
1056 476 1366 531 Praecipientes
1383 477 1578 522 iubemus
1593 509 1606 533 ,
1626 483 1675 521 ut
1694 478 1834 520 nullus
1854 481 1943 521 tam
1971 476 2128 525 nostris
2157 495 2285 538 quam
2314 485 2467 528 futuris
2488 489 2782 548 temporibus,

527 563 552 592 a
580 547 706 591 nobis
736 547 806 590 vel
834 547 1147 590 successoribus
1177 547 1333 602 nostris
1348 579 1361 602 ,
1392 547 1482 590 ullo
1512 560 1703 603 unquam
1732 551 1927 603 tempore
1955 549 2114 606 absque
2143 565 2349 597 consensu
2379 560 2422 598 et
2450 555 2668 602 voluntate
2696 561 2784 615 epi-

526 631 757 675 scoporum
777 651 788 673 ,
822 620 866 660 in
897 630 1084 673 quorum
1113 617 1331 673 parochiis
1362 630 1450 661 esse
1479 622 1738 672 noscuntur,
1758 630 1827 661 res
1857 619 2128 664 ecclesiarum
2155 628 2299 678 petere
2313 655 2327 679 ‚
2357 630 2430 668 aut
2458 627 2655 671 invadere
2669 659 2681 682 ,
2712 631 2781 673 vel

525 697 690 735 vastare
710 723 722 745 ,
764 695 838 734 aut
878 702 1152 746 quocumque
1188 690 1360 745 ingenio
1399 690 1582 732 alienare
1618 693 1874 744 praesumat.
1918 689 2045 743 Quod
2079 691 2119 734 ‘si
2157 693 2252 746 quis
2288 695 2435 739 fecerit
2455 729 2469 750 ,
2500 701 2588 740 tam
2626 700 2782 746 nostris

526 776 654 818 quam
683 767 726 805 et
756 773 1044 804 successorum
1078 764 1325 804 nostrorum
1361 759 1579 802 iudicibus
1615 760 1684 802 vel
1711 761 1940 805 comitibus
1955 793 1968 817 ,
2000 764 2110 805 sicut
2146 763 2376 819 sacrilegus
2406 772 2449 810 et
2476 768 2688 813 homicida
2716 771 2781 813 le—
2803 806 2807 811 ,

524 834 675 888 galiter
703 834 902 889 puniatur
918 863 930 887 ,
963 837 1006 876 et
1036 832 1332 889 ah-episcopis
1361 831 1761 886 anathematizetur,
1791 832 1853 875 ita
1881 836 1931 877 ut
1958 837 2154 876 mortuus
2182 834 2313 876 etiam
2351 839 2566 891 sepultura
2596 853 2645 882 ac
2673 855 2779 885 cun.-

524 905 604 947 ctis
633 905 710 946 Dei
738 904 932 946 ecclesiae
960 903 1158 960 precibus
1182 909 1225 947 et
1244 902 1533 946 oblationibus
1553 907 1693 945 careat
1706 934 1718 957 ,
1740 915 1821 947 nec
1842 903 2148 960 eleemosynam
2166 918 2286 948 suam
2308 907 2528 963 quisquam
2549 911 2738 966 recipiat.
2757 933 2775 950 »

643 977 688 1018 8.
720 975 795 1017 His
826 975 879 1017 de
908 975 1107 1030 praefatis
1135 980 1318 1030 quatuor
1347 974 1550 1029 Capitulis
1575 973 1634 1016 ita
1660 975 1928 1029 pertractatis
1946 1007 1959 1030 ,
1981 975 2088 1019 libet
2112 977 2157 1020 in
2187 977 2300 1019 calce
2322 977 2447 1021 huius
2477 982 2696 1037 opusculi,
2730 987 2779 1025 ut

525 1046 769 1089 obstruatur
799 1058 848 1088 os
875 1046 1141 1101 loquentium
1168 1045 1312 1099 iniqua
1326 1076 1338 1099 ,
1372 1043 1586 1100 quaedam
1615 1043 1669 1087 de
1698 1049 1943 1089 sanctorum
1974 1058 2184 1090 canonum
2213 1049 2466 1091 auctoritate
2495 1049 2748 1106 subiungere
2762 1084 2778 1107 ,

455 1138 458 1141 ·
523 1129 708 1172 quorum
737 1116 1060 1172 adstipulatione
1090 1114 1430 1173 confirmabimus
1459 1127 1508 1157 ea
1536 1127 1645 1170 quae
1674 1115 1720 1159 in
1740 1116 1825 1159 hoc
1848 1116 1994 1160 libello
2026 1122 2176 1161 contra
2205 1119 2462 1163 simoniacos
2491 1125 2534 1163 et
2561 1120 2780 1166 invasores

284 2263 351 2294 cod.
369 2263 390 2294 f.
409 2267 469 2295 160.

523 1193 567 1231 et
595 1189 782 1244 reliquos
811 1188 1096 1230 schismaticos
1111 1218 1123 1241 ,
1155 1188 1246 1229 Deo
1275 1180 1520 1242 praestante
1538 1217 1551 1240 ,
1582 1188 1889 1240 peroravimus.
1923 1188 1975 1230 In
2005 1188 2188 1244 epistola
2216 1189 2390 1232 Damasi
2419 1203 2552 1246 papae
2573 1191 2630 1234 ad
2646 1192 2781 1234 Aure-

520 1261 626 1303 lium
655 1260 1028 1313 carthaginiensem
1058 1260 1320 1315 episcopum.
1353 1277 1370 1295 a
1389 1259 1626 1314 Violatores
1647 1271 1860 1302 canonum
1877 1259 2064 1315 graviter
2086 1273 2110 1304 a
2128 1261 2284 1304 sanctis·
2300 1262 2493 1318 patribus
2510 1263 2778 1318 iudicantur,
2844 1272 2845 1275 ’

521 1337 564 1374 et
586 1345 610 1374 a
631 1336 774 1375 sancto
806 1332 983 1386 Spiritu,
1009 1330 1128 1373 cuius
1156 1330 1359 1374 instinctu
1388 1342 1436 1372 ac
1467 1329 1583 1372 dono
1614 1329 1777 1373 conditi
1805 1335 1928 1385 sunt,
1959 1331 2318 1387 condemnantur3
2348 1334 2551 1388 quoniam
2580 1334 2781 1389 blasphe-

519 1415 636 1445 mare
656 1403 854 1458 Spiritum
870 1406 1060 1445 sanctum
1077 1413 1165 1444 non
1185 1402 1419 1456 incongrue
1438 1402 1660 1460 videntur,
1678 1401 1754 1457 qui
1772 1405 1923 1444 contra
1944 1401 2115 1444 eosdem
2138 1406 2304 1446 sanctos
2325 1415 2507 1446 canones
2526 1416 2614 1446 non
2636 1416 2780 1447 neces-

520 1474 644 1515 sitate
673 1472 907 1527 compulsi,
933 1472 1007 1515 sed
1026 1471 1208 1514 libenter
1236 1475 1297 1514 ut·
1313 1471 1546 1527 praefixum
1576 1472 1661 1526 est,
1683 1471 1846 1528 aliquid
1863 1476 1936 1515 aut
1956 1477 2155 1528 proterve
2178 1477 2310 1528 agunt
2325 1504 2337 1527 ,
2361 1478 2434 1516 aut
2461 1474 2582 1529 loqui
2601 1486 2778 1529 praesu-

518 1548 663 1598 munt,
695 1547 768 1586 aut
796 1543 933 1586 facere
963 1543 1204 1586 volentibus
1224 1548 1377 1599 sponte
1398 1544 1683 1587 consentiunt.
1705 1543 1841 1587 Idem.
1861 1545 2023 1587 Statuta
2050 1543 2162 1587 sedis
2191 1544 2469 1600 apostolicae,
2492 1549 2536 1588 et
2564 1558 2777 1588 canonum

517 1615 767 1658 venerabilia
798 1615 964 1659 decreta
992 1616 1098 1659 nulli
1117 1615 1327 1659 sacerdoti
1342 1615 1516 1658 Domini
1533 1615 1730 1670 ignorare
1750 1616 1807 1658 sit
1823 1613 2019 1658 liberum.
2042 1633 2073 1652 ι».
2086 1616 2293 1658 Gelasius.
2324 1634 2341 1652 α
2358 1615 2461 1667 Quis
2481 1616 2594 1659 enim
2614 1621 2688 1658 aut
2715 1616 2778 1673 le-

517 1698 621 1740 gem·
642 1686 907 1741 principum,
929 1690 1002 1729 aut
1030 1691 1200 1741 patrum
1229 1685 1396 1742 regulas
1415 1717 1428 1740 ,
1461 1690 1535 1729 aut
1564 1686 1875 1729 admonitiones
1904 1686 2127 1729 modernas
2142 1719 2156 1741 ‚
2188 1686 2317 1730 ducat
2346 1686 2501 1730 debere
2531 1688 2776 1741 contemni,

515 1759 595 1800 nisi
625 1758 698 1813 qui
726 1758 982 1813 impunitum
1012 1758 1094 1800 sibi
1122 1762 1289 1800 tantum
1319 1759 1509 1800 aestimet
1537 1758 1714 1800 transire
1736 1757 2035 1800 commissum?
2056 1759 2109 1800 Et
2127 1759 2300 1800 iterum.
2323 1759 2505 1813 Semper,
2525 1758 2776 1802 consti-tutio

515 1834 688 1882 generat
702 1833 898 1872 temerata
918 1829 1189 1872 vindictam.»
1212 1829 1376 1871 Primus
1394 1841 1500 1885 papa
1514 1830 1599 1872 Leo
1622 1829 1867 1885 aquileiensi
1889 1829 2108 1885 episcopo.
2136 1831 2201 1872 «Si
2223 1831 2319 1885 quis
2337 1830 2602 1873 sacerdotum
2623 1835 2774 1874 contra

514 1903 667 1942 statuta
686 1901 827 1943 venire
842 1900 1088 1954 tentaverit,
1110 1904 1152 1942 et
1168 1899 1388 1955 prohibita
1407 1913 1533 1943 ausus
1550 1900 1679 1944 fuerit
1696 1899 1938 1955 admittere,
1956 1913 1981 1944 a
1998 1913 2084 1943 suo
2100 1913 2143 1943 se
2162 1902 2330 1944 noverit
2349 1901 2495 1944 officio
2513 1902 2774 1945 submoven-

514 1970 633 2013 dum.
651 1989 667 2007 »
701 1972 869 2015 Hilarus
896 1983 1022 2028 papa.
1062 1990 1077 2007 «
1094 1972 1188 2014 Non
1219 1972 1357 2014 minus
1379 1971 1426 2013 in
1447 1976 1688 2015 sanctarum
1705 1971 1985 2015 traditionum
2007 1971 2268 2026 delinquitur
2289 1974 2525 2015 sanctiones
2541 2004 2553 2026 ,
2577 1986 2705 2029 quam
2727 1976 2775 2018 in

512 2041 644 2096 ipsius
662 2043 835 2085 Domini
854 2043 1049 2085 iniuriam
1070 2043 1302 2099 prosilitur.
1328 2044 1434 2085 Item
1454 2031 1582 2086 idem.
1604 2044 1692 2086 Nec
1712 2047 1878 2086 tantum
1898 2043 2055 2098 putetis
2078 2043 2303 2098 petitiones
2326 2044 2463 2086 valere
2483 2045 2770 2100 populorum,

512 2125 608 2155 cum
631 2113 696 2156 his
715 2126 864 2169 parere
894 2115 1047 2180 cupitis
1062 2145 1074 2168 ,
1095 2118 1144 2156 ut
1160 2115 1423 2157 voluntatem
1443 2116 1522 2157 Dei
1542 2115 1705 2167 nostri,
1727 2127 1836 2171 quae
1858 2127 1936 2157 nos
1954 2127 2129 2171 peceare
2150 2115 2352 2170 prohibet
2365 2146 2376 2168 ,
2401 2114 2622 2159 deseratis:
2648 2118 2772 2160 cuius

493 2184 747 2239 indignatio
779 2198 829 2228 ex
857 2186 944 2228 hoc
972 2186 1138 2242 gravius
1168 2190 1483 2241 commovetur,
1510 2198 1597 2241 quo
1627 2185 1865 2240 benignitas
1894 2185 1985 2228 eius
2015 2185 2117 2228 dum
2147 2185 2255 2229 fiunt
2283 2186 2429 2229 illicita
2447 2217 2460 2241 ‚
2483 2199 2561 2242 per
2591 2199 2664 2230 eos
2696 2182 2774 2244 qui

512 2260 611 2298 sunt
638 2250 888 2311 interpretes
918 2256 1166 2312 placationis
1189 2257 1437 2300 offenditur.
1466 2278 1481 2293 »
1508 2256 1747 2300 Hadrianus
1768 2269 1878 2313 papa
1896 2257 2173 2312 Angilramno
2194 2257 2412 2313 episcopo.
2442 2276 2459 2294 «
2482 2258 2669 2302 Generali
2695 2259 2771 2302 de-
2811 2275 2814 2277 ·

515 2331 630 2369 creto
663 2328 958 2370 constituimus
988 2331 1037 2370 ut
1067 2327 1347 2371 execrandum
1378 2328 1595 2371 anathema
1623 2327 1724 2382 fiat,
1749 2332 1792 2370 et
1812 2328 1927 2370 velut
1947 2328 2260 2388 praevaricator
2288 2329 2519 2371 catholicae
2539 2328 2639 2371 fidei
2657 2341 2768 2371 sem-

514 2410 591 2453 per
619 2398 733 2453 apud
762 2399 898 2440 Deum
927 2411 1022 2441 reus
1057 2399 1227 2452 existat,
1261 2399 1518 2454 quicumque
1553 2411 1702 2453 regum
1730 2397 1797 2441 vel
1825 2402 2052 2454 potentum
2080 2398 2276 2453 deinceps
2307 2409 2516 2439 canonum
2546 2410 2766 2441 censuram

513 2470 558 2510 in
590 2481 859 2524 quocumque
890 2469 1116 2512 crediderit
1146 2470 1219 2511 vel.
1242 2470 1476 2524 permiserit
1505 2469 1763 2512 violandam.
1782 2487 1801 2504 u
1834 2470 1922 2510 Leo
1952 2472 2128 2523 quartus
2156 2469 2203 2510 in
2241 2468 2423 2510 concilio
2462 2469 2767 2523 episcoporum

518 2540 700 2582 -LXXH-
735 2552 827 2595 cap.
851 2542 905 2583 V.
943 2541 1014 2583 «Si
1044 2540 1137 2596 quis
1167 2540 1391 2595 dogmata,
1423 2539 1647 2595 mandata,
1677 2539 1929 2593 interdieta,
1961 2539 2226 2591 sanctiones,
2258 2538 2324 2579 vel
2355 2537 2550 2591 decreta,
2584 2549 2675 2592 pro.
2696 2549 2767 2580 ca-

511 2611 669 2654 tholica
698 2611 782 2654 fide
801 2644 812 2666 ,
847 2625 926 2667 pro
958 2613 1236 2656 ecclesiastica
1265 2613 1484 2667 disciplina
1504 2643 1516 2666 ‚
1548 2625 1629 2668 pro
1660 2611 1924 2655 correctione
1953 2609 2139 2652 fidelium
2151 2636 2168 2661 ,
2200 2620 2282 2663 pro
2311 2607 2605 2650 emendatione
2634 2608 2766 2672 scele-

509 2687 697 2725 ratorum
714 2714 725 2736 ,
757 2683 824 2725 vel
851 2683 1147 2727 interdictione
1176 2685 1483 2726 imminentium
1502 2683 1571 2725 vel
1591 2682 1831 2725 futurorum
1854 2672 2061 2723 malorum
2077 2710 2090 2733 ,
2115 2693 2139 2722 a
2159 2679 2259 2722 sede
2289 2678 2545 2734 apostolicae
2569 2679 2767 2733 praesule

511 2753 735 2796 salubriter
765 2754 1033 2809 promulgata
1069 2755 1398 2810 contempserit,
1431 2753 1651 2796 anathema
1689 2753 1759 2795 sit.
1783 2770 1801 2788 ι·
1836 2751 2081 2806 Gregorius.
2126 2769 2142 2786 a
2164 2749 2251 2792 Sub
2280 2761 2436 2803 magno
2472 2748 2762 2792 moderamine

510 2829 699 2878 pastores
730 2826 926 2867 ecclesiae
956 2826 1023 2869 vel
1053 2818 1217 2870 solvere
1246 2825 1441 2868 studeant
1470 2825 1539 2867 vel
1567 2824 1722 2879 ligare:
1747 2822 1822 2866 sed
1850 2826 1994 2865 utrum
2024 2822 2132 2864 iuste
2159 2834 2215 2864 an
2235 2822 2388 2863 iniuste
2410 2820 2571 2874 obliget
2589 2824 2764 2875 pastor,

510 2897 690 2951 pastoris
720 2901 860 2939 tamen
891 2898 1098 2939 sententia
1135 2897 1256 2951 gregi
1284 2895 1468 2939 timenda
1495 2900 1585 2950 est,
1616 2907 1670 2938 ne
1699 2894 1737 2938 is
1767 2894 1841 2950 qui
1870 2892 2039 2947 subest,
2074 2897 2118 2935 et
2146 2904 2244 2942 eum
2271 2892 2425 2934 iniuste
2454 2891 2631 2933 forsitan
2661 2890 2766 2946 liga-

508 2970 581 3008 tur
600 2997 611 3018 ,
643 2967 778 3022 ipsam
810 2967 1076 3023 obligationis
1105 2980 1203 3011 suae
1232 2968 1477 3010 sententiam
1508 2979 1560 3009 ex
1587 2966 1664 3009 alia
1693 2966 1818 3021 culpa
1853 2968 2080 3007 mereatur.
2119 2965 2271 3006 Pastor
2310 2973 2413 3016 ergo
2437 2961 2512 3004 *vel
2542 2961 2767 3005 absolvere

509 3036 731 3080 indiscrete
760 3039 907 3081 timeat
934 3039 1004 3082 vel
1032 3040 1178 3094 ligare.
1213 3038 1294 3092 Qui
1323 3038 1402 3081 sub
1433 3050 1562 3082 manu
1590 3037 1774 3093 pastoris
1803 3041 1866 3079 est
1893 3034 2016 3090 ligari
2044 3036 2187 3077 timeat
2223 3034 2331 3075 iuste
2369 3033 2439 3075 vel
2466 3033 2651 3075 iniuste:
2683 3045 2764 3076 nec

510 3109 690 3161 pastoris
720 3110 783 3150 sui
814 3109 1015 3152 iudicium
1044 3114 1199 3152 temere
1229 3108 1510 3164 reprehendat
1529 3138 1541 3161 ,
1573 3121 1628 3151 ne
1659 3108 1738 3150 etsi
1766 3107 1922 3149 iniuste
1948 3106 2101 3160 ligatus
2136 3108 2199 3147 est
2217 3134 2230 3158 ,
2263 3116 2314 3146 ex
2342 3104 2434 3158 ipsa
2470 3104 2656 3147 tumidae
2694 3117 2764 3147 re-

510 3178 800 3231 prehensionis
830 3181 1055 3236 superbia,
1088 3181 1212 3237 culpa
1241 3192 1349 3235 quae
1371 3191 1459 3222 non
1488 3183 1604 3233 erat,
1625 3177 1715 3221 fiat.
1737 3176 1948 3220 Fabianus
1978 3175 2094 3218 urbis
2121 3177 2280 3218 Romae
2312 3176 2535 3230 episcopus
2566 3175 2766 3218 munibus

512 3248 733 3304 episcopis.
773 3269 789 3285 «
808 3251 1032 3294 Statuimus
1063 3257 1110 3294 ut
1140 3252 1175 3294 si
1206 3251 1358 3306 aliquis
1388 3251 1640 3293 clericorum
1678 3261 1756 3292 suo
1796 3250 1998 3304 episcopo
2032 3246 2209 3290 infestus
2248 3251 2322 3289 aut
2350 3246 2569 3289 insidiator
2606 3247 2761 3299 fuerit,

510 3331 611 3362 mox
641 3322 895 3364 examinatus
924 3322 1081 3365 iudicio
1111 3323 1333 3366 submotus
1363 3335 1386 3364 a
1415 3322 1529 3364 clero
1559 3321 1697 3363 curiae
1725 3319 1945 3372 tradatur,
1978 3319 2046 3361 cui
2076 3317 2223 3360 diebus
2252 3318 2360 3360 vi'tae
2390 3329 2490 3359 suae
2530 3316 2760 3368 deserviat,

512 3394 555 3432 et
589 3390 755 3432 infamis
794 3392 954 3446 absque
992 3406 1067 3448 spe
1102 3394 1376 3436 restitutionis
1414 3396 1673 3448 permaneat.
1695 3410 1712 3428 ι
1756 3391 1993 3446 Stephanus
2032 3391 2259 3445 episcopus·
2298 3388 2495 3432 omnibus
2531 3388 2756 3443 episcopis.

516 3479 533 3496 ι
553 3461 737 3503 Clericus
768 3463 842 3516 qui
872 3465 1115 3519 episcopum
1146 3477 1269 3508 suum
1300 3465 1581 3516 accusaverit,
1605 3467 1678 3506 aut
1707 3464 1747 3506 ei
1774 3462 1995 3505 insidiator
2024 3462 2231 3515 extiterit,
2255 3472 2343 3502 non
2373 3464 2435 3502 est
2465 3458 2758 3513 recipiendus,

512 3533 614 3586 quia
641 3532 806 3575 infamis
836 3538 926 3587 est,
960 3539 1002 3575 et
1031 3547 1055 3576 a
1084 3536 1216 3590 gradu
1246 3536 1374 3579 debet
1402 3535 1620 3589 recedere,
1653 3539 1696 3577 et
1725 3534 1867 3577 curiae
1885 3532 1996 3575 tradi
2016 3532 2313 3575 deserviturus.
2334 3549 2350 3566 »
2378 3529 2605 3573 Anacletus
2628 3542 2758 3585 papa.

517 3605 777 3646 «Accusatio
809 3604 1075 3647 sacerdotum
1113 3608 1279 3649 nonnisi
1318 3607 1372 3649 ab
1410 3607 1573 3650 idoneis
1611 3610 1654 3649 et
1687 3605 1994 3661 probatissimis
2028 3604 2156 3656 viris,
2190 3603 2264 3658 qui
2301 3605 2344 3643 et
2378 3599 2688 3655 suspicionibus
2717 3604 2760 3642 et

512 3677 739 3719 sceleribus
769 3670 965 3729 careant,
998 3675 1089 3717 fieri
1119 3676 1257 3719 debet.
1279 3697 1294 3714 »
1330 3679 1543 3721 Evaristus
1571 3689 1698 3734 papa.
1738 3695 1755 3712 α
1775 3677 2079 3718 Accusatorum
2106 3673 2373 3717 sacerdotum
2404 3671 2652 3715 discutiatur
2682 3683 2757 3713 su-

513 3747 674 3802 spicio,
707 3746 840 3801 fides,
871 3747 1108 3800 temeritaS‚
1141 3747 1251 3801 vita,
1286 3761 1393 3791 vana
1425 3748 1587 3803 gloria,
1617 3747 1835 3791 inimicitia
1854 3777 1866 3800 ,
1895 3745 2121 3802 cupiditas,
2147 3744 2192 3787 id
2224 3748 2286 3787 est
2317 3744 2476 3798 absque
2509 3747 2625 3785 certa
2652 3751 2756 3794 pro·

514 3817 683 3861 batione
710 3818 933 3873 quisquam
953 3829 1041 3859 non
1071 3816 1225 3860 credat.
1250 3838 1264 3853 »
1298 3820 1357 3860 Ex
1379 3818 1558 3862 concilio
1579 3818 1915 3873 carthaginiensi.
1956 3817 2070 3870 «Qui
2091 3815 2300 3873 aliquibus
2325 3813 2548 3860 sceleribus
2570 3810 2758 3854 irretitus
