2996 4432
1241 239 1481 283 notuzoxis.
1500 255 1502 257 >
2420 233 2480 278 23

240 325 416 378 relicta
452 323 675 380 naturali
703 323 888 376 uxoria
918 322 1062 394 lege,
1094 339 1202 394 qua
1236 323 1405 396 primo
1442 322 1639 376 dictum
1670 335 1746 379 est
1775 325 2007 378 homini:
2033 338 2254 399 propter
2285 327 2382 381 Ιιοο
2411 349 2479 380 re·

242 409 449 480 linquet
484 407 640 459 Immo
669 417 882 478 patrem
911 416 960 472 et
996 416 1246 471 matrem,
1284 416 1334 475 et
1367 404 1672 472 adhaerebit
1710 408 1867 461 ωπον-ἱ
1897 427 2057 473 suae,
2100 422 2149 464 et
2179 423 2337 466 erunt
2371 412 2477 465 duo

241 493 303 542 in
339 510 497 543 came
539 508 678 554 una,
723 506 842 541 cum
882 486 1104 542 Lamech
1130 488 1280 544 Caini
1316 486 1593 559 adnepotis
1629 489 1737 544 filio
1771 489 2001 561 duplicia
2023 493 2090 544 sit
2113 495 2326 549 sortitus
2361 514 2480 547 con-
2550 540 2556 548 .

245 574 404 644 iugia.
440 570 790 642 Quamplures
818 587 974 632 vero,
1007 567 1072 623 de
1103 588 1336 641 quorum·
1361 588 1581 637 numero
1604 590 1703 642 ego
1738 591 1882 638 sum,
1914 586 2115 627 castum
2147 575 2330 630 dicunt
2350 584 2479 648 apo-'-

247 655 441 707 stolum
475 654 698 716 voluisse
732 651 1050 706 sacerdotem
1069 692 1082 718 ,
1123 651 1181 706 id
1217 664 1295 707 est
1335 650 1584 719 viduum,
1627 653 1708 707 vel
1744 654 1801 707 in
1837 657 2170 710 matrimonio
2208 660 2507 717 confinem,

249 750 372 791 tem.
411 738 532 791 Non
562 736 700 788 enim
728 746 936 809 poterat
958 736 1259 807 praecipere
1299 746 1357 790 ut
1385 735 1533 806 virgo
1566 735 1874 806 eligeretur,
1902 737 1997 808 qui
2027 739 2225 804 sciebat
2250 759 2279 792 a
2311 741 2481 792 Domi-

249 839 321 874 no
347 819 414 872 de
445 818 734 888 virginibus
765 818 839 890 nil
874 817 976 871 sibi
1007 818 1334 889 imperatum.
1374 818 1535 887 Quod
1568 819 1611 871 si
1640 819 1921 890 contigerit
1953 820 2238 894 aliquando
2280 824 2480 894 episco-

248 902 356 973 pali
388 900 614 965 iudicio,
647 901 886 954 utilitatis
921 919 1076 953 causa
1111 901 1193 955 vel
1219 902 1563 967 necessitatis,
1590 894 1822 972 aliquem
1844 901 1967 954 licet
1998 903 2291 974 venientem
2322 923 2387 958 ex
2409 905 2482 958 bi-

249 986 447 1056 gamia,
486 984 738 1038 diuturna
768 996 942 1037 tamen
974 985 1296 1040 continentia
1327 985 1639 1056 probatum,
1672 1003 1879 1040 morum
1913 985 2208 1056 probitate,
2240 999 2292 1039 et
2322 989 2483 1042 excel-

253 1069 406 1120 lentis
440 1068 577 1120 vitae
603 1068 787 1121 merito
817 1069 1147 1139 promoveri,
1180 1086 1291 1121 non
1321 1067 1441 1121 ideo
1471 1068 1786 1138 franguntur
1818 1066 2133 1138 apostolicae
2156 1069 2394 1139 regulae,
2423 1074 2497 1120 ut'

251 1150 400 1221 quod
445 1149 730 1221 aliquando
773 1149 1080 1204 conceditur
1120 1150 1330 1205 utilitati
1373 1151 1455 1205 vel
1495 1150 1820 1217 necessitati,
1863 1150 2222 1205 universaliter
2256 1139 2515 1206 transeat*

253 1234 498 1286 omnibus
525 1233 591 1286 ad
623 1234 940 1304 exemplum.
2308 1298 2311 1300 -

357 1318 443 1380 46.
473 1316 634 1384 Quod
669 1328 842 1374 autem
876 1317 951 1369 ait
982 1316 1166 1369 beatus
1200 1316 1536 1370 Innocentius
1570 1333 1738 1387 papa:
1778 1315 1910 1369 alius
1931 1327 2010 1371 est
2032 1314 2165 1368 ordo
2195 1316 2480 1387 legitimus»,

254 1401 355 1452 alia
392 1399 742 1471 dispensatiO,
775 1398 1030 1470 quamkad
1073 1410 1278 1470 tempus
1310 1398 1423 1454 fieri
1461 1399 1733 1452 necessitas
1768 1399 2015 1470 impellit;
2055 1417 2179 1469 ergo
2219 1398 2367 1470 quod
2395 1418 2486 1453 ne-

254 1481 463 1535 cessitas
499 1483 721 1552 reperit,
764 1476 994 1534 cessante
1032 1483 1365 1546 necessitate,
1407 1480 1566 1534 debet
1599 1482 1795 1553 pariter
1832 1501 2030 1538 cessare
2067 1482 2216 1553 quod
2245 1483 2480 1554 urgebat.

256 1566 343 1619 Sic
377 1585 487 1618 non
512 1576 864 1636 peccaverunt
894 1565 1100 1635 hispani
1132 1564 1369 1635 episcopi
1394 1562 1696 1618 ordinantes
1726 1564 2016 1618 Carterium
2032 1604 2047 1628 ,
2079 1565 2248 1619 virum
2271 1583 2486 1636 magnae

258 1649 391 1700 vitae
422 1660 474 1700 et
505 1649 704 1711 meriti,
743 1648 1036 1699 venientem
1073 1647 1192 1700 licet
1227 1666 1293 1701 ex
1322 1647 1547 1718 bigamia
1565 1688 1579 1711 ,
1610 1648 1666 1699 in
1693 1647 1844 1699 cuius
1869 1646 2106 1712 laudem,
2140 1647 2296 1700 immo
2325 1648 2383 1699 in
2406 1667 2488 1701 eu—

262 1733 342 1783 ius
382 1731 727 1783 ordinationis
762 1729 1144 1792 defensionem,
1183 1730 1367 1784 beatus
1404 1731 1758 1800 Hieronymus
1794 1730 1999 1783 divinae
2032 1731 2159 1801 legis
2197 1731 2483 1802 interpres»,

259 1814 575 1866 luculentam
611 1813 904 1883 composuit
926 1812 1196 1883 epistolam
1229 1828 1366 1884 quae
1397 1813 1696 1867 intitulatur
1723 1833 1824 1885 pro
1853 1814 2019 1865 anius
2053 1814 2234 1885 amoris
2265 1814 2367 1865 viro
2386 1855 2399 1878 ,
2433 1814 2488 1866 in

259 1915 367 1966 qua
398 1897 535 1948 inter
579 1907 748 1947 cetera
776 1896 849 1946 sic
887 1895 976 1946 ait.
1015 1917 1040 1944 (ι
1060 1896 1199 1946 Dum
1234 1914 1634 1965 promovemur,
1672 1915 1781 1949 non
1812 1907 1888 1948 est
1923 1896 2280 1967 quaerendum
2310 1897 2490 1967 quales

265 2002 290 2027 >›
331 1980 442 2030 nati
477 1997 686 2041 summ,
721 1978 813 2030 sed
842 1978 1024 2049 quales
1056 1988 1176 2048 post
1203 1976 1517 2048 baptismum
1548 1970 1789 2033 viximus.
1809 2002 1834 2030 2>
1874 1979 2061 2031 Beatus
2095 1997 2218 2031 vero
2255 1979 2490 2049 Pelagius

262 2079 402 2131 papa
427 2060 696 2131 'quendam
728 2061 974 2112 Latinum
1004 2061 1217 2111 nomine
1250 2059 1317 2111 ad
1344 2060 1651 2115 diaconatus
1680 2061 1827 2115 iussit
1852 2062 2076 2132 provehi
2104 2060 2369 2124 ordinem,
2397 2062 2494 2131 qui

262 2143 482 2195 admissa
512 2144 681 2212 gamia
717 2141 785 2195 de
809 2142 1106 2206 concubina
1130 2142 1264 2194 filios
1288 2144 1583 2212 generavit;
1621 2143 1913 2195 canonibus
1941 2141 2404 2207 interdicentibus,
2433 2153 2492 2193 ut

261 2227 356 2297 qui
383 2225 732 2277 concubinam
756 2214 1084 2296 dignoscitur
1117 2225 1390 2289 habuisse,
1421 2244 1531 2278 non
1559 2237 1961 2297 promoveatur3
1990 2245 2148 2297 quem
2181 2238 2234 2278 et
2264 2226 2376 2296 ipse
2399 2244 2495 2298 po-

264 2321 372 2362 stea
408 2307 671 2361 ordinavit
700 2308 1023 2379 episcopum.
1060 2307 1205 2374 Quid
1240 2308 1435 2378 igitur?
1467 2308 1616 2360 fracti
1655 2320 1780 2360 sunt
1802 2309 2068 2361 canones?
2097 2309 2334 2384 minime,
2368 2309 2494 2382 quia

266 2395 401 2444 sicut
428 2394 539 2462 ipse
580 2392 653 2444 ait
690 2393 796 2443 suis
834 2391 1190 2461 temporibus,
1230 2391 1427 2461 quibus
1458 2410 1569 2443 non
1603 2391 1772 2442 solum
1805 2392 1988 2444 merita
2021 2391 2112 2444 sed
2150 2403 2203 2445 et
2237 2392 2350 2463 ipsa
2382 2410 2496 2446 cor-

265 2495 397 2546 pora
427 2474 752 2540 defecerant,
786 2472 1313 2526 condescendendum
1338 2474 1542 2544 putavit
1566 2474 2160 2546 necessitati‘temporiS,
2188 2486 2248 2528 ut
2277 2493 2396 2527 eum
2420 2492 2498 2525 or-

268 2557 559 2609 dinandum
601 2556 884 2620 iudicaret,
925 2558 1075 2609 cuius
1109 2568 1249 2609 aetas
1284 2557 1487 2611 futurae
1532 2557 1942 2609 incontinentiae
1977 2558 2327 2628 suspicionem
2365 2556 2498 2609 vide—

269 2642 427 2692 batur
467 2639 688 2691 auferre.
722 2639 806 2691 Sic
836 2651 888 2691 et
920 2640 1131 2692 beatum
1161 2640 1478 2710 Gregorium
1511 2659 1784 2692 romanum
1815 2640 2114 2711 pontificem
2141 2640 2498 2710 Neapolitanis

268 2722 336 2773 de
370 2720 598 2791 quodam
624 2721 859 2773 Iohanne
876 2763 889 2786 ,
918 2740 1072 2792 quem
1095 2721 1195 2773 sibi
1227 2722 1487 2791 elegerant
1515 2723 1572 2773 in
1599 2723 1901 2794 episcopum
1919 2763 1932 2789 ,
1967 2723 2104 2774 inter
2127 2733 2297 2775 cetera
2328 2722 2400 2773 sic
2430 2720 2501 2775 di-

271 2806 404 2856 xisse
435 2804 668 2874 legimus.
706 2825 731 2851 c<
755 2804 873 2869 Qua
896 2805 1035 2856 enim
1066 2805 1267 2856 ratione
1297 2803 1364 2856 ad
1401 2805 1759 2876 episcopatum
1795 2805 1954 2859 audet
1985 2805 2257 2870 accedere,
2298 2805 2391 2876 qui
2417 2804 2500 2858 ad-

277 2911 300 2936 »
346 2888 447 2939 huc
478 2888 687 2957 longam
721 2887 804 2937 sui
833 2887 1068 2958 corporis
1096 2887 1469 2939 continentiam
1488 2927 1502 2950 ,
1534 2888 1690 2940 filiola
1721 2899 1879 2952 teste,
1913 2888 2241 2940 convincitur
2271 2906 2381 2939 non
2410 2887 2501 2938 ha·-

276 2994 300 3018 »
341 2971 466 3021 bere
484 2970 505 3020 Ρ
526 2993 550 3019 »
583 2970 699 3021 Hoc
722 2987 821 3040 pro
849 2980 990 3020 certo
1015 2968 1398 3034 demonstranS,
1427 2971 1551 3041 quia
1577 2971 1619 3022 si
1642 2971 1850 3041 longam
1873 2972 1955 3025 sui
1979 2971 2214 3042 corporis
2236 2970 2502 3025 habuisset

271 3053 646 3104 continentiam
671 3091 685 3114 ,
725 3050 1194 3104 condescendendo
1233 3053 1489 3123 tempori,
1529 3053 1641 3108 eius
1689 3054 1991 3107 electionem
2029 3068 2139 3108 non
2167 3053 2496 3107 infirmasset.

271 3135 417 3200 Quid
449 3134 614 3187 dicam
639 3133 706 3186 de
729 3133 931 3185 Marino
957 3134 1248 3186 salonitano
1285 3135 1530 3206 episcopo
1548 3176 1560 3200 ,
1589 3154 1746 3206 quem
1781 3137 2074 3189 invasorem
2109 3137 2166 3187 in
2202 3135 2374 3188 mult-is
2398 3136 2503 3189 suis

275 3218 481 3287 scriptis
507 3216 644 3268 idem
668 3216 854 3268 beatus
879 3217 1115 3268 nominat
1133 3217 1447 3288 Gregorius,
1475 3218 1571 3287 qui
1595 3218 1748 3269 etiam
1775 3218 1967 3269 electus
1992 3229 2044 3269 et
2062 3217 2335 3271 ordinatus
2354 3217 2504 3271 estin

274 3300 583 3351 schismate?
607 3318 764 3370 quem
791 3299 942 3350 etiam
968 3297 1391 3351 condescendens
1414 3300 1668 3370 tempori,
1705 3300 1914 3352 utilitati
1942 3301 2020 3352 vel
2056 3300 2345 3353 necessitati
2381 3318 2505 3352 con-

277 3383 478 3444 sulenS,
520 3400 631 3434 non
666 3400 929 3433 canonum
966 3382 1082 3433 iura
1117 3380 1432 3445 dissolvenS,
1473 3384 1667 3453 recepit
1703 3384 1758 3437 in
1791 3382 2226 3437 communionem.
2260 3382 2507 3437 Sanctum

278 3484 401 3516 vero
429 3465 792 3527 Ambrosium,
826 3464 990 3515 lilium
1026 3464 1298 3527 ecclesiae,
1337 3465 1767 3519 catechumenum
1802 3466 2052 3532 electum,
2080 3477 2132 3518 et
2167 3477 2285 3518 octo
2322 3464 2507 3519 diebus

279 3559 397 3618 post
421 3547 735 3617 baptismum
758 3547 1030 3599 transactis
1054 3547 1110 3598 in
1135 3548 1442 3618 episcopum
1466 3546 1790 3613 ordinatum,
1819 3567 1990 3600 sacrae
2014 3549 2168 3602 nobis
2191 3558 2406 3600 narrant
2428 3547 2508 3599 hi-

278 3630 468 3682 storiae
487 3669 502 3692 ,
532 3648 691 3700 quem
713 3630 1040 3699 neophytum
1075 3629 1259 3692 fuisse,
1300 3629 1431 3681 nulli
1467 3628 1686 3682 dubium
1721 3641 1815 3683 est.
1855 3619 2001 3696 Quid
2031 3631 2192 3701 ergo?
2216 3629 2364 3682 fracti
2388 3639 2509 3682 sunt

279 3730 506 3764 canones
531 3712 844 3782 apostolici?
868 3712 1107 3783 minime3
1138 3711 1262 3782 quia
1286 3711 1379 3764 ubi
1403 3712 1648 3784 superbia
1670 3713 1844 3766 locum
1867 3732 1978 3766 non
2003 3713 2187 3766 habuit
2203 3753 2217 3776 ,
2251 3729 2348 3765 nec
2371 3729 2510 3766 arro·

280 3796 453 3863 gantia
478 3795 638 3847 menti
671 3795 782 3848 eius
818 3795 1005 3867 quovis
1039 3795 1248 3866 ingenio
1285 3794 1355 3847 ob
1391 3807 1687 3866 susceptum
1722 3797 1977 3849 honorem
2010 3795 2244 3867 inrepsit.
2286 3795 2388 3846 Pro
2426 3811 2508 3846 ca-
