2996 4432
481 251 543 298 38
1455 265 1512 296 Ex
1545 264 1676 297 muno
1709 265 1774 298 lv.

487 347 824 400 Marcellinus
848 364 978 400 vero
1005 364 1115 398 rem
1142 364 1353 400 omnem
1375 348 1609 402 seriatim
1633 347 1905 401 confessus
1928 360 2036 415 est,
2064 360 2116 402 et
2139 368 2192 402 se
2224 365 2493 421 peccasse,
2533 363 2585 404 et
2616 372 2761 406 reum

482 449 595 482 esse
620 428 887 500 professus
912 440 1019 494 est3
1049 427 1302 481 adiiciens
1334 430 1492 483 etiam
1527 450 1581 484 se
1619 442 1863 503 paratum
1893 431 2111 485 obedire
2144 433 2405 504 quicquid
2436 435 2510 501 illi
2541 436 2642 488 sibi
2670 456 2762 488 vo·-

483 513 702 565 luissent
721 511 1013 583 imponere.
1041 511 1124 564 Ad
1147 513 1273 565 haec
1290 513 1397 566 illi:
1423 514 1560 567 absit
1579 526 1638 566 ut
1657 533 1892 567 summus
1909 516 2152 586 pontifex
2170 517 2238 569 ab
2258 517 2438 587 aliquo
2468 517 2755 571 iudicetur:

463 613 465 616 ’
486 596 687 674 negasti
703 596 803 646 tu?
826 595 1036 667 negavit
1061 607 1112 646 et
1129 596 1317 660 beatus
1341 598 1529 649 Petrus
1557 597 1802 667 magister
1819 608 1974 663 tuus;
1994 609 2048 651 ‚et
2067 600 2187 670 quis
2212 601 2575 671 apostolorum
2600 621 2761 675 ausus

487 680 590 732 fuit
625 698 746 731 eum
783 677 979 731 exinde
1015 677 1288 733 iudicare?
1323 679 1416 732 sed
1454 698 1694 751 egressus
1717 680 1859 749 foras
1890 679 2034 733 flevit
2065 700 2256 734 amare.
2291 683 2376 734 Tu
2404 684 2461 735 in
2503 684 2619 736 sinu
2660 696 2756 737 tuo

487 764 614 816 tolle
650 781 862 815 causam
905 773 1049 815 tuam
1074 804 1088 828 ‚
1138 774 1195 814 tu
1235 763 1458 834 proprio
1495 781 1588 815 ore
1624 774 1676 814 te
1712 762 1907 818 iudica.
1961 763 2203 817 Audiens
2248 766 2377 817 haec
2424 759 2758 819 Marcellinus

487 846 704 898 dictavit
724 846 780 897 in
805 864 859 898 se
883 848 1196 899 sententiam
1225 845 1435 898 dicens:
1460 864 1559 915 ego
1587 845 1920 898 Marcellinus
1939 846 2010 898 ob
2034 846 2203 899 scelus
2228 847 2576 912 idololatriae,
2607 849 2779 920 quod·

488 930 674 982 infelix
707 930 1025 992 commmisi‚
1062 929 1240 982 iudico
1273 948 1354 981 me
1387 927 1799 999 deponendum:
1835 930 2215 983 anathematizo
2247 933 2401 983 etiam
2430 934 2756 1004 quicumque

488 1033 685 1084 corpus
723 1032 898 1065 meum
934 1008 1226 1084 aliquando
1263 1011 1545 1076 tradiderit
1582 1012 1906 1082 sepulturae.
1949 1011 2150 1083 Sicque
2189 1032 2415 1084 pergens
2450 1014 2518 1067 ad
2558 1015 2759 1067 Diocle-

488 1097 718 1159 tianum,
747 1097 887 1148 ultro
914 1115 967 1148 se
991 1096 1259 1166 professus
1284 1096 1657 1158 christianum,
1687 1095 1964 1166 capitalem
1988 1097 2219 1167 suscepit
2244 1099 2575 1149 sententiam.
2595 1099 2759 1150 Cuius

488 1196 686 1250 'corpus
735 1199 831 1250 per
873 1180 1064 1230 XXX-
1112 1178 1223 1231 d'ies
1265 1179 1427 1231 iacuit
1463 1179 1815 1231 inhumatum.
1869 1179 2046 1232 Noctu
2081 1199 2211 1232 vero
2249 1181 2501 1251 apparuit
2544 1194 2757 1252 aposto-

493 1264 667 1316 lorum
695 1263 943 1335 princeps
968 1263 1022 1313 in
1044 1262 1248 1314 visione
1273 1262 1523 1314 Marcello
1551 1261 1839 1327 sacerdoti,
1869 1263 1964 1334 qui
1987 1275 2109 1334 post
2133 1282 2253 1316 eum
2274 1264 2560 1334 episcopus
2588 1258 2756 1315 factus

495 1350 598 1408 est,
641 1345 850 1398 dicens:
892 1344 1135 1398 Marcelle
1172 1344 1418 1397 dormis?
1449 1346 1520 1396 At
1558 1346 1674 1398 ille:
1714 1346 1834 1417 quis
1859 1364 1943 1410 eS‚
1986 1346 2236 1399 domine?
2266 1348 2332 1399 Et
2363 1347 2481 1399 ille:
2513 1366 2610 1420 ego
2639 1366 2757 1398 sum

490 1431 740 1500 princeps
778 1428 1141 1499 apostolorum
1178 1429 1425 1498 magister
1460 1439 1601 1481 tuus,
1645 1429 1710 1480 Et
1746 1427 1972 1481 adiecit:
2014 1429 2257 1482 Marcelle
2281 1470 2294 1493 ,
2345 1431 2540 1501 corpus
2583 1449 2759 1483 meum

492 1512 641 1583 quod
677 1513 1013 1563 inhumatum
1049 1522 1157 1574 est,
1200 1530 1367 1582 quare
1392 1530 1503 1563 non
1535 1511 1759 1582 sepelis?
1790 1512 1861 1562 At
1890 1512 2006 1564 ille:
2030 1511 2287 1574 domine,
2322 1513 2527 1583 inquit,
2563 1531 2760 1583 corpus

490 1606 642 1646 tuum
681 1593 844 1664 digno
882 1613 1003 1645 cum
1040 1594 1245 1666 honore
1281 1595 1548 1666 sepultum
1584 1606 1679 1646 est.
1721 1595 1788 1646 Et
1824 1596 2051 1647 Petrus:
2101 1615 2297 1667 corpus
2333 1596 2614 1648 confratris
2658 1596 2759 1647 mei

492 1678 812 1739 Marcellini,
859 1678 953 1748 qui
996 1697 1095 1748 pro
1143 1679 1357 1731 Christo
1403 1679 1713 1748 sanguinem
1761 1698 1918 1734 suum
1961 1678 2131 1744 fudit,
2178 1698 2343 1751 quare
2381 1699 2493 1731 non
2529 1679 2760 1751 sepelis?

492 1762 685 1819 Nonne
734 1761 902 1831 legisti
953 1761 1010 1812 in
1049 1762 1318 1832 evangelio
1366 1762 1576 1814 Domini
1622 1762 1934 1814 sententiam
1984 1761 2244 1814 dicentis:
2297 1762 2392 1833 qui
2438 1780 2491 1814 se
2528 1762 2752 1826 exaltat,

493 1845 888 1908 humiliabitur3
931 1855 984 1896 et
1020 1845 1113 1915 qui
1152 1863 1205 1897 se
1242 1845 1508 1907 humiliat,
1550 1845 1911 1897 exaltabitur?
1947 1845 2032 1896 An
2065 1864 2178 1897 non
2206 1863 2260 1897 se
2295 1845 2623 1909 lmmiliawt,
2662 1845 2757 1915 qui

493 1928 772 1997 indignum
811 1928 1083 1998 sepultura
1121 1946 1177 1982 se
1212 1927 1513 1981 iudicavit?
1549 1927 1699 1980 Vade
1736 1947 1862 1997 ergo
1898 1939 1950 1980 et
1991 1929 2151 1999 sepeli
2187 1947 2307 1981 eum
2345 1929 2495 1980 iuxta
2533 1933 2619 1979 'me
2646 1967 2659 1990 ‚
2705 1939 2762 1978 ut

493 2030 632 2081 quos
662 2030 773 2063 non
800 2012 1063 2081 separavit
1087 2011 1398 2082 martyrium
1418 2051 1432 2073 ‚
1463 2029 1710 2082 quosque
1736 2011 1832 2063 Dei
1859 2012 2158 2064 iustificavit
2183 2013 2347 2082 gratia
2370 2052 2383 2074 ,
2412 2030 2526 2063 non
2563 2011 2763 2063 dividat

493 2095 782 2165 sepultura.
807 2093 1000 2164 Sicque
1032 2095 1225 2146 factum
1254 2106 1329 2146 est
1346 2135 1359 2156 ,
1384 2106 1435 2146 et
1460 2094 1695 2164 sepultus
1723 2106 1799 2145 est
1825 2114 1974 2147 secus
1999 2095 2161 2166 pedes
2186 2096 2326 2147 beati
2353 2097 2494 2147 Petri
2519 2095 2761 2165 apostoli.

601 2199 687 2248 91.
729 2179 1006 2230 Marcellus
1043 2178 1261 2237 natione
1298 2197 1550 2231 romanus
1587 2189 1707 2248 post
1743 2178 1889 2231 hunc
1926 2179 2132 2231 levatur
2162 2180 2460 2249 episcopus.
2508 2179 2608 2230 Hic
2639 2179 2762 2230 fecit

492 2266 804 2317 coemeteria
830 2266 911 2317 via
939 2265 1151 2332 salaria,
1190 2276 1242 2317 et
1268 2265 1457 2316 XXV·
1488 2265 1668 2317 titulos
1704 2265 1765 2316 in‘
1797 2264 1932 2315 urbe
1952 2264 2135 2315 Roma
2178 2262 2454 2314 constituit
2480 2303 2492 2325 ,
2534 2274 2586 2313 et
2624 2252 2763 2313 dioe-

492 2368 632 2400 ceses
670 2362 888 2419 propter
926 2350 1246 2420 baptismum
1275 2360 1325 2401 et
1354 2349 1732 2420 poenitentiam
1764 2347 2054 2398 multorum
2086 2346 2180 2415 qui
2213 2345 2669 2398 convertebantur·
2692 2364 2757 2396 ex

494 2435 743 2502 paganis,
786 2445 1095 2504 etz-propter
1138 2434 1437 2504 sepulturas
1486 2444 1788 2502 martyrum.
1847 2431 2020 2481 I-Iuius
2066 2428 2399 2498 temporibus
2444 2427 2760 2480 venerabilis

493 2527 732 2567 matrona
771 2517 970 2568 Lucina
1009 2516 1277 2568 ecclesiam
1316 2516 1510 2568 Christi
1547 2534 1726 2568 rerum
1761 2532 1973 2565 suarum
2012 2512 2137 2563 fecit
2177 2509 2443 2563 heredem.
2486 2510 2647 2575 Quod
2674 2529 2760 2561 au-

493 2597 643 2650 diens
680 2599 1041 2650 Diocletianus
1072 2599 1380 2670 dampnavit
1410 2618 1524 2651 eam
1560 2596 1976 2669 proscriptione,
2008 2606 2060 2647 et
2087 2594 2237 2646 iussit
2265 2605 2323 2645 ut
2351 2594 2628 2646 Marcellus
2660 2595 2763 2665 epi-

489 2701 685 2753 scopus
721 2682 1102 2753 dampnaretur
1139 2684 1195 2734 in
1227 2682 1387 2734 domo
1421 2681 1655 2734 eiusdem
1684 2691 1954 2732 matronae
1986 2677 2053 2730 ad
2079 2677 2490 2730 custodiendum
2518 2678 2762 2730 animalia

492 2766 704 2835 publica
724 2808 736 2830 ‚
778 2779 830 2817 et
866 2785 962 2836 per
1002 2766 1139 2818 ·VII·
1183 2785 1352 2818 annos
1389 2764 1736 2836 compedibus
1768 2764 1958 2833 ligatus
1986 2763 2042 2813 in
2074 2761 2259 2815 eodem
2291 2762 2546 2832 martyrio
2574 2760 2763 2832 perdu-

487 2868 614 2900 rans
638 2890 650 2911 ,
700 2868 796 2920 per
833 2850 1078 2919 epistolas
1123 2851 1404 2920 parochias
1450 2848 1765 2920 primatibus
1808 2845 2095 2898 dividebat.
2139 2846 2204 2896 Et
2241 2845 2326 2897 hic
2364 2844 2421 2895 in
2458 2844 2602 2896 bona
2640 2863 2762 2896 con-

494 2933 719 2984 fessione
756 2933 913 2984 vitam
952 2933 1122 2984 finivit
1145 2974 1157 2996 ,
1200 2945 1250 2985 et
1287 2933 1523 3004 sepultus
1570 2943 1646 2983 est
1683 2932 1738 2982 in
1776 2929 1959 2982 eadem
1997 2927 2158 2980 domo
2195 2927 2250 2978 in
2288 2946 2395 2998 qua
2441 2925 2761 2997 dampnatus

494 3017 734 3067 animalia
779 3016 1125 3068 custodiebat.
1176 3018 1374 3069 Postea
1409 3014 1865 3068 verochristiana
1913 3022 2182 3064 crescente
2229 3010 2518 3078 religione)
2571 3008 2761 3060 domus
2829 3020 2833 3024 ⁴

493 3099 723 3151 catabuli
759 3099 815 3149 in
853 3100 1261 3169 pulcherrimam
1299 3099 1572 3151 ecclesiam
1608 3097 1858 3173 translata
1896 3106 2003 3157 est,
2040 3113 2180 3165 quae
2212 3112 2382 3164 usque
2410 3092 2570 3145 hodie
2595 3093 2760 3144 sancti

494 3182 781 3232 Marcellini
821 3183 1036 3233 nomine
1072 3183 1330 3234 titulatur.
1377 3207 1387 3221 υ
2065 3240 2070 3245 ,

601 3283 686 3333 92.
725 3264 983 3315 Eusebius
1010 3264 1227 3316 natione
1253 3283 1469 3334 graecus
1496 3274 1616 3335 post
1652 3264 1800 3315 hunc
1835 3263 1974 3314 rexit
1998 3261 2284 3313 ecclesiam.
2320 3260 2494 3311 Huius
2518 3260 2763 3329 tempori-

494 3346 595 3396 bus
623 3348 834 3396 inventa
861 3358 936 3396 est
962 3365 1091 3396 crux
1118 3346 1320 3401 domini
1346 3348 1515 3399 nostri
1541 3348 1658 3398 Iesu
1685 3346 1879 3398 Christi
1905 3344 1993 3394 ·V‘
2016 3345 2122 3395 kal.
2149 3342 2349 3405 martiiffi
2377 3348 2428 3393 et
2467 3341 2763 3411 baptizatus

494 3441 571 3480 est
608 3428 795 3492 IudaS‚
836 3430 930 3498 qui
969 3441 1020 3480 et
1047 3431 1338 3500 Cyriacus,
1372 3432 1466 3502 qui
1503 3431 1659 3482 etiam
1691 3429 1946 3499 martyrio
1984 3427 2271 3480 coronatus
2299 3437 2407 3488 est,
2443 3437 2496 3477 et
2523 3424 2763 3495 sepultus

495 3523 573 3563 est
611 3531 730 3562 cum
770 3511 1021 3562 fratribus
1059 3514 1182 3564 suis.
1995 3519 1997 3522 ’
2331 3566 2333 3569 ,

601 3595 1037 3664 93.-Mel)chiades
1064 3597 1277 3648 natione
1306 3615 1556 3649 romanus
1587 3597 1633 3665 1)
1653 3596 1777 3647 huic
1808 3594 2029 3646 succesit
2059 3593 2117 3643 in
2148 3592 2476 3662 episcopatu.
2512 3590 2613 3641 Hic
2642 3607 2764 3640 con·

495 3679 662 3729 stituit
688 3677 830 3728 nulla
858 3678 1061 3728 ratione
1087 3677 1171 3729 die
1197 3678 1484 3741 dominico,
1512 3690 1603 3730 aut
1626 3678 1812 3748 quinta
1845 3677 1974 3728 seria
1999 3675 2256 3727 ieiunium
2288 3691 2613 3745 quemquam
2642 3670 2763 3722 fide-

494 3763 623 3813 lium
654 3780 825 3831 agere.
850 3761 1008 3835 ¹Huic
1045 3761 1185 3833 inter
1222 3762 1495 3814 missarum
1533 3760 1843 3832 sollempnia
1869 3759 2096 3812 revelata
2124 3769 2250 3811 sunt
2275 3756 2491 3820 nomina
2528 3765 2761 3825 quatuor

577 3871 610 3910 1‘)
636 3867 996 3915 Liber‘pontificalis
1022 3872 1058 3903 ct
1084 3852 1270 3913 alisofer.
