2996 4432
508 246 598 292 170

502 365 623 423 γοιται
655 345 722 390 ἀνο
705 363 819 406 μιοις
853 336 1120 405 τυγχάνουσιν
1152 361 1187 388 οι
1218 336 1358 419 ἒχΞροι
1397 342 1464 389 τοῦ
1502 341 1603 386 λαοῦ

503 437 572 464 του
602 417 724 471 θεοῧ,
755 410 803 466 ὦς
832 407 1053 460 κατεσθῖειν
1086 407 1204 460 αὐτον
1235 432 1302 460 οιοι
1334 409 1478 475 ἄρτον,
1503 406 1601 474 yves>-

451 535 458 542 ,
502 506 601 539 σεως
632 490 704 532 θεο
708 487 731 531 ῧ
766 485 1013 548 στεροῧνται·
1049 478 1271 533 κατεσθεῖη
1309 478 1351 530 δέ
1386 503 1446 535 τις
1486 499 1599 539 τινα,

500 553 696 617 βλάπτειν
726 574 844 603 αυτον
876 573 947 618 προ
931 548 1164 615 τιθεμενος·
1197 573 1305 601 κατα
1342 573 1420 610 το,
1454 551 1489 598 εἰ
1521 550 1600 596 ἀλ-

500 622 649 679 ληλους
681 623 842 674 δάκνετε
872 646 940 671 και
965 620 1224 680 κατεσθίετε,
1247 619 1420 684 βλεπετε
1443 643 1500 683 μη
1524 615 1604 670 ὖπο

500 694 682 748 ἀλλ-ἅλων
715 695 976 746 ἀναλωθῆτε·
1008 715 1072 741 και
1098 696 1138 742 ἐν
1168 690 1328 743 ςἨσοιιόι
1359 689 1403 740 δε
1427 689 1604 775 γέγραπ-

501 790 570 819 ται
607 769 741 821 οὕτως·
783 786 811 812 (ε
835 762 980 833 Συριαν
1017 765 1083 831 ἀφ’
1118 762 1233 817 ηλιου
1270 765 1494 819 ἀνατολων,
1532 757 1603 807 καὶ

510 863 529 882 »
567 861 657 892 τους
675 839 885 890 εἘλληνοις
922 822 995 902 ἀφί
1017 832 1106 886 ηλιο
1110 857 1132 884 υ
1169 838 1323 898 δυσμῶν
1345 871 1358 895 ,
1397 854 1488 886 τους
1524 852 1602 877 κοι-

506 930 531 957 ))
568 906 813 962 τεσὲιοντας
849 905 917 955 τὲν
953 902 1118 972 Ἰσροιηλ
1155 907 1233 968 ὅλῳ
1269 907 1325 966 τῷ
1362 900 1547 964 στόματι·
1574 919 1600 947 )>

502 979 614 1033 πλην
650 979 721 1041 κᾲν
757 998 860 1028 ποτε
897 980 1118 1028 δυνηθῶσιν
1160 971 1388 1024 κατεσὲιειν
1433 993 1500 1022 τον
1538 974 1610 1020 τοῦ

502 1055 602 1101 Secu
639 1048 738 1100 λαον
774 1047 1056 1114 περοιδοθέντοι
1091 1047 1230 1131 ριῦτοις
1277 1045 1323 1093 δι’
1370 1039 1604 1127 ἁμαρτιας,

507 1120 616 1174 δικην
653 1119 868 1201 ὑφεξουσιν·
908 1120 1026 1202 ἅγιος
1054 1138 1130 1201 γαρ
1163 1111 1330 1182 Ισραηλ
1367 1137 1421 1177 τω
1454 1110 1605 1179 κυριῳ,

505 1191 610 1260 ἀρχη
633 1187 884 1257 γεννημάτων
908 1191 1001 1237 αὐτο
1006 1207 1039 1234 υ·
1067 1207 1211 1273 πριντες
1235 1207 1269 1232 οι
1302 1182 1408 1234 ἑσθιο
1393 1205 1502 1238 ντες
1533 1185 1607 1235 αὐ·-

506 1285 575 1312 τον
607 1258 983 1337 πλημμελησουσιν·
1006 1278 1110 1305 noem
1138 1258 1221 1311 ἥξει
1254 1256 1312 1304 ἐπ’
1339 1276 1504 1314 αυτους,
1530 1275 1607 1319 φη-

507 1333 548 1383 σι
586 1355 706 1399 κυριος
730 1369 743 1392 ,
782 1354 815 1378 οι
851 1349 1095 1408 προκειμενει
1128 1323 1359 1376 κατεσθιειν
1406 1347 1474 1375 τον
1509 1321 1611 1372 θεον

411 1448 417 1455 .
438 1431 465 1456 5.
507 1402 623 1463 λαον,
648 1403 768 1468 ἄρτου
792 1397 916 1449 δικ-ην.
941 1396 1023 1448 Τὲν
1052 1416 1178 1480 κυριον
1199 1398 1263 1444 οὐκ
1290 1393 1457 1445 ἐπεκοιλ
1443 1415 1606 1454 εσοιντο,

509 1478 556 1538 τῇ
587 1475 713 1523 αὐτῶν
747 1467 910 1531 δυνάμει
944 1466 1075 1519 πάντα
1107 1464 1254 1526 ἀνυειν,
1278 1489 1346 1515 και
1379 1468 1608 1514 καταδυνα-

841 1561 913 1588 nce
917 1543 939 1587 ὖ
974 1537 1072 1588 λαον
1109 1535 1288 1600 οιόμενοι·
1323 1540 1357 1585 εἷ
1393 1534 1469 1602 γὰρ
1503 1530 1609 1589 ἦσαν

506 1613 652 1668 εἰδότες
674 1651 687 1674 ,
720 1634 768 1666 ως
801 1612 847 1660 δι’
880 1631 1075 1677 αμαρτιοες
1105 1630 1227 1675 νρισει
1258 1610 1357 1656 θεοῦ
1379 1603 1586 1674 παρελαβο
1589 1629 1609 1655 ν

504 1706 627 1734 αυτον
649 1721 662 1743 ,
694 1680 766 1743 κᾷν
805 1684 867 1748 {qm
856 1679 1061 1741 βηθησαν
1102 1680 1160 1728 ἔτι
1194 1682 1348 1742 μᾶλλον
1389 1699 1433 1727 το
1469 1699 1609 1765 μετρον

508 1753 725 1806 ἐπιθεσὲαι
748 1773 853 1803 κατα
883 1774 949 1802 του
983 1748 1354 1816 παραδοθέντος,”
1356 1770 1406 1798 να
1437 1771 1495 1811 μη
1523 1770 1611 1816 κρι-

505 1848 604 1889 μοιτι
651 1847 706 1889 τῳ
740 1825 847 1887 αυτῷ
887 1825 964 1871 ὑπο
967 1843 1164 1910 πεσωσιν.

581 1893 651 1945 Διο
700 1891 860 1960 λέγεται
905 1891 1001 1978 προς
1044 1914 1186 1946 αυτους
1213 1912 1333 1979 Γενπεροι
1377 1894 1447 1939 τοῧ
1481 1912 1611 1956 προσ-

506 1989 664 2021 ηκοντος
706 1960 1033 2031 ἐξαγριιιὲἕντοις·
1072 1964 1165 2011 ἀνθ’
1207 1959 1260 2010 ὡν
1281 1958 1385 2059 0‘e’ym
1427 1959 1497 2025 μὲν
1540 1964 1611 2029 ὧρ-

508 2038 660 2103 γὲσὲην
705 2032 858 2101 ὀλίγοι,
905 2057 1016 2083 οιυτοι
1055 2031 1096 2083 δε
1135 2031 1399 2085 συνεπέθεντο
1442 2034 1499 2088 εἷς
1542 2055 1613 2082 κα-

508 2128 573 2156 κα·
618 2109 741 2162 ουτως
792 2104 1242 2159 καταδυναστεύσαντες
1287 2122 1354 2153 τον
1399 2102 1498 2154 λαον
1543 2127 1614 2155 του

514 2184 603 2228 θεοῦ
634 2176 775 2233 ἀδικως
787 2215 800 2234 ,
835 2180 891 2231 εἷς
935 2174 1085 2225 ὂειλιοιν
1125 2173 1348 2234 ὲνὲπεσοιν,
1394 2174 1499 2224 ἔνθα
1542 2177 1612 2223 οὐ·

511 2249 551 2298 δὲ
591 2250 807 2317 φοβεισὲοιι
852 2247 948 2295 εδει·
995 2244 1114 2315 φοβος
1150 2267 1226 2312 γαρ
1260 2248 1322 2294 οὐκ
1354 2239 1439 2304 ἦν,
1468 2250 1502 2294 εὶ
1535 2269 1614 2296 ποι-

509 2319 754 2386 ροιλοιβοντες
787 2341 878 2372 τους
909 2339 1030 2383 κρισει
1055 2321 1153 2365 θεοῦ
1184 2312 1517 2394 παραόοὲεντας
1507 2354 1521 2374 .,
1548 2339 1614 2384 φι-

513 2390 758 2457 λανθρῶπως
799 2412 867 2437 κοιι
914 2386 1069 2454 ἦμερως
1107 2385 1457 2452 προσενεχθέντες
1493 2393 1612 2439 ησαν·

513 2460 646 2513 ἐπειδη
680 2459 722 2510 δὲ
756 2462 924 2525 σκληρῶς
949 2481 1016 2507 κοιι
1042 2455 1310 2519 ἀνελεημδνως
1334 2478 1472 2508 παντα
1504 2457 1616 2508 ἕποι’-

511 2552 651 2592 ησοιν,
700 2528 966 2589 ἐδειλίοισαν,
1023 2525 1311 2596 περιπεσόντες
1362 2551 1422 2583 οις
1468 2526 1615 2584 ἄλλους

514 2598 733 2654 &afflatur
769 2603 967 2667 ὑπῆρκτοιι
1012 2597 1057 2648 ὂέ
1102 2602 1249 2656 τοῦτο,
1289 2597 1378 2648 ἐπεὶ
1426 2601 1464 2647 ἐν
1501 2604 1617 2665 γενεᾷ

516 2670 674 2721 δικαιων
712 2675 730 2721 ὃ
769 2669 879 2725 θεός·
926 2690 1061 2735 γενεαν
1106 2668 1148 2717 δὲ
1188 2667 1345 2718 δικαίων
1393 2671 1489 2735 ἕρεις
1530 2692 1617 2721 ητοι

507 1565 708 1594 σῖευκξναι
740 1539 873 1591 ravo

515 2764 589 2795 την
627 2765 701 2792 των
739 2739 897 2791 δικοιῖων
934 2738 1179 2808 πραγμάτων
1217 2761 1475 2826 συμφωνιαν,
1515 2742 1555 2789 ἓν
1591 2739 1619 2807 ᾐ

514 2815 533 2861 ὃ
567 2811 714 2868 ὃικοιιος
745 2835 878 2880 κριτης
912 2809 1145 2878 εὑριοκεται·
1183 2807 1209 2862 ἢ
1244 2833 1316 2863 την
1349 2832 1426 2861 των
1458 2810 1618 2861 δικαιων

516 2886 664 2951 ἀνδρων
702 2882 995 2951 Ξμοφροσυνην,
1033 2904 1098 2930 κοιι
1136 2902 1208 2934 την
1246 2884 1301 2937 εἷς
1340 2903 1488 2966 ταυτρν
1527 2905 1620 2931 συν-

515 2958 610 3003 οόον·
653 2958 685 3003 εἱ
731 2953 828 3039 γὰρ
851 2953 947 3003 ἐ’νθοι
993 2950 1059 3003 dvo
1101 2976 1167 3001 και
1213 2973 1318 3018 τρεις
1363 2951 1619 3019 συνέρχονται

516 3023 580 3075 ἐπι
619 3030 668 3091 τῇ
705 3028 829 3075 αυτοῧ
865 3046 1136 3093 προσηγοριᾳ,
1175 3043 1306 3089 παρων
1319 3022 1563 3111 εὑρίσκεται
1598 3027 1619 3073 ὅ

514 3112 691 3162 κυριος,’
724 3094 841 3160 πόσῳ
884 3099 1038 3159 μαλλον
1084 3092 1262 3160 ευρεθειη
1310 3115 1359 3143 αν
1406 3093 1512 3143 ἔνθα
1549 3097 1620 3148 ὅλη

517 3164 673 3215 δικαιων
717 3165 864 3231 γενεάς
914 3168 974 3214 ο’τι
1021 3163 1064 3214 δε
1109 3168 1144 3213 οἱ
1191 3169 1260 3220 τῆς
1304 3167 1427 3222 αὑτης
1471 3187 1622 3232 γνωμης

518 3257 584 3284 και
616 3235 679 3298 βῖο
683 3260 705 3284 υ
738 3259 778 3286 το
780 3240 804 3285 ῧ
837 3239 984 3296 αὐτου,
1021 3233 1119 3298 μίαν
1154 3240 1424 3302 συμπληροῦσι
1455 3234 1622 3301 γενεὰν,

518 3303 589 3366 κᾷν
622 3309 662 3354 ἐν
701 3308 895 3396 διαφόροις
931 3327 1083 3390 χρονοις
1120 3328 1341 3371 γενωντοιι,
1380 3327 1486 3369 μετα
1519 3311 1623 3357 τοιῧ-

523 3397 575 3425 τοι
625 3373 769 3443 ῥηθειη
800 3414 813 3436 ,
864 3375 920 3425 στ’
972 3372 1019 3424 ἀν
1062 3378 1120 3430 ἐἷς
1173 3380 1289 3427 τοῧτο
1338 3374 1487 3442 καλεσῃ
1533 3399 1626 3426 κοιι-

521 3465 602 3513 ρος·
651 3450 775 3508 δειὶιᾷ
820 3470 878 3502 τις
923 3445 1031 3514 φοβῳ
1076 3443 1120 3497 οὑ
1164 3469 1231 3495 ουκ
1273 3467 1322 3500 ην
1366 3444 1510 3512 φοβος,
1554 3470 1624 3496 και

525 3517 544 3564 o‘
584 3514 698 3584 eposss'
661 3539 814 3580 υμενος
858 3517 1096 3585 ἄνθρωπον,
1138 3540 1204 3566 και
1247 3517 1499 3574 ἁπαξαπλως
1539 3541 1627 3574 τους

523 3585 829 3643 ἀποκτείνοντας
876 3609 917 3637 το
968 3611 1082 3651 σωμα
1108 3626 1122 3648 ,
1175 3610 1245 3638 την
1290 3587 1332 3638 δὲ
1386 3586 1519 3653 ψυχην
1570 3612 1627 3652 μη

521 3655 757 3721 δυναμένους
791 3660 1035 3709 ἀποκτεῖναι·
1076 3659 1227 3725 εἴρηται
1265 3681 1340 3740 γαο
1361 3697 1375 3719 ,
1414 3657 1526 3711 πλην
1560 3681 1627 3708 του

523 3735 594 3776 Sea
580 3746 622 3777 ²2)
672 3752 726 3792 μη
764 3732 883 3816 φοβοῧ
926 3728 1062 3778 ἄλλ-ον
1115 3752 1238 3794 τουτῳ
1281 3753 1336 3794 τῳ
1367 3724 1500 3779 πάθει

525 3803 754 3863 σχεὲέῖσοιν
805 3820 878 3852 την
927 3797 1184 3867 Ἱερουσοιλημ
1233 3800 1252 3849 o‘
1302 3822 1427 3868 κυριος
1472 3798 1630 3866 ἐλέγχει

1552 3751 1630 3779 συ·
1652 3755 1655 3757 ’

1524 250 1719 283 monn
1735 268 1737 270 ·
1754 266 1757 270 ·

1670 338 1827 381 lumen.
1855 340 1906 381 Et
1923 338 2023 394 quia
2041 342 2287 395 operatores
2302 338 2534 395 iniquitatis
2550 344 2648 382 sunt
2670 344 2768 383 tan-

1671 413 1819 464 topere
1849 409 2006 452 inimici
2033 410 2170 466 plebis
2198 408 2302 463 Dei,
2334 413 2384 452 ut
2413 422 2507 452 eam
2530 410 2661 453 veluti
2685 423 2769 465 pa-

1672 492 1768 522 nem
1801 479 2034 536 devorent,
2075 481 2238 527 idcirco
2284 481 2456 524 scientia
2493 482 2571 523 Dei
2605 486 2761 524 carent.

1673 550 1855 594 Videtur
1881 557 2021 595 autem
2051 554 2182 597 homo
2210 553 2425 596 homiuem
2455 540 2637 607 vorare,
2671 565 2769 595 cum

1675 623 1716 664 ei
1735 635 1887 665 nocere
1916 624 2086 679 studet;
2108 625 2223 668 iuxta
2242 623 2373 667 illud:
2394 625 2428 666 si
2449 624 2626 666 invicem
2647 636 2769 666 mor-

1676 692 1783 735 detis
1800 697 1843 736 et
1858 694 2099 749 comeditis,
2119 700 2260 741 cavete
2274 707 2328 737 ne
2345 694 2398 738 ab
2415 695 2597 736 invicem
2616 706 2769 737 eonsu-

1675 755 1864 807 mamini.
1888 765 1996 807 Item
2017 766 2064 808 in
2086 767 2208 811 Esaia
2225 767 2284 810 sic
2303 771 2367 810 est
2394 767 2626 821 scriptum:
2654 784 2671 801 α
2689 767 2770 820 Sy-

1674 838 1778 879 riam
1809 836 1862 878 ab
1884 840 1984 879 ortu
2005 837 2108 879 solis
2122 868 2134 891 ,
2159 842 2202 882 et
2223 839 2406 881 Graecos
2424 851 2449 880 a
2470 838 2571 880 solis
2591 849 2745 879 occasu
2758 867 2773 890 ,

1676 907 1905 950 Israhelem
1943 912 2039 950 toto
2080 920 2155 952 ore
2193 909 2459 952 devorantes
2481 929 2497 944 »
2542 908 2624 951 Sed
2661 908 2776 950 enim

1677 990 1935 1033 quamquam
1964 979 2135 1033 plebem
2164 980 2241 1032 Dei
2279 980 2508 1036 aliquando
2547 980 2661 1022 forte
2692 979 2775 1021 de-

1677 1054 1829 1092 vorent
1846 1080 1859 1103 ,
1891 1054 2166 1104 peccatorum
2195 1063 2319 1094 causa
2346 1051 2400 1093 iis
2420 1051 2619 1094 traditam
2634 1082 2646 1104 ,
2670 1062 2779 1106 poe-

1677 1133 1752 1162 nas
1779 1125 1921 1183 tamen
1948 1121 2081 1162 luent.
2104 1122 2229 1164 ,Sacer
2253 1125 2316 1164 est
2335 1122 2449 1163 enim
2468 1123 2559 1164 Deo
2581 1121 2776 1174 Israhel,

1678 1193 1990 1248 primogenitus
2011 1191 2198 1236 filiorum
2225 1193 2330 1235 eius.
2347 1193 2455 1235 Mala
2479 1193 2531 1234 iis
2563 1194 2774 1245 evenient,

1680 1264 1784 1306 dicit
1814 1265 2045 1319 Dominus,
2078 1265 2154 1319 qui
2183 1264 2266 1308 sibi
2285 1264 2454 1319 plebem
2473 1265 2550 1305 Dei
2567 1265 2686 1318 panis
2706 1264 2776 1306 in-

1680 1340 1765 1378 star
1782 1335 2067 1378 devorandam
2084 1326 2417 1392 proposuerunt.
2436 1335 2669 1377 Dominum
2688 1347 2778 1378 nou

1679 1406 2010 1459 invocaverunt,
2043 1407 2144 1461 quia
2174 1406 2335 1449 viribus
2365 1406 2449 1448 suis
2479 1406 2622 1448 omnia
2650 1417 2782 1460 posse

1680 1476 1884 1532 perficere
1901 1507 1913 1530 ,
1943 1481 1987 1519 et
2016 1477 2179 1532 populo
2209 1476 2288 1519 Dei
2324 1475 2565 1529 dominari,
2596 1480 2780 1530 putave-

1680 1551 1796 1591 runt.
1821 1549 1987 1591 Etenim
2003 1550 2038 1591 si
2063 1549 2386 1603 cognovissent,
2409 1560 2454 1590 se
2473 1548 2640 1590 nonnisi
2658 1548 2785 1596 iudi-,

1683 1619 1749 1661 cio
1780 1620 1857 1684 Dei
1885 1623 2158 1674 peccatorum
2184 1618 2365 1661 vindicis
2381 1650 2393 1672 ,
2419 1619 2637 1672 captivum
2656 1617 2782 1660 illum

1682 1689 1851 1745 fecisse,
1875 1691 2022 1745 utique
2043 1690 2167 1733 veriti
2189 1693 2327 1732 essent
2342 1719 2354 1742 ,
2380 1701 2616 1731 mensuram
2643 1689 2783 1732 malo-

1683 1772 1779 1803 rum
1810 1762 1961 1817 populi
1990 1761 2137 1804 traditi
2158 1761 2399 1815 cumulare,
2424 1773 2478 1802 ne
2499 1762 2541 1802 in
2565 1773 2644 1816 par
2665 1759 2785 1803 iudi.-

1683 1833 1793 1875 cium
1823 1833 2100 1875 incurrerent.

1741 1904 1843 1947 Ideo
1875 1904 2030 1947 dicitur
2058 1904 2140 1947 illis
2170 1907 2336 1961 praeter
2358 1892 2783 1946 debitum‘feroeien·

1682 1975 1797 2018 tibus
1816 1990 1826 2018 z
1862 1977 1964 2031 quia
1999 1989 2079 2030 ego
2103 1988 2331 2031 parumper
2355 1975 2489 2018 iratus
2508 1975 2571 2016 fui
2587 2006 2598 2028 ,
2619 1975 2689 2016 isti
2710 1986 2784 2016 ae·-

1684 2048 1845 2090 rumnis
1874 2047 2102 2093 inferendis
2118 2043 2418 2090 incubuerunt.
2452 2048 2594 2100 Atque
2615 2047 2676 2088 ita
2703 2044 2786 2087 Dei>

1684 2119 1895 2173 populum
1943 2118 2165 2161 dominatu
2209 2118 2367 2160 iniusto
2414 2121 2652 2173 prementes
2669 2148 2682 2171 ,
2738 2117 2788 2159 int

1685 2195 1844 2232 metum
1874 2189 2124 2232 deciderunt
2143 2220 2155 2243 ,
2193 2188 2270 2231 ubi
2300 2189 2405 2231 nihil
2437 2190 2575 2232 timeri
2606 2191 2785 2243 oporte-

1685 2258 1777 2301 bat.
1811 2259 1960 2302 Nullus
1991 2260 2102 2301 enim
2131 2258 2378 2301 imminebat.
2407 2258 2558 2311 timor,
2591 2258 2624 2300 si
2650 2255 2784 2298 modo

1687 2332 1881 2387 captivos
1909 2333 1989 2374 Dei
2016 2331 2175 2374 iudicio
2213 2331 2272 2373 eis
2307 2330 2516 2384 traditos,
2557 2329 2786 2372 clementer

1687 2401 2011 2457 humaniterque
2040 2406 2313 2444 tractassent:
2348 2401 2424 2444 sed
2453 2401 2555 2456 quia
2585 2400 2690 2442 dure
2719 2403 2786 2442 at-

1689 2485 1772 2527 que
1802 2474 2076 2515 inclementer
2107 2474 2248 2515 omnia
2279 2477 2479 2527 egerunt,
2505 2474 2657 2514 timore
2688 2483 2788 2513 cor-

1688 2546 1800 2600 repti
1819 2548 1942 2598 suut,
1968 2549 2011 2586 et
2029 2546 2073 2586 in
2092 2544 2198 2587 mala
2220 2556 2329 2599 quae
2352 2544 2444 2586 aliis
2466 2543 2696 2586 intulerant
2714 2544 2785 2586 in-

1689 2620 1929 2659 currerunt.
1969 2617 2065 2658 Hoc
2099 2628 2200 2658 vero
2228 2615 2382 2671 fiebat,
2408 2617 2511 2670 quia
2532 2627 2630 2657 eum
2660 2627 2788 2669 gene-

1689 2688 1853 2730 ratione
1882 2689 2091 2730 iustorum
2124 2688 2238 2729 Deus
2273 2691 2350 2729 est.
2381 2689 2519 2729 Porro
2545 2686 2789 2740 generatio·

1690 2771 1788 2801 nem
1808 2760 2017 2801 iustorum
2037 2758 2150 2800 dices
2169 2758 2234 2800 vel
2255 2758 2465 2799 iustorum
2489 2759 2668 2811 operum
2682 2769 2790 2798 con-

1691 2831 1929 2885 gruentiam
1945 2861 1957 2884 ,
1974 2831 2092 2873 cuius
2112 2829 2241 2872 iudex
2260 2830 2327 2871 vir
2348 2830 2482 2871 iustus
2501 2816 2787 2885 comperitur3

1693 2903 1760 2944 vel
1775 2903 1984 2944 iustorum
2003 2901 2196 2944 virorum
2223 2900 2522 2954 concordiam,
2549 2905 2591 2941 et
2610 2900 2653 2941 in
2675 2898 2790 2956 idem

1691 2974 1965 3029 propositum
2002 2973 2356 3015 convenientiam.
2389 2973 2495 3014 Nam
2525 2972 2559 3013 si
2596 2971 2672 3013 ubi
2702 2971 2793 3014 duo

1692 3044 1761 3086 vel
1790 3047 1878 3085 tres
1907 3047 2221 3097 congregantur
2250 3044 2294 3084 in
2324 3042 2498 3084 nomine
2527 3042 2639 3096 eius,
2666 3053 2793 3096 prae-

1693 3128 1788 3158 sens
1817 3116 2079 3172 comperitur
2107 3115 2342 3169 Dominus,
2375 3113 2701 3169 quantomagis
2729 3112 2793 3155 ibi

1693 3188 1933 3231 invenietur
1970 3187 2047 3228 ubi
2087 3187 2284 3229 universa
2325 3187 2536 3228 iustorum
2573 3184 2792 3239 generatio

1695 3261 1757 3300 est
1771 3259 1794 3300 ’.Ρ
1825 3257 1952 3310 Quod
1982 3261 2124 3300 autem
2143 3257 2336 3300 homines
2355 3256 2540 3299 eiusdem
2562 3256 2793 3297 sententiae

1696 3330 1968 3384 eiusdemque
1997 3330 2134 3384 vitae,
2166 3341 2295 3371 unam
2325 3327 2513 3370 efficiant
2551 3326 2793 3382 generatio·

1696 3414 1792 3444 nem
1809 3401 1978 3453 ,etiamsi
1996 3399 2173 3443 diversis
2192 3399 2459 3455 temporibus
2475 3399 2634 3440 fuerint
2646 3428 2658 3450 ,
2677 3399 2795 3451 post-

1697 3474 1797 3516 hinc
1827 3473 1993 3516 dicetur
2023 3485 2121 3515 cum
2149 3484 2229 3514 nos
2260 3471 2428 3514 occasio
2450 3470 2504 3512 ad
2522 3469 2566 3512 id
2584 3469 2793 3511 invitave-

1698 3546 1771 3588 rit.
1804 3543 2026 3587 Formidat
2055 3541 2210 3598 aliquis
2237 3543 2392 3584 timore
2423 3540 2499 3583 ubi
2520 3552 2606 3582 non
2627 3542 2717 3581 erat
2737 3538 2796 3580 ti-

1699 3629 1796 3659 mor
1817 3646 1830 3670 ,
1862 3615 1992 3667 etiam
2017 3614 2088 3658 ille
2117 3614 2194 3670 qui
2221 3613 2439 3656 hominem
2467 3613 2588 3654 timet
2607 3640 2618 3662 ‚
2651 3609 2794 3651 nomi-

1692 3688 1916 3742 natimque
1943 3685 2042 3729 illos
2071 3686 2149 3742 qui
2177 3696 2334 3741 corpus
2356 3681 2580 3733 occidunt,
2606 3679 2681 3722 sed
2699 3681 2794 3723 ani-

1700 3770 1815 3801 mam
1846 3757 2040 3800 occidere
2078 3760 2312 3813 nequeunt.
2353 3755 2525 3797 Dictum
2554 3755 2619 3794 est
2648 3752 2791 3794 enim:

1701 3833 1871 3885 praeter
1900 3829 2064 3885 Deum,
2087 3828 2302 3872 neminem
2330 3827 2506 3869 metuas.
2533 3822 2686 3865 Morbo
2709 3822 2796 3865 hoc
2846 3876 2850 3878 ῃ
