2996 4432
1194 241 1433 275 noxizoms.
2388 232 2416 276 '7
2430 231 2444 276 ί

179 344 236 385 et
259 331 370 402 lege
406 329 656 383 saeculari
693 326 906 398 capitali
941 325 1262 399 dampnatur
1298 325 1611 398 opprobrio.
1653 330 1791 379 Dum
1824 328 1963 381 enim
2004 329 2235 381 alienum
2286 329 2446 382 violat

185 427 392 479 torum,
431 416 597 466 Deum
635 410 994 481 contempnit,
1036 411 1131 482 qui
1177 411 1350 481 primo
1396 411 1603 481 parenti
1636 410 1957 463 adiutorium
1993 409 2233 464 tribuens
2278 412 2444 483 legem

183 499 367 549 statuit
401 495 759 566 coniugalem:
802 505 854 545 et
890 494 1138 564 proximo
1175 494 1300 546 facit
1326 493 1595 555 iniuriam,
1625 505 1678 544 et
1703 492 1916 545 duobus
1947 493 2204 546 mandatis
2230 496 2442 546 Domini

187 600 297 632 uuo
341 579 632 649 eodemque
670 588 888 649 peccato
925 587 1138 628 tenetur
1174 574 1480 647 culpabilis,
1522 586 1637 627 tum
1675 576 1801 646 quia
1837 594 1948 628 rem
1986 579 2316 647 concupiscit
2352 575 2444 629 illi·

182 664 372 725 citam,
411 673 523 713 tum
567 660 693 731 quia
731 676 948 711 uxorem
983 659 1110 729 legis
1149 658 1359 711 divinae
1395 657 1784 730 praevaricator
1823 659 1985 711 violat
2025 659 2265 712 alienam.
2306 660 2445 712 Tali-

188 747 291 798 bus
326 764 423 816 per
458 744 636 796 omnia
668 743 966 814 imponitur
1000 741 1254 794 iudicium
1275 781 1290 805 ,
1318 740 1613 795 secundum
1637 749 1939 793 sanctorum
1965 754 2177 813 patrum
2202 743 2405 813 regulas
2426 783 2440 804 ,

186 841 247 880 ut
281 826 581 890 homicidis3
622 837 823 878 servata
858 836 1032 877 tamen
1071 836 1334 896 potestate
1363 825 1495 887 viri,
1536 835 1595 876 ut
1630 824 1674 875 si
1704 824 1995 895 placuerit,
2035 842 2257 878 uxorem
2294 823 2445 878 adul-

186 924 350 963 teram
389 929 501 962 non
537 909 900 979 derelinquat3
942 909 1016 960 ita
1046 919 1222 960 tamen
1259 919 1322 959 ut
1351 905 1594 960 dimissus
1624 907 1692 959 ab
1724 925 1926 971 uxore,
1966 909 2046 960 vel
2072 907 2304 971 dimissa,
2333 927 2445 980 per·

189 1006 348 1065 petua
371 1004 585 1046 careant
617 993 809 1063 copula
845 992 1125 1061 coniugali.

302 1078 415 1130 152.
458 1076 656 1128 Bonizo
683 1076 992 1146 episcopus.
1031 1073 1168 1145 Sunt
1197 1085 1250 1125 et
1282 1074 1381 1126 alia
1421 1074 1576 1145 plura
1612 1085 1855 1145 peccata,
1903 1091 2042 1145 quae
2073 1075 2116 1126 si
2149 1093 2258 1127 non
2304 1077 2445 1146 capi·
2490 1095 2559 1126 eoa.
2581 1096 2713 1125 κω).

189 1160 342 1223 talia,
388 1172 564 1212 tamen
596 1160 888 1220 mortifera,
928 1157 992 1209 ad
1028 1175 1165 1228 quae
1196 1156 1424 1209 cavenda
1461 1157 1557 1209 Dei
1589 1156 1885 1228 indigemus
1915 1158 2110 1227 gratia,
2144 1158 2294 1209 cuius
2330 1177 2446 1210 mu·

188 1262 314 1296 nere
345 1254 401 1295 et
437 1244 693 1295 immunes
730 1240 1058 1294 custodimur
1092 1259 1122 1292 a
1158 1241 1415 1309 peccatiS,
1449 1252 1502 1292 et
1532 1241 1819 1292 liberamur
1857 1260 1886 1292 a
1924 1241 2242 1306 commissis;
2283 1258 2443 1312 quam

187 1339 248 1379 ut
284 1346 577 1379 mereamur
615 1324 903 1398 promereri
934 1322 1002 1376 ad
1038 1323 1282 1388 salutem,
1319 1323 1704 1396 supplicandus
1740 1336 1818 1376 est
1853 1323 1995 1376 Deus
2038 1337 2188 1395 pater
2221 1325 2335 1377 sine
2371 1327 2444 1376 in·
2491 1349 2649 1381 comma.
2672 1356 2701 1380 a.

188 1411 514 1462 termissione
547 1420 601 1461 et
633 1406 894 1471 orandus,
940 1418 1000 1458 ut
1045 1425 1184 1477 quos
1221 1406 1439 1459 donavit
1473 1418 1746 1459 consortes
1782 1407 1895 1460 fieri
1932 1406 2169 1478 imaginis
2205 1408 2297 1459 filii
2333 1410 2440 1473 sui,

187 1492 456 1545 custodiat
494 1510 665 1562 usque
696 1492 752 1542 in
785 1491 941 1542 finem
972 1509 1002 1541 a
1032 1490 1303 1542 mortifero
1330 1501 1544 1561 peccato
1572 1491 1850 1554 inlibatos3
1893 1503 1953 1543 ut
1989 1508 2126 1562 quos
2157 1510 2253 1562 per
2288 1488 2447 1563 adop·

189 1577 390 1628 tionem
430 1575 637 1627 vocavit
672 1575 838 1638 filios,
880 1574 962 1625 his
997 1585 1216 1644 paterna
1252 1573 1560 1626 misereatur
1593 1574 1943 1643 benignitate:
1998 1587 2050 1626 et
2090 1577 2183 1646 qui
2221 1576 2318 1628 scit
2352 1576 2446 1645 fig-

187 1671 420 1711 mentum
459 1669 699 1710 nostrum
741 1656 1027 1719 caducum,
1068 1669 1122 1709 et
1156 1658 1411 1709 versutias
1445 1657 1654 1728 antiqui
1706 1659 1869 1710 hostis
1917 1659 2044 1729 quia
2093 1660 2445 1733 permaximae

186 1755 341 1806 sunt,
371 1761 482 1795 non
519 1742 752 1812 patiatur
787 1760 886 1793 nos
922 1740 1210 1792 ludibrium
1246 1741 1360 1792 fieri
1396 1739 1625 1804 diaboli3
1666 1740 1761 1792 sed
1798 1760 1893 1812 per
1930 1740 2230 1794 mediatoris
2260 1742 2445 1795 adven-

185 1838 301 1878 tum
324 1824 565 1878 effundat
598 1843 758 1895 super
794 1842 892 1875 nos
929 1823 1146 1893 gratiam
1182 1822 1409 1894 Spiritus
1450 1824 1641 1887 sancti3
1663 1831 1730 1875 'ut
1755 1825 1849 1895 qui
1882 1825 1935 1876 in
1965 1826 2229 1882 creatione
2260 1827 2446 1880 mundi

186 1909 351 1961 verbo
387 1920 440 1960 et
474 1908 617 1960 bona
640 1908 912 1959 voluntate
941 1925 1123 1958 creans
1155 1907 1358 1976 singula
1396 1918 1558 1978 atque
1589 1906 1903 1977 disponens,
1939 1920 2127 1961 cuncta
2163 1928 2301 1980 quae
2325 1910 2446 1963 fecit

187 1992 354 2056 vidit;
395 2003 448 2043 et
482 1992 612 2061 quia
636 1990 808 2054 vidit,
843 1991 1154 2060 complacita
1177 1991 1281 2042 sibi
1305 1989 1451 2042 fuere
1477 1991 1619 2042 bona
1646 2001 1698 2042 et
1720 1991 1862 2042 bona
1888 1991 2059 2044 valde.
2089 1992 2239 2058 Quos
2265 1992 2445 2046 Verbo

186 2086 397 2126 creante
433 2075 635 2137 omnia,
666 2085 718 2126 et
751 2074 890 2125 bona
922 2074 1193 2125 voluntate
1210 2073 1483 2144 ⁸Spiritus,
1524 2075 1580 2125 in
1610 2091 1801 2125 novam
1838 2074 2081 2126 formavit
2115 2088 2406 2128 creaturam
2427 2117 2441 2140 ,

186 2158 383 2209 intuitu
422 2156 806 2209 misericordiae
831 2175 956 2208 suae
981 2157 1252 2228 respiciat,
1295 2170 1348 2209 et
1378 2176 1432 2209 se
1462 2159 1543 2209 his
1569 2174 1707 2228 quae
1735 2158 1858 2209 fecit
1883 2159 2259 2229 complacuisse
2292 2172 2446 2214 teste-

186 2252 275 2293 tur
293 2279 306 2301 ,
347 2251 406 2291 ut
437 2240 506 2290 ab
532 2240 651 2309 ipso¹
687 2239 782 2309 qui
815 2239 961 2290 solus
988 2239 1163 2291 bonus
1193 2252 1300 2304 est,
1328 2242 1503 2292 omnia
1533 2241 1673 2292 bona
1709 2241 1999 2311 procedant
2025 2255 2078 2295 et
2104 2243 2246 2295 bona
2270 2244 2438 2296 valde.

173 2320 442 2376 *Effundat
466 2343 591 2394 ergo
615 2342 777 2395 super
809 2342 905 2375 nos
939 2324 1335 2394 supereminens
1371 2324 1628 2375 charisma
1661 2324 1827 2375 sancti
1847 2324 2101 2395 Spiritus,
2139 2327 2336 2378 scilicet
2369 2346 2447 2379 ca·

188 2406 392 2456 ritatem
431 2414 491 2456 ut
529 2404 804 2475 diligamus
842 2423 965 2456 eum
1001 2423 1141 2475 puro
1179 2403 1340 2455 corde
1377 2416 1429 2455 et
1463 2423 1598 2475 pura
1645 2418 1819 2459 mente
1864 2416 1916 2459 et
1951 2409 2201 2461 omuibus
2244 2411 2445 2462 viribus

184 2488 389 2539 animae
419 2498 650 2540 nostrae.
693 2486 1006 2557 Diligendus
1043 2499 1121 2539 est
1157 2487 1326 2551 enim3
1367 2488 1517 2558 prior
1552 2489 1695 2540 enim
1726 2489 1911 2542 dilexit
1948 2510 2075 2557 noS,
2112 2504 2164 2545 et
2189 2511 2299 2544 non
2326 2511 2450 2564 qua-

190 2571 320 2622 libet
350 2571 598 2633 caritate,
639 2569 730 2622 sed
765 2571 1054 2641 praecipua
1090 2589 1198 2641 qua
1234 2569 1401 2621 filium
1446 2590 1601 2623 suum
1645 2591 1744 2643 pro
1793 2574 1947 2626 nobis
1986 2575 2448 2628 tradidit'crucifi-

186 2652 446 2722 gendum,
494 2665 554 2705 ut
593 2672 690 2706 nos
726 2654 955 2724 eriperet
989 2670 1057 2706 ex
1093 2652 1388 2705 maledicto.
1430 2656 1719 2726 Diligamus
1756 2668 1807 2708 et
1843 2659 2166 2728 proximum.
2214 2658 2268 2710 Si
2306 2661 2447 2711 enim

188 2736 490 2806 proximum
520 2755 630 2790 non
650 2736 1007 2798 dilexerimus,
1035 2748 1168 2788 teste
1193 2738 1478 2807 apostolo*,
1508 2758 1606 2791 nec
1636 2742 1803 2792 Deum
1824 2741 2136 2793 invisibilem
2156 2743 2448 2813 poterimus
2497 2765 2634 2795 *1.10n.
2660 2765 2711 2794 xv.
2729 2768 2773 2793 20.

185 2818 425 2889 diligere.
469 2819 644 2884 Quem
684 2818 899 2888 diligere
942 2819 986 2870 si
1031 2819 1376 2884 voluerimus,
1423 2834 1638 2892 oportet
1679 2824 1852 2894 primo
1897 2843 1996 2895 pro
2039 2826 2206 2877 salute
2242 2827 2444 2878 animae

186 2903 300 2959 eius
333 2920 446 2954 esse
479 2902 798 2953 sollicitum:
829 2914 948 2973 post
973 2920 1099 2954 vero
1128 2904 1239 2955 eius
1272 2905 1671 2957 necessitatibus
1705 2907 2113 2959 misericorditer
2140 2908 2439 2961 subvenire.

189 2985 254 3035 Et
288 2985 360 3035 sic
395 2983 636 3036 ordinate
674 2985 927 3037 habemus
957 2986 1255 3051 caritatem3
1297 3006 1456 3057 quam
1491 2988 1686 3041 habere
1721 2990 1926 3061 absque
1964 2992 2075 3042 eius
2121 3011 2364 3055 munere,
2415 3012 2444 3045 a

185 3086 300 3137 quo
325 3085 484 3120 omne
519 3067 723 3120 bonum
750 3079 858 3131 est,
891 3068 1110 3120 omnino
1143 3087 1254 3120 non
1291 3088 1598 3140 possumus:
1635 3072 1747 3124 sine
1782 3090 1891 3144 qua
1927 3091 2024 3126 nec
2058 3075 2294 3127 remissio
2330 3083 2447 3147 pec·

185 3161 426 3201 catorum
464 3150 622 3202 datur
655 3152 711 3202 in
746 3151 984 3202 ecclesia:
1025 3163 1079 3203 et
1122 3171 1282 3222 quam
1318 3154 1413 3223 qui
1449 3154 1772 3224 possederit,
1825 3167 1937 3209 nou
1984 3159 2278 3221 extollitur,
2333 3178 2443 3211 non

188 3232 426 3295 inflatur,
455 3253 568 3285 non
584 3234 692 3303 agit
712 3252 1006 3305 perperam,
1036 3253 1147 3286 non
1173 3237 1378 3306 quaerit
1401 3255 1538 3307 quae
1563 3255 1655 3289 sua
1680 3250 1823 3290 suut.
1854 3241 1919 3291 Et
1943 3252 2002 3293 ut
2026 3242 2162 3294 hanc
2187 3242 2447 3313 possimus

188 3316 495 3386 impetrare,
529 3335 668 3387 quae
704 3328 984 3387 exsuperat
1021 3335 1231 3369 omnem
1264 3337 1503 3384 sensum,
1533 3339 1741 3373 oremus
1766 3323 1919 3375 nobis
1955 3345 1984 3377 a
2017 3337 2166 3396 patre
2200 3326 2314 3378 dari
2351 3345 2451 3398 per

188 3399 362 3450 lesum
401 3399 666 3451 Christum
701 3399 868 3451 filium
904 3401 1035 3452 eius.

631 3553 710 3599 EX
741 3554 915 3601 Lumo
946 3556 1011 3609 X,
1048 3555 1147 3610 QUI
1185 3556 1287 3602 EST
1313 3557 1391 3602 DE
1421 3558 1650 3606 IUDlCllS
1683 3560 1989 3609 mmmm.

306 3727 422 3779 153.
450 3671 776 3798 Superiore
796 3729 932 3782 libro
958 3729 1149 3784 dixisse
1168 3751 1250 3785 me
1268 3733 1478 3786 memini
1496 3735 1818 3806 prudentum
1839 3739 2110 3791 subiacere
2134 3740 2352 3791 arbitrio
2373 3758 2448 3791 sa-

190 3809 493 3876 cerdotum,
531 3811 820 3864 secundum
854 3812 1068 3866 modum
1094 3815 1311 3887 culpae,
1342 3817 1668 3871 considerata
1700 3822 1990 3875 humilitate
2014 3841 2076 3875 ac
2102 3822 2444 3893 paenitudine
2495 3850 2563 3880 coa.
2584 3850 2604 3879 s.
2624 3853 2658 3879 73
2688 3849 2720 3879 ιο.
