2996 4432
1209 267 1450 301 noxtzoms.
2428 258 2458 302 7

211 362 409 416 docere
445 360 634 421 debet,
671 374 797 410 vera
836 371 944 409 esse
992 363 1305 425 cognoscam
1344 363 1397 405 et
1431 369 1570 423 quae
1617 370 1739 405 vera
1779 371 1889 407 esse
1934 355 2270 424 cognoverit,
2309 354 2455 407 omni

215 446 426 506 sublato
461 440 672 497 terrore
696 438 766 492 ad
801 437 1216 492 aedificationem
1248 434 1472 489 subditis
1508 435 1802 489 ministrare
1837 455 1947 489 non
1984 437 2210 491 differat.
2251 439 2316 490 Et
2351 439 2455 491 sol·

217 530 377 581 lerter
411 523 724 580 intuendum
761 533 838 575 est
873 518 1144 592 quomodo
1180 520 1266 572 lex
1300 519 1450 574 vetus
1486 536 1657 570 novae
1692 521 1989 572 conveniat.
2017 519 2079 572 Id
2107 521 2278 591 ipsum
2302 520 2452 591 Moy·

215 630 297 663 ses
333 609 481 683 quod
517 605 814 679 apostolus:
854 603 942 657 ille
979 602 1305 656 sacerdotem
1337 612 1494 655 ornat
1528 603 1585 654 in
1620 602 1880 665 vestibuS‚
1910 604 1995 655 hic
2032 603 2348 675 discipulum
2374 606 2455 657 in-

216 694 372 746 struit
407 690 713 762 discipliniS.
748 688 814 740 Et
850 705 973 739 cum
1005 685 1214 757 Moyses
1247 683 1415 739 lotum
1449 703 1590 756 aqua
1617 686 1795 738 Aaron
1821 687 2052 738 vestibus
2075 686 2260 739 induat
2296 706 2456 740 sacer·

217 775 512 839 dotalibuS‚
551 772 662 825 sola
698 770 960 823 feminalia
995 769 1095 822 sibi
1117 770 1270 822 vestit
1292 767 1570 834 sacerdos;
1611 768 1736 839 quia
1760 766 1827 820 de
1858 770 2104 822 omnibus
2138 771 2449 833 virtutibuS,

216 868 402 929 utpote
437 855 504 927 de
538 854 794 927 sapientia
829 864 881 906 et
915 851 1207 906 humilitate
1232 862 1284 905 et
1318 852 1663 923 temperantia
1693 861 1746 903 et
1769 849 1836 903 de
1871 853 2057 904 ceteris
2092 853 2280 905 harum
2316 854 2454 905 simi-

214 941 352 993 libus
387 949 611 1010 possunt
646 937 864 990 humani
901 954 1082 988 sensus
1104 933 1432 999 >diiudicare3
1464 933 1530 987 de
1566 933 1676 986 sola
1711 951 1837 987 vero
1873 936 2217 1004 temperantia
2240 937 2454 989 humani

218 1023 359 1076 oculi
398 1022 525 1074 certi
561 1020 745 1073 arbitri
783 1038 894 1072 esse
930 1037 1040 1071 non
1075 1028 1332 1089 possunt,
1361 1029 1583 1089 excepto
1620 1016 1687 1070 de
1722 1017 1804 1070 his
1840 1018 1934 1088 qui
1965 1018 2243 1070 brutorum
2268 1019 2467 1089 passim-

213 1105 518 1158 animalium
554 1105 610 1156 in
646 1121 814 1156 coeno
849 1096 1086 1157 libidinis
1119 1101 1442 1154 volutantur.
1485 1099 1641 1153 Unde
1677 1111 1728 1153 et
1763 1100 2033 1171 apostolus
2075 1099 2231 1152 dicit:
2272 1101 2334 1152 de
2370 1102 2458 1152 vir-

207 1189 428 1261 ginibus
455 1198 798 1260 praeceptum
835 1185 1068 1238 Domini
1102 1203 1212 1237 non
1238 1183 1422 1236 habeo.
1463 1184 1631 1250 Quasi
1666 1183 1875 1255 Moyses
1917 1182 2088 1248 dicat,
2127 1183 2457 1236 feminalibus

209 1292 309 1342 ego
349 1291 459 1323 non
494 1271 692 1334 vestie,
732 1288 830 1322 nec
865 1270 1083 1340 impono
1118 1267 1277 1319 alicui
1313 1268 1687 1320 necessitatem.
1729 1267 1836 1334 Qui
1873 1267 1983 1319 vult
2027 1266 2296 1330 sacerdOS,
2343 1268 2456 1338 ipse

217 1373 272 1407 se
308 1355 508 1407 vestiat.

772 1434 1015 1500 Qualiter
1049 1433 1346 1486 consecrari
1382 1431 1572 1485 debeat
1606 1433 1902 1505 episcopus,

325 1540 403 1574 12.
446 1519 671 1572 Nonnisi
695 1519 751 1570 in
776 1517 1050 1570 dominicis
1075 1515 1264 1569 diebus
1288 1516 1707 1569 consecrationes
1731 1517 2103 1588 episcoporum
2131 1535 2286 1587 posse
2310 1516 2421 1568 fieri
2438 1556 2452 1578 ,
2503 1538 2605 1569 coar.
2622 1542 2662 1567 η.
2688 1546 2715 1567 a.

212 1622 310 1656 nec
335 1604 508 1656 minus
533 1621 692 1673 quam
718 1620 749 1653 a
772 1601 942 1653 tribus
959 1642 973 1665 ‚
1007 1600 1191 1653 ceteris
1214 1611 1389 1653 autem
1413 1618 1677 1653 assensum
1701 1598 2104 1670 praebentibuS,
2133 1599 2288 1655 beato
2315 1600 2456 1651 Ana-

211 1687 347 1739 cleto
384 1686 510 1757 (qui
535 1685 788 1737 Clementi
824 1684 1070 1737 successit
1093 1684 1150 1735 in
1174 1683 1572 1754 pontificatum,
1614 1683 1816 1754 quique
1853 1683 2007 1734 etiam
2044 1702 2074 1734 a
2109 1682 2264 1735 beato
2299 1684 2455 1735 Petro

212 1788 309 1840 per
334 1787 561 1822 mensem
598 1767 918 1821 decembrim
952 1768 1234 1839 presbyter
1269 1785 1518 1819 romanus
1543 1765 1819 1819 ordinatus
1843 1767 1946 1834 est)
1974 1766 2233 1841 referente
2269 1785 2457 1837 cogno-

209 1853 396 1904 vimuS.
425 1853 491 1904 Et
514 1853 617 1905 hoc
641 1870 768 1904 vero
793 1850 980 1904 ordine
1004 1862 1064 1902 ut
1086 1852 1300 1904 veniens
1337 1851 1532 1903 electus
1567 1851 1703 1902 intra
1738 1851 1984 1921 quintum
2012 1869 2235 1902 mensem
2261 1851 2329 1902 ab
2355 1851 2456 1903 ele-

211 1938 386 1989 ctione
422 1955 515 1989 sua
535 1976 548 1999 ,
578 1936 677 1987 nisi
713 1935 850 1987 forte
885 1936 1056 2005 gravis
1092 1935 1370 1988 necessitas
1395 1932 1607 1985 differre
1633 1934 1852 1987 ulterius
1877 1934 2134 2004 coegerit,
2164 1945 2284 1985 ante
2313 1953 2456 2004 prae—

213 2020 431 2071 sentiam
456 2018 849 2088 metropolitani
873 2018 1126 2070 scrutinio
1150 2016 1429 2088 diligenter
1458 2016 1640 2069 habito
1659 2058 1672 2081 ‚
1713 2018 1897 2069 ceteris
1931 2017 2188 2087 episcopis
2221 2036 2338 2078 cum
2378 2036 2459 2069 eo·

210 2102 329 2154 dem
366 2101 771 2173 metropolitano
807 2120 992 2153 manus
1028 2101 1127 2154 sibi
1163 2100 1586 2171 imponentibus,
1626 2111 1678 2152 et
1714 2100 1980 2170 evangelia
2017 2119 2175 2170 super
2214 2101 2458 2152 humeros

211 2186 323 2237 eius
347 2184 874 2257 aperta-tenentibus,
902 2184 1001 2236 rite
1027 2195 1380 2236 consecretur.
1401 2182 1564 2248 Quod
1588 2184 1631 2235 si
1656 2184 1928 2254 provincia
1952 2184 2356 2254 metropolitano
2377 2203 2460 2236 ca—

213 2261 405 2333 ruerit,
444 2279 548 2320 tres
574 2268 807 2339 episcopi
834 2267 1169 2337 congregati,
1208 2267 1392 2322 ceteris
1418 2285 1683 2319 assensum
1711 2267 2117 2338 praebentibus,
2150 2279 2457 2321 consecrent

210 2354 536 2423 episcopum.
574 2350 628 2403 Si
660 2369 785 2403 vero
821 2362 927 2403 tres
959 2351 1016 2402 in
1047 2349 1228 2402 eadem
1260 2351 1534 2421 provincia
1566 2369 1676 2402 non
1701 2351 1971 2420 potuerint
2000 2351 2252 2414 inveniri,
2292 2349 2359 2402 ad
2395 2350 2460 2402 al-

212 2436 375 2487 terius
409 2435 710 2506 provincIae
734 2432 1148 2503 confugiendum
1186 2442 1263 2486 est
1292 2433 1593 2505 episcopOS,
1624 2451 1791 2503 usque
1827 2432 1954 2485 dum
1992 2433 2161 2485 trinus
2192 2433 2459 2504 episcopo·

212 2537 331 2568 rum
367 2536 617 2570 numerus
652 2517 817 2588 possit
862 2516 1175 2587 computari.
1223 2515 1385 2583 Quod
1427 2516 1506 2581 si,
1552 2516 1782 2587 peccatis
1824 2516 2181 2586 exigentibuS,
2228 2517 2458 2568 evenerit

211 2612 272 2652 ut
307 2601 363 2652 in
404 2601 678 2671 provincia
714 2600 926 2652 nonnisi
971 2618 1112 2651 unus
1156 2609 1418 2669 superstes
1453 2599 1753 2651 inveniatur
1797 2600 2109 2670 episcopus,
2149 2610 2201 2650 et
2236 2599 2320 2651 ille
2362 2618 2458 2670 per

212 2683 459 2735 malitiam
496 2702 681 2734 manus
716 2683 882 2734 electo
919 2682 1190 2753 imponere
1226 2681 1490 2747 noluerit,
1529 2682 1682 2734 liceat
1717 2682 1882 2734 electo
1920 2680 2209 2733 secundum
2251 2681 2459 2734 decreta

216 2766 364 2818 Hosii
401 2765 635 2836 episcopi
674 2765 730 2816 in
766 2763 1051 2816 sardicensi
1087 2764 1340 2830 concilio,
1368 2764 1436 2817 ad
1460 2765 1674 2818 alterius
1698 2766 2000 2836 provinciae
2023 2766 2244 2818 transire
2269 2778 2459 2817 metro-

218 2850 510 2920 politanum
532 2887 545 2911 ‚
585 2847 666 2900 vel
704 2846 853 2917 quod
889 2847 1055 2898 multo
1102 2847 1286 2899 melius
1333 2859 1445 2910 est,
1486 2847 1553 2900 ad
1590 2859 1800 2900 sanctae
1834 2866 2078 2900 romanae
2114 2848 2388 2910 ecclesiae,
2428 2866 2457 2899 a

215 2951 323 3002 qua
360 2931 530 2982 omnis
573 2931 906 3000 episcopatus
950 2930 1169 3000 sumpsit
1216 2929 1521 2993 exordium,
1561 2931 1914 3002 patrocinium
1957 2931 2254 2983 convolare.
2294 2931 2458 3000 Igitur

218 3026 504 3085 postquam
527 3014 723 3066 electus
749 3012 907 3082 digne
931 3023 984 3065 et
1006 3012 1315 3082 regulariter
1338 3014 1498 3067 fuerit
1521 3026 1857 3067 consecratus
1873 3054 1887 3077 ,
1915 3013 2093 3066 sedula
2117 3013 2456 3069 meditatione

214 3116 393 3149 secum
428 3095 562 3167 quid
598 3095 977 3166 spoponderit,
1019 3107 1071 3147 et
1107 3096 1193 3148 cui
1214 3136 1227 3157 ,
1268 3107 1320 3148 et
1342 3096 1464 3159 ubi,
1494 3095 1588 3148 diu
1613 3109 1885 3167 noctuque
1917 3098 2192 3168 recogitet,
2222 3109 2275 3148 et
2309 3096 2456 3168 quod

216 3181 529 3233 catholicum
565 3198 677 3232 esse
714 3191 765 3231 et
801 3178 1160 3231 orthodoxum
1197 3180 1562 3250 praesentibus
1598 3199 1652 3233 se
1687 3181 1955 3251 professus
1988 3192 2097 3243 est,
2143 3197 2457 3252 omnemque

215 3264 469 3316 haeresim
505 3263 843 3327 extollentem
876 3265 933 3314 se
970 3262 1218 3316 adversus
1253 3274 1486 3316 sanctam
1524 3264 1792 3317 eeclesiam
1828 3265 2368 3329 anathematizaverit;
2406 3277 2457 3317 et

215 3346 362 3416 quod
398 3347 643 3399 omnibus
680 3344 848 3397 modis
884 3364 1106 3398 romano
1143 3346 1384 3399 Pontifici
1422 3359 1475 3400 et
1500 3348 1851 3400 consecratori
1877 3365 2005 3412 sim,
2033 3346 2324 3402 secundum
2359 3348 2458 3418 pri-

216 3429 459 3497 vilegium
493 3429 905 3499 archiepiscopis
940 3447 970 3480 a
1006 3447 1226 3480 romano
1263 3429 1516 3482 Pontific'e
1552 3447 1887 3494 concessum,
1921 3430 2272 3484 obedientiam
2307 3449 2458 3503 prae-

216 3511 452 3562 biturum
490 3521 706 3563 testatus
742 3522 837 3562 est.

330 3594 410 3646 13.
450 3593 852 3665 Memineritque
888 3593 1112 3665 qualiter
1146 3594 1426 3667 episcopus
1459 3595 1725 3666 evangelia
1758 3615 1920 3667 super
1954 3597 2202 3651 humeros
2234 3596 2346 3650 eius
2382 3607 2457 3647 te-

216 3688 376 3728 nente
394 3716 408 3740 ‚
437 3689 596 3748 caput
630 3677 921 3731 chrismatis
954 3679 1208 3731 unctione
1231 3679 1296 3731 sit
1331 3677 1628 3731 delibutum
1645 3719 1658 3744 ,
1686 3690 1748 3732 ut
1771 3680 2062 3751 principale
2093 3698 2243 3733 suum
2262 3718 2276 3742 ,
2307 3676 2456 3749 quod

216 3771 295 3810 est
320 3777 463 3812 mens
479 3800 494 3823 ‚
522 3760 640 3813 oleo
662 3760 885 3814 laetitiae
908 3761 1110 3814 habens
1134 3761 1503 3827 exhilaratum,
1531 3762 1588 3815 in
1611 3762 1784 3833 regale
1806 3775 2040 3836 assurgat
2070 3761 2449 3816 sacerdotium:

217 3854 271 3894 et
308 3861 588 3897 nazaraeus
623 3844 936 3916 evangelista
962 3844 1209 3912 effectus,
1236 3845 1436 3918 virgam
1460 3846 1734 3918 pastoralis
1769 3845 1979 3914 iudicii,
2007 3858 2059 3901 et
2092 3845 2308 3901 anulum
2333 3842 2453 3897 fidei
2502 3861 2617 3893 com.
2636 3864 2679 3891 η.
2700 3861 2733 3889 b.
