2996 4432
236 411 245 420 ·
263 408 337 437 Luc.
362 407 413 436 XI.
435 410 480 435 41.

240 486 256 502 ⁶
268 483 360 513 Eccli.
371 484 425 513 111.
437 487 483 514 33.

258 568 273 583 ”
292 565 365 594 Luc.
381 564 482 595 VL37.

255 1897 322 1926 eod.
340 1897 361 1928 f.
382 1901 424 1926 66.
443 1896 474 1926 b.

191 3231 201 3240 “
211 3226 306 3256 ludio.
320 3225 402 3256 Vlll.
419 3228 465 3254 27.

188 3312 256 3339 'Ps.
277 3309 398 3339 LXXII.
419 3313 464 3339 27.

536 293 596 339 66
1200 289 1203 291 ’
1429 294 1433 300 ’
1504 301 1562 333 Ex
1594 285 1723 334 tiano
1757 300 1823 334 ix.

538 406 688 441 rum.-
707 386 904 454 Quinta
937 397 1014 438 est
1043 384 1099 437 iu
1137 384 1586 458 eleemosynarum
1622 384 2019 448 distributione,
2060 386 2205 437 iuxta
2242 383 2374 438 illud
2408 385 2782 440 dominicum':

535 472 659 524 date
687 473 1075 539 elemosynam,
1122 479 1171 519 et
1199 487 1308 520 ecce
1336 469 1524 520 omnia
1559 469 1767 521 manda
1801 480 1934 519 sunt
1968 469 2122 520 vobis.
2164 470 2229 520 Et
2264 470 2320 521 in
2356 470 2460 521 alio
2493 470 2686 538 loco&
2714 473 2791 522 si-

533 568 625 607 cut
671 572 818 626 aqna
852 552 1120 623 eoetingccic
1147 563 1448 622 peccatam.
1498 552 1653 605 Sexta
1693 550 1984 603 secundum
2030 550 2161 603 illud
2207 553 2567 623 evangelicum
2601 555 2659 605 *ε
2701 554 2786 604 εἰὶ-

535 637 757 700 mitttie,
802 648 851 688 et
884 636 1185 687 dimittetur
1217 635 1372 687 vobis.
1412 634 1642 706 Septima
1673 633 1740 686 de
1771 649 1876 704 qua
1915 633 2165 704 scriptum
2203 646 2307 687 est:
2349 653 2470 686 caro
2511 636 2653 687 laeta
2688 636 2790 687 da-

530 722 616 772 oeic
651 720 726 772 ad
764 719 985 789 culpam
1009 758 1021 782 ,
1063 717 1273 787 afflicta
1310 718 1526 769 redueat
1561 717 1638 767 ad
1670 717 1911 779 veniam;
1963 734 2101 787 quae
2134 717 2278 768 nulli
2318 719 2549 788 petenti,
2590 730 2644 771 et
2681 734 2791 771 ma-

531 804 670 855 xime
706 803 762 854 in
801 802 985 853 ultimo
1021 801 1205 871 positis
1239 812 1316 852 est
1354 800 1629 871 neganda,
1672 819 1774 870 pro
1812 800 2062 870 qualitate
2091 812 2266 853 tamen
2304 799 2586 866 criminum
2623 803 2789 856 diver-

530 906 586 939 se
626 886 845 938 diversis
887 884 1268 937 distribuenda.
1314 884 1456 950 Quia
1493 902 1618 936 vero
1665 885 1722 934 in
1762 884 1976 936 ecclesia
2018 902 2174 935 omne
2225 884 2423 936 crimen
2466 887 2745 939 remittitur
2770 927 2786 949 ,

529 980 583 1021 et
610 970 736 1039 quia
764 979 911 1020 extra
937 968 1202 1019 ecclesiam
1232 978 1380 1030 sunt,
1420 967 1617 1036 quibus
1654 985 1766 1018 non
1792 978 1869 1018 est
1904 967 2138 1018 remissio
2175 973 2509 1037 peccaterum
2528 1008 2542 1032 ,
2571 971 2788 1041 siquan-

529 1051 600 1102 do
640 1062 814 1103 tamen
859 1050 1011 1101 matii
1054 1049 1320 1101 vOluerint
1371 1047 1719 1118 redintegrari
1761 1049 2033 1111 ecclesiae,
2074 1060 2283 1120 oportet
2319 1068 2410 1103 eos
2452 1071 2550 1122 per
2594 1070 2785 1104 manus

528 1135 725 1204 suscipi
762 1133 1176 1204 impositionem,
1216 1149 1312 1202 per
1348 1149 1509 1200 quam
1543 1130 1769 1202 Spiritus
1793 1142 2007 1183 sanctus
2042 1130 2237 1183 datur
2224 1151 2280 1183 m
2305 1133 2556 1186 ecclesia
2543 1153 2599 1185 m
2639 1135 2783 1187 hunc

527 1215 763 1268 modum.

992 1297 1231 1363 Qualiter
1254 1296 1693 1348 excommunicati
1719 1295 1947 1350 debeant
1971 1298 2314 1350 reconciliari.

641 1383 754 1445 142.
797 1383 928 1433 Cum
965 1380 1152 1451 aliquis
1176 1380 1660 1432 excommunicatus
1684 1381 1765 1433 vel
1791 1381 2287 1443 anatheniatizatu5‚
2325 1382 2651 1461 paenitentia
2684 1382 2784 1435 du·-

526 1475 639 1515 ctus
663 1464 866 1516 veniam
893 1463 1158 1534 postulat,
1188 1473 1240 1513 et
1264 1460 1681 1514 emendationem
1705 1463 1995 1533 promittit,
2023 1464 2301 1534 episcopus
2327 1464 2421 1534 qui
2447 1483 2565 1516 eum
2584 1483 2785 1518 exeom-

525 1548 843 1611 municavit,
885 1557 1005 1598 ante
1032 1547 1215 1598 ianuas
1241 1545 1487 1597 ecclesiae
1526 1546 1706 1597 venire
1731 1544 1918 1610 debet,
1958 1556 2012 1597 et
2042 1546 2178 1597 ··XII
2209 1546 2504 1616 presbyteri
2537 1567 2655 1599 cum
2696 1566 2780 1612 eo,

526 1630 619 1700 qui
644 1648 765 1682 eum
790 1589 914 1680 hinc
938 1627 1062 1680 inde
1087 1629 1422 1680 circumstare
1448 1626 1676 1692 debent3
1712 1627 1806 1679 ubi
1833 1629 1987 1680 etiam
2012 1626 2192 1680 adesse
2221 1627 2419 1680 debent
2451 1629 2556 1692 illi,
2586 1630 2785 1700 quibus

526 1712 716 1763 iniuria
753 1712 833 1763 vel
875 1710 1164 1781 dampnum
1209 1710 1410 1777 illatum
1448 1721 1556 1774 est3
1597 1721 1649 1761 et
1686 1710 1762 1761 ibi
1800 1709 2090 1762 secundum
2133 1711 2272 1781 leges
2317 1710 2524 1763 divinas
2569 1724 2782 1783 oportet

527 1794 815 1866 dampnum
847 1796 1175 1846 commissum
1202 1791 1498 1856 emendari3
1529 1804 1619 1843 aut
1644 1794 1685 1843 si
1713 1793 1815 1844 iam
1840 1792 2178 1845 emendatum
2216 1806 2319 1855 est,
2349 1812 2532 1846 eorum
2558 1796 2784 1847 testimo-

525 1879 616 1930 nio
653 1877 1006 1948 comprobari.
1038 1875 1241 1929 Deinde
1266 1877 1552 1945 interroget
1576 1876 1888 1947 episcopus,
1928 1895 1995 1927 an
2032 1877 2408 1946 paenitentiam
2442 1877 2590 1929 iuxta
2629 1877 2778 1948 quod

524 1980 753 2013 canones
776 1960 1110 2031 praecipiunt
1133 1978 1233 2029 pro
1258 1958 1572 2030 perpetratis
1596 1959 1878 2010 sceleribus
1895 1959 2159 2029 suscipere
2176 1959 2342 2011 velit?
2367 1961 2432 2011 Et
2447 1959 2592 2012 siville
2608 1971 2782 2012 terrae

523 2055 819 2115 prostratus
852 2044 1057 2095 veniam
1088 2042 1349 2112 postulat,
1371 2035 1601 2112 'culpam
1633 2041 1943 2103 confitetur,
1987 2043 2361 2112 paenitentiam
2396 2042 2669 2113 implorat,
2713 2042 2782 2094 de

520 2128 709 2180 futuris
749 2126 1004 2178 cautelam
1041 2124 1295 2195 spondet,
1337 2135 1464 2176 tunc
1498 2125 1777 2195 episcopus
1809 2126 2139 2195 apprehensa
2174 2144 2335 2177 manu
2372 2126 2486 2177 eius
2528 2124 2783 2187 dextera,

519 2212 576 2263 in
604 2211 868 2262 ecclesiam
895 2228 1014 2260 eum
1050 2206 1382 2268 introducat,
1420 2218 1471 2258 et
1507 2207 1555 2258 ei
1590 2207 2015 2258 communionem
2041 2219 2093 2258 et
2117 2208 2418 2260 societatem
2444 2208 2786 2260 christiana-mv

520 2292 736 2355 reddat,
774 2304 824 2345 et
859 2292 994 2342 ·V11·
1033 2291 1259 2361 psalmos
1292 2289 1686 2360 paenitentiales
1730 2288 1972 2341 decantet
2013 2307 2133 2340 cum
2167 2290 2276 2341 istis
2313 2290 2565 2360 precibus
2587 2291 2738 2362 kyrie
2760 2332 2776 2354 ,

519 2389 672 2447 pater
707 2387 919 2436 noster,
962 2374 1158 2425 salvum
1196 2373 1274 2424 fac
1296 2413 1308 2436 ,
1350 2374 1496 2424 mitte
1534 2373 1580 2424 ei
1618 2373 1845 2424 Domine
1875 2372 2157 2435 auxilium,
2190 2373 2325 2446 nihil
2359 2372 2626 2443 proficiet,
2664 2385 2777 2425 esto

521 2461 568 2511 ei
606 2459 830 2510 Domine
870 2457 1150 2518 auxilium,
1186 2455 1348 2507 turris
1395 2455 1750 2520 fortitudinis,
1791 2456 2015 2506 Domine
2050 2454 2274 2518 exaudi,
2314 2456 2571 2507 Dominus
2602 2456 2779 2508 vobis-

521 2561 639 2593 cum
657 2582 671 2604 ,
709 2559 936 2593 oremus.
980 2541 1188 2590 Praesta
1215 2527 1558 2608 quaesumus,
1588 2539 1834 2600 Domine,
1864 2537 2209 2590 huicfamulo
2237 2549 2331 2589 tuo
2357 2537 2579 2607 dignum
2603 2541 2783 2609 paeni·

518 2625 709 2676 tentiae
734 2623 985 2687 fructum,
1014 2633 1072 2673 ut
1097 2622 1340 2673 ecclesiae
1369 2632 1491 2673 tuae
1521 2632 1755 2684 sanctae,
1785 2639 1815 2672 a
1839 2621 1990 2672 cuius
2010 2621 2310 2690 integritate
2335 2619 2632 2672 deviaverat
2656 2640 2777 2692 pec·

518 2705 687 2758 cando
699 2745 712 2768 ,
754 2704 1097 2757 admissorum
1128 2704 1332 2756 veniam
1370 2702 1777 2773 consequendo,
1820 2701 2073 2755 reddatur
2105 2702 2375 2754 innoxius.
2405 2703 2505 2754 Per
2541 2714 2642 2755 etc.

630 2790 745 2853 143.
787 2788 980 2839 Bonizo
1014 2787 1313 2858 episcopus.
1345 2786 1555 2856 Septem
1580 2805 1689 2838 esse
1713 2786 2000 2837 criminalia
2024 2797 2237 2856 peccata
2254 2825 2267 2848 ,
2306 2804 2443 2856 quae
2468 2805 2580 2837 non
2605 2786 2774 2840 solum

516 2871 803 2923 criminalia
841 2868 932 2921 sed
970 2871 1122 2921 etiam
1151 2868 1393 2939 capitalia
1423 2879 1714 2931 vocantur,
1754 2887 1817 2921 eo
1843 2867 1992 2939 quod
2020 2868 2142 2920 talia
2167 2879 2528 2939 perpetrantes
2546 2910 2559 2933 ,
2588 2888 2775 2922 secun-

514 2954 641 3006 dum
668 2954 805 3022 leges
840 2971 1084 3003 romanas
1121 2950 1186 3003 de
1223 2952 1326 3002 vita
1363 2951 1755 3021 periclitantur,
1797 2970 1909 3003 non
1944 2951 2115 3003 solum
2150 2951 2508 3004 ecclesiasticis
2547 2953 2774 3023 scriptu-

512 3037 614 3099 iis,
648 3036 739 3087 sed
776 3036 930 3087 etiam
967 3033 1247 3086 mundanis
1283 3033 1567 3086 edocemur
1601 3034 1835 3105 legibus3
1878 3052 2105 3104 quorum
2140 3034 2381 3104 ultimum
2418 3046 2471 3086 et
2508 3034 2778 3087 cludelius

513 3120 839 3189 tripertitum
871 3129 966 3169 est.
997 3118 1296 3169 Fornicatio
1333 3117 1472 3177 enim
1504 3117 1602 3168 alia
1638 3129 1714 3168 est
1747 3115 1993 3168 recedere
2030 3136 2058 3168 a
2092 3099 2233 3180 Dec,
2277 3115 2343 3168 de
2375 3136 2484 3187 qua
2524 3118 2582 3169 in
2607 3119 2773 3170 veteri

513 3202 732 3271 legimus
767 3201 1117 3252 testamento*
1142 3201 1497 3269 :fornicatas
1531 3212 1607 3251 est
1641 3199 1856 3252 Isrhael
1881 3211 2008 3270 post
2032 3198 2199 3250 eQdola
2227 3199 2292 3250 Et
2322 3199 2388 3251 de
2410 3219 2517 3270 qua
2542 3202 2597 3252 in
2630 3202 2773 3271 psal-

515 3284 638 3335 mo⁴'K
660 3303 670 3334 z
694 3284 881 3354 perdes
907 3302 1088 3334 omnes
1111 3284 1576 3353 qaifomieantur
1595 3283 1690 3333 ahs
1716 3294 1781 3333 te.
1806 3283 1923 3334 Alia
1942 3283 2255 3333 incestuosa.
2283 3282 2459 3334 Tertia
2479 3301 2606 3335 vero
2632 3302 2776 3354 quae·

514 3366 814 3436 simpliciter
847 3364 1040 3416 dicitur
1078 3361 1372 3417 fornicatio.
1416 3366 1477 3416 In
1512 3366 1680 3436 prima
1717 3383 1843 3417 vero
1880 3365 2231 3422 fornic-atione
2254 3382 2393 3434 quae
2422 3365 2773 3435 periculosior

513 3446 621 3512 est,
662 3448 921 3519 prolapsis
954 3447 1284 3500 interdicitur
1319 3467 1491 3518 usque
1528 3447 1593 3500 ad
1622 3459 1844 3500 mortem
1878 3448 2210 3510 communio,
2251 3466 2362 3499 non
2403 3459 2579 3499 tamen
2603 3447 2772 3499 inter-

512 3532 706 3584 dicitur
739 3531 910 3582 venia.
946 3529 1186 3582 Secunda
1215 3549 1342 3583 vero
1379 3532 1517 3583 sicut
1551 3530 1828 3602 multiplex
1862 3542 1968 3594 est,
2008 3531 2082 3582 sic
2116 3529 2431 3600 multiplices
2466 3530 2522 3582 in
2556 3544 2776 3600 prome-1

509 3613 675 3667 renda
707 3613 859 3665 venia
894 3612 1080 3682 recipit
1115 3612 1456 3665 differentias.
1498 3613 1631 3665 Nam
1661 3632 1760 3684 pro
1792 3613 1984 3665 talibus
2007 3613 2178 3665 acrius
2202 3613 2507 3665 iudicantur
2533 3612 2766 3683 episcopi

509 3715 667 3767 quam
705 3693 1031 3757 sacerdote'S,
1073 3696 1241 3746 acrius
1278 3693 1573 3746 sacerdotes
1609 3714 1769 3766 quam
1805 3695 1998 3767 reliqui
2033 3695 2238 3759 clerici,
2281 3693 2468 3746 durius
2501 3712 2629 3746 vero
2661 3693 2766 3745 cle-

508 3779 603 3830 rici
635 3797 793 3848 quam
828 3777 977 3839 laici,
1017 3778 1382 3848 unusquisque
1421 3797 1547 3830 vero
1583 3798 1684 3850 pro
1722 3780 1973 3849 qualitate
2004 3779 2233 3831 criminis
2256 3820 2269 3843 ‚
2308 3797 2409 3850 pro
2446 3777 2764 3830 sublimitate

509 3860 738 3926 ordiniS,
777 3879 875 3932 pro
901 3859 1204 3932 prolixitate
1241 3861 1492 3931 temporis
1503 3901 1517 3925 ,
1547 3860 1730 3915 durius
1761 3863 1841 3914 vel
1875 3863 2158 3916 humanius
2183 3860 2462 3931 iudicatur.
2504 3861 2767 3925 Incestuoss
