2996 4432
1267 226 1516 259 noxizoms.
2472 212 2536 259 63

255 318 385 373 dum
423 329 530 382 est,
561 328 623 370 ut
658 334 770 368 non
796 315 868 367 ita
893 312 1146 367 tenaciter
1182 328 1450 364 annonam
1487 322 1696 363 servent
1721 330 1882 382 quam
1907 321 2117 376 emunt,
2149 322 2208 362 ut
2235 311 2404 363 samen
2433 331 2532 383 po-

259 403 398 474 pulis
435 399 721 454 adducant.
1295 405 1298 408 ’

373 485 487 537 135.
530 480 838 533 Artificibus
860 486 1018 542 vere,
1059 479 1153 550 qui
1178 478 1403 531 honesto
1431 476 1653 529 artificio
1678 478 1875 530 victum
1899 490 2193 549 quaerunt,
2224 479 2295 530 ita
2322 480 2536 549 prospi-

259 567 507 621 ciendum
544 576 620 618 est
648 574 707 616 ut
731 582 842 615 non
879 561 1204 634 periurando
1241 561 1322 613 vel
1359 559 1664 613 mentiendo
1691 579 1827 630 opus
1853 579 2010 613 suum
2035 561 2285 614 vendant.
2316 562 2534 614 Sutores

257 651 423 708 sunt?
457 651 530 702 ita
567 658 749 711 suant,
789 656 851 698 ut
883 665 996 713 non
1033 645 1184 698 facile
1221 643 1582 715 disrumpatur
1608 662 1745 714 opus
1770 666 1782 711 ;
1813 642 1945 695 illud
1970 663 2178 714 semper
2201 656 2324 696 ante
2349 645 2534 696 oculos

258 733 435 788 cordis
471 731 724 784 habentes
759 729 1090 800 exemplum,
1131 725 1281 799 quod
1317 726 1374 779 in
1410 725 1738 798 dialogorum
1775 726 1913 779 libro
1944 728 2138 798 legitur
2167 727 2234 780 de
2257 727 2532 799 Stephano

257 828 438 869 sutore
471 815 538 883 1),
580 825 640 866 ut
676 831 773 884 per
799 831 960 864 unam
992 811 1198 864 sabbati
1228 809 1556 881 pauperibus
1587 821 1807 880 erogent
1836 809 1985 880 quod
2020 829 2117 880 per
2148 810 2532 881 eleemosynam

257 899 326 952 de
363 897 583 951 artificio
619 915 718 948 suo
754 895 966 948 Christo
1003 893 1555 966 largirivdecreverint
1576 895 1634 946 in
1659 895 1779 945 Iesu
1803 893 2054 945 minimis.
2081 895 2354 965 Agricolae
2380 906 2528 970 vem,
2569 907 2571 909 ’

256 1001 489 1053 quorum
527 980 681 1032 labor
718 979 833 1031 sine
868 990 1085 1049 peccato
1121 989 1226 1044 est,
1268 978 1472 1031 discant
1507 976 1736 1029 dominis
1772 975 1929 1029 fidem
1966 994 2204 1039 servare,
2247 978 2389 1029 furto
2420 996 2532 1029 non

258 1066 494 1130 inhiare,
527 1063 829 1117 decimaset
854 1061 1108 1132 primitias
1132 1061 1362 1113 ecclesiis
1388 1061 1517 1124 Dei,
1546 1072 1599 1113 et
1623 1059 1822 1132 quibus
1847 1079 2124 1113 concessae
2149 1073 2296 1123 sunt,
2328 1061 2528 1132 absque

259 1147 446 1200 fraude
482 1165 604 1199 cum
641 1146 784 1198 omni
824 1145 1083 1197 hilaritate
1120 1143 1340 1197 donare.
1378 1145 1519 1211 Quia
1556 1163 1684 1196 vero
1719 1143 1789 1196 de
1826 1143 2040 1196 decimis
2077 1162 2132 1195 se
2166 1144 2414 1214 praebuit
2442 1163 2531 1197 oc-

257 1231 427 1295 casio,
467 1227 751 1281 dicendum
783 1239 858 1281 est
895 1247 927 1280 a
962 1246 1074 1298 quo
1115 1227 1217 1279 hoc
1251 1238 1593 1298 praeceptum
1630 1227 1853 1298 sumpsit
1888 1225 2194 1300 exordium,
2234 1238 2286 1278 et
2311 1225 2530 1297 quando

258 1326 314 1366 et
351 1311 579 1384 quibuS,
619 1322 672 1364 et
707 1311 830 1373 ubi,
870 1322 923 1363 et
960 1310 1308 1381 quamobrem
1339 1309 1545 1363 dandae
1581 1310 1716 1375 sint,
1758 1310 2064 1381 explanare.
2102 1310 2162 1361 In
2186 1310 2349 1362 veteri
2376 1321 2530 1361 testa—

261 1408 441 1448 mento
480 1395 748 1447 Abraham
785 1394 987 1465 primus
1022 1394 1213 1464 legitur
1248 1413 1277 1446 a
1314 1393 1697 1447 Melchisedech
1734 1392 2050 1455 decimatus,
2079 1405 2139 1444 ut
2164 1393 2236 1444 ait
2259 1392 2530 1463 apostolus

263 1479 457 1530 Paulus
478 1479 520 1540 ’ζ
560 1490 612 1530 et
649 1478 703 1528 iu
742 1496 806 1529 eo
835 1476 1122 1529 decimatus
1159 1489 1235 1529 est
1270 1478 1416 1529 Levi.
1458 1479 1583 1529 Post
1619 1475 2039 1548 quadringentos
2077 1495 2203 1528 vero
2241 1487 2293 1528 et
2335 1477 2525 1527 XXX·

260 1580 430 1614 annos
465 1562 578 1631 lege
614 1560 919 1612 mandatum
957 1572 1034 1613 est
1069 1561 1265 1631 Moysi,
1305 1572 1366 1612 ut
1405 1561 1613 1612 tolleret
1649 1559 1875 1613 decimas
1912 1579 1941 1611 a
1978 1560 2095 1611 filiis
2119 1560 2341 1621 Israhel,
2371 1570 2423 1610 et
2447 1558 2530 1610 da-

262 1656 343 1697 ret
385 1663 470 1696 eas
508 1644 626 1695 filiis
662 1645 790 1695 Levi
826 1645 939 1714 lege
975 1655 1231 1715 perpetua
1270 1632 1641 1714 possidendas,
1682 1644 1807 1713 quia
1844 1643 2198 1714 possessiones
2234 1654 2286 1694 et
2316 1642 2531 1712 praedia

262 1748 376 1781 non
411 1727 695 1789 habebant.
739 1729 862 1779 Post
894 1727 1226 1780 Constantini
1261 1746 1389 1779 vero
1425 1738 1692 1797 tempora,
1733 1738 1786 1779 et
1821 1738 2084 1778 crescente
2123 1727 2411 1777 christiana
2450 1745 2532 1778 re-

263 1812 486 1882 ligione,
527 1830 558 1862 a
594 1811 784 1863 sanctis
820 1811 1063 1882 patribus
1099 1822 1434 1878 etlromanae
1470 1810 1714 1862 ecclesiae
1751 1810 2068 1862 auctoritare
2106 1808 2379 1861 definitum
2424 1821 2526 1872 est,

263 1914 326 1946 ex
359 1893 572 1946 decimis
608 1906 863 1964 quattuor
899 1894 1015 1946 fieri
1058 1893 1361 1964 portiones,
1402 1912 1468 1945 ex
1506 1893 1702 1964 quibus
1749 1904 1854 1944 tres
1899 1894 1954 1944 in
1991 1904 2247 1964 potestate
2295 1894 2536 1965 episcopi,

261 1989 464 2042 essent,
502 1989 695 2048 quarta
730 1995 856 2029 vero
893 1994 994 2047 pro
1030 1978 1167 2028 vitae
1203 1977 1389 2028 merito
1426 1977 1628 2028 clericis
1665 1975 2011 2036 divideretur.

379 2061 494 2112 136.
535 2061 733 2112 Bonizo
769 2061 1067 2131 episcopus.
1112 2059 1385 2111 Mulierem
1424 2058 1615 2111 datam,
1640 2060 1754 2111 viro
1792 2061 1847 2110 in
1885 2059 2234 2121 adiutorium,
2283 2059 2408 2111 dum
2446 2078 2532 2129 ge-

263 2143 402 2195 nesis
437 2143 698 2214 legeretur
734 2142 1060 2210 audivimus3
1101 2142 1168 2195 de
1206 2162 1312 2213 qua
1349 2143 1504 2194 etiam
1542 2143 1795 2213 scriptum
1833 2155 1938 2195 est:
1964 2156 2184 2215 propter·
2203 2144 2354 2215 quod
2370 2144 2533 2194 relin-

214 2288 218 2289 ⁷
260 2238 387 2297 quet
422 2225 579 2278 homo
608 2237 822 2297 patrem
857 2245 1020 2278 sicum
1057 2237 1106 2277 et
1144 2233 1395 2288 mmmm,
1442 2238 1492 2277 et
1527 2226 1834 2278 adhaerebit
1872 2228 2031 2278 uxori
2074 2246 2230 2288 suae,
2286 2239 2335 2290 et
2376 2237 2531 2277 erunt

264 2309 372 2360 duo
409 2309 470 2361 in
508 2327 669 2360 carne
704 2318 837 2360 unct.
881 2309 946 2359 Et
982 2309 1239 2361 Dominus
1275 2310 1630 2378 interrogatus
1667 2311 1722 2361 in
1761 2311 2030 2381 evangelio
2069 2311 2111 2362 si
2149 2311 2268 2362 licet
2305 2311 2418 2361 viro
2456 2309 2535 2361 di-

263 2393 468 2445 mittere
507 2411 750 2457 uxorem,
791 2390 1067 2462 respondit
1103 2411 1214 2445 non
1251 2393 1438 2455 licere,
1481 2405 1700 2464 excepta
1726 2413 1881 2445 causa
1908 2394 2293 2445 fornicationis,
2323 2395 2388 2445 Et
2413 2391 2534 2444 ideo

263 2474 391 2527 dicit
427 2475 689 2527 Dominus
705 2479 750 2526 *ε
779 2475 926 2546 quod
961 2476 1110 2527 Deus
1144 2475 1465 2538 coniunxit,
1508 2475 1665 2527 homo
1704 2496 1815 2528 non
1846 2488 2067 2547 separet..
2097 2475 2199 2528 Sed
2226 2495 2337 2528 non
2362 2477 2538 2528 omnia

263 2576 402 2628 quae
435 2556 696 2610 vocantur
731 2558 1002 2627 coniugia,
1044 2560 1190 2624 Deus
1225 2558 1525 2611 coniunxit.
1567 2558 1712 2611 Sicut
1749 2561 1888 2611 enim
1921 2579 2108 2611 omnes
2144 2559 2235 2610 filii
2274 2579 2384 2610 non
2414 2572 2538 2611 sunt

266 2639 514 2716 herede5‚
556 2641 629 2692 sic
665 2659 847 2693 omnes
883 2652 1073 2692 matres
1114 2653 1398 2693 non-sunt
1442 2660 1657 2694 uxores.
1704 2643 2016 2713 Legitimum
2060 2661 2188 2694 vero
2232 2643 2536 2712 coniugium

267 2741 379 2774 non
412 2734 586 2793 potest
610 2742 721 2775 esse
758 2725 898 2776 inter
933 2724 1264 2795 inaequales,
1306 2726 1408 2776 hoc
1444 2737 1520 2776 est
1557 2726 1692 2777 inter
1729 2744 1936 2777 servum
1972 2737 2024 2777 et
2061 2726 2314 2790 liberum,
2346 2727 2428 2777 vel
2466 2727 2538 2777 in-

266 2817 349 2857 ter
385 2806 609 2858 liberum
648 2818 700 2858 et
725 2807 964 2859 ancillam
986 2809 1058 2875 2),
1088 2826 1184 2859 nec
1203 2809 1347 2859 'inter
1372 2807 1622 2872 furiosos,
1649 2827 1746 2860 nec
1772 2809 1909 2860 inter
1933 2820 2133 2879 raptam
2163 2821 2214 2860 et
2240 2821 2531 2879 raptorem,

266 2907 368 2939 nec
404 2888 542 2941 inter
578 2888 821 2941 iudaeam
858 2902 911 2942 et
948 2890 1315 2951 christianum,
1358 2909 1455 2942 nec
1491 2891 1629 2943 inter
1663 2894 1928 2962 paganum
1964 2904 2016 2943 et
2041 2892 2407 2953 christianam,
2438 2910 2536 2943 nec

268 2971 591 3023 catholicum
616 2983 667 3023 et
702 2973 1049 3034 haereticum,
1085 2991 1183 3025 nec
1220 2974 1358 3025 inter
1394 2986 1687 3045 compatres
1723 2986 1775 3026 et
1811 2986 2143 3036 commatres,
2182 2993 2281 3038 nec
2306 2975 2443 3026 inter
2478 2975 2538 3026 fi-

274 3050 372 3105 lios
402 3065 455 3105 et
479 3054 611 3106 filias
645 3066 976 3127 compatrum
1000 3067 1051 3107 et
1075 3067 1420 3107 commatrum
1446 3056 1517 3124 3),
1547 3058 1641 3127 qui
1678 3057 1862 3108 fratres
1888 3058 2147 3127 spiritales
2171 3058 2533 3108 nominantur.

268 3136 384 3189 Nec
423 3149 543 3189 ante
579 3156 751 3190 annos
798 3139 1092 3212 pubertatis
1135 3139 1234 3189 viri
1277 3139 1452 3191 sortiri
1495 3139 1692 3191 debent
1731 3159 1946 3204 uxores,
1987 3159 2086 3191 nec
2130 3141 2372 3191 mulieres
2415 3151 2538 3191 ante

269 3238 470 3271 annum
503 3222 642 3272 ·XII·
671 3222 900 3291 legitime
930 3233 1152 3293 possunt
1189 3221 1420 3283 nubere,
1460 3240 1558 3273 nec
1595 3222 1734 3274 inter
1765 3225 2147 3297 consangineos
2179 3236 2401 3295 possunt
2426 3224 2541 3275 fieri

269 3304 563 3355 secundum
601 3323 828 3356 canones
864 3305 1215 3356 matrimonia.
1259 3306 1349 3356 Est
1383 3315 1436 3356 et
1473 3304 1617 3356 aliud
1644 3305 1792 3375 quod
1819 3307 1974 3357 solvit
1999 3307 2329 3376 coniugium,
2359 3309 2398 3359 si
2429 3326 2538 3358 non

270 3399 446 3456 potest
481 3389 760 3458 provenire
797 3389 1134 3441 concubitus.
1176 3389 1238 3439 In
1276 3388 1417 3439 omni
1456 3406 1582 3457 ergo
1620 3388 1871 3459 coniugio
1908 3389 2169 3459 legitimo,
2212 3391 2311 3442 hoc
2348 3391 2403 3441 in
2438 3391 2540 3460 pri-

272 3470 368 3521 mis
404 3470 847 3524 considerandum
885 3484 987 3536 est,
1028 3474 1070 3524 si
1106 3472 1194 3523 ille
1232 3471 1502 3523 asciscitur
1540 3472 1596 3522 in
1632 3472 1805 3523 virum
1842 3472 1935 3542 qui
1973 3492 2004 3525 a
2041 3474 2256 3526 muliere
2293 3473 2534 3543 eligitur;

362 3590 397 3630 1)
421 3587 509 3624 Sine
535 3587 651 3625 dubio
677 3588 940 3638 intelliguntur
965 3591 1003 3627 S.
1023 3588 1194 3636 Gregorii
1219 3590 1290 3625 ΡΡ.
1309 3588 1475 3636 dialogi,
1500 3589 1542 3625 in
1568 3588 1705 3636 quibus
1733 3595 1855 3628 tamen
1872 3591 2090 3640 'Stephanus
2118 3598 2222 3629 sutor
2248 3591 2442 3628 memorari
2464 3601 2539 3628 non

274 3645 447 3692 videt-ur,
476 3647 549 3684 nisi
575 3647 670 3685 forte
697 3649 892 3686 oculatiori
922 3650 1034 3687 alicui
1061 3649 1191 3688 lectori
1222 3654 1405 3686 occurrat.

360 3710 396 3748 2)
421 3707 606 3753 Loquitur
631 3718 732 3745 more
749 3709 884 3766 potius
912 3710 1066 3757 antiquo
1093 3709 1185 3746 iuris
1214 3709 1372 3746 romani.
1398 3706 1472 3745 Sed
1505 3718 1592 3745 cum
1620 3709 1759 3750 ancilla
1785 3715 1884 3748 certe
1909 3710 2078 3748 libertate
2103 3709 2239 3748 donata
2270 3708 2542 3747 concedebatur

275 3765 314 3800 in
348 3765 428 3801 iure
455 3775 540 3802 can.
573 3766 788 3814 coniugium
816 3766 923 3805 inire.

362 3827 400 3869 3)
423 3824 539 3862 Secus
563 3825 605 3863 in
632 3824 712 3874 lege
740 3825 944 3865 tridentina
971 3836 1067 3866 sess.
1094 3830 1153 3864 24.
1181 3836 1263 3875 cap.
1280 3830 1316 3864 2.
1340 3825 1406 3864 ubi
1434 3826 1605 3875 cognatio
1636 3827 1817 3876 spiritalis
1841 3833 2027 3868 coarctata
2056 3827 2140 3867 fuit.

2001 3887 2013 3910 Ι

1689 4024 1708 4035 0

2574 1495 2591 1513 ³⁸
2610 1494 2704 1524 Hchr.
2724 1495 2790 1524 vn.
2806 1499 2832 1524 9.

2578 2078 2647 2108 cod.
2666 2078 2688 2108 f.
2706 2083 2751 2108 61.
2772 2079 2801 2107 b.

2585 2494 2715 2530 ‘Mutua
2729 2494 2810 2524 xlx.
2832 2498 2860 2524 6.
