2996 4432
253 2696 322 2727 cod.
336 2696 358 2727 t.
375 2701 420 2729 36.
437 2703 467 2728 a.

510 250 571 299 746
1471 261 1528 294 nx
1560 261 1691 295 muno
1724 261 1788 294 iv·

507 350 662 402 rdiens
679 388 692 412 ,
744 345 873 399 dum
914 335 1134 397 Romam
1177 360 1335 396 causa
1373 345 1633 398 orationis
1678 344 1883 398 veniret
1900 384 1915 409 ,
1967 363 2000 398 a
2038 345 2279 418 praefato
2323 347 2625 403 Crescentio
2663 363 2716 404 et
2750 372 2782 405 a

510 430 763 486 Romanis
800 428 1007 500 capitur
1025 467 1043 490 ‚
1083 438 1297 480 tenetur
1319 467 1335 493 ,
1373 439 1427 482 et
1460 429 1584 482 licet
1617 428 1816 482 invitus
1835 467 1850 492 ,
1889 446 2031 501 papa
2067 441 2244 484 tamen
2279 430 2465 484 infelix
2500 433 2783 488 ordinatur

503 531 781 568 ‘romanus
821 509 988 578 Quod
1018 508 1245 563 audiens
1280 529 1405 584 rex,
1451 524 1627 566 mente
1661 510 1898 563 effrenus
1933 512 2154 565 Romam
2188 514 2408 566 veniens
2442 515 2616 586 ipsum
2653 519 2782 570 Cre-

514 597 770 650 scentium
814 594 908 647 diu
939 593 1216 647 obsessum
1262 595 1403 668 cepit
1436 606 1490 648 et
1524 596 1695 667 capite
1735 595 2035 661 truncavit;
2083 597 2258 667 ipsum
2301 616 2429 650 vero
2472 600 2777 670 pontificem-

515 679 685 734 oculis
722 678 968 732 orbatum
1003 677 1300 749 ceterisque
1335 678 1583 731 membris
1617 676 1944 730 debilitatum
1964 717 1977 741 ‚
2011 676 2081 730 ad
2105 677 2333 733 dedecus
2360 692 2412 733 et
2435 681 2779 753 ignominiam

510 761 853 816 sacerdotalis
886 758 1090 812 ordinis
1125 777 1224 831 per
1258 761 1457 833 plateas
1492 760 1738 813 leoninae
1769 759 1995 812 civitatis
2019 760 2341 816 circumduci
2364 764 2531 817 iussit.
2560 764 2666 818 Sed
2693 785 2781 818 an-

508 860 731 919 tequam
769 837 962 897 MXXX
1004 841 1117 896 dies
1153 843 1503 916 implerentur
1524 882 1539 906 ,
1579 843 1752 895 anima
1787 853 1840 895 et
1874 861 2098 915 corpore
2132 845 2326 917 impius
2360 862 2469 899 rex‘
2491 847 2781 902 defunctus

512 941 631 983 est.-
653 929 719 980 Et
753 925 820 980 de
851 924 1136 979 Benedicto
1173 926 1483 988 tusculan0‚
1532 926 1629 997 qui
1670 925 1961 1004 Henricum
1995 927 2207 980 maioris
2251 929 2483 984 Othonis
2520 944 2770 1003 nepotem

516 1011 707 1084 regem
729 1009 1184 1062 Theutonicorum
1219 1008 1486 1061 ordinavit
1525 1009 1910 1080 imperatorem.
1951 1012 2017 1063 Et
2051 1008 2131 1063 de·
2155 1011 2269 1065 eius
2303 1012 2464 1080 fratre
2505 1015 2774 1082 Iohanne,

514 1097 617 1169 qui
651 1113 762 1147 uno
796 1092 1091 1164 eodemque
1126 1091 1214 1144 die
1249 1103 1302 1144 et
1329 1091 1496 1145 laicus
1519 1091 1618 1145 fuit
1651 1104 1705 1145 et
1734 1092 2024 1164 pontifex,v

632 1197 749 1250 109.
790 1179 870 1229 De
898 1176 982 1228 his
1017 1175 1147 1227 mihi
1183 1174 1444 1227 silendum
1479 1191 1590 1227 6556
1624 1193 1738 1226 non
1773 1172 1991 1236 credidi.
2032 1174 2280 1228 Ceterum
2302 1176 2344 1228 si
2369 1177 2489 1248 quis
2513 1177 2581 1230 de
2606 1179 2777 1232 Theo-

516 1262 768 1334 phyiacto
801 1259 1080 1312 tusculano
1100 1300 1114 1324 ,
1154 1258 1382 1329 qualiter
1406 1258 1634 1310 Iohanni
1658 1255 1917 1310 sacerdoti
1940 1257 2236 1311 vendiderit
2260 1272 2512 1331 papatum
2530 1303 2542 1326 ,
2573 1274 2626 1314 et'
2649 1281 2779 1334 quo-

517 1344 679 1398 modo
715 1362 826 1395 uno
862 1340 1155 1413 eodemque
1190 1352 1429 1413 tempore
1463 1339 1898 1412 Theophylactus
1933 1352 1986 1393 et
2011 1341 2303 1413 Gregorius
2326 1354 2379 1395 et
2408 1343 2654 1397 Silvester
2690 1365 2777 1399 ro-

510 1445 732 1480 vmanum
767 1445 878 1478 non
914 1424 1166 1496 regebant
1199 1423 1293 1477 sed
1331 1424 1606 1477 vastabant
1634 1422 2001 1495 pontificatum
2018 1465 2032 1490 ‚
2061 1437 2114 1477 et
2139 1426 2366 1496 qualiter
2392 1427 2654 1481 Henricus
2679 1448 2776 1482 rex

517 1509 752 1564 Conradi
789 1509 929 1561 filius
962 1526 1235 1561 romanam
1270 1508 1540 1560 ecclesiam
1576 1527 1608 1560 a
1641 1507 1838 1559 talibus
1874 1508 2111 1579 pestibus
2146 1509 2413 1572 liberavit,
2449 1529 2642 1581 gnarus
2666 1531 2780 1565 esse

517 1594 777 1659 voluerit,
815 1594 954 1665 legat
989 1592 1186 1645 librum
1222 1610 1383 1663 quem
1419 1591 1641 1655 dictavi,
1682 1592 1779 1663 qui
1815 1592 2123 1644 inscribitur
2158 1612 2226 1645 An
2258 1611 2486 1658 AM1cUM,
2517 1606 2570 1647 et
2604 1595 2679 1647 ibi
2704 1597 2779 1648 in-

518 1677 691 1731 veniet
725 1678 855 1729 haec
879 1674 1244 1728 ordinabiliter
1279 1692 1389 1726 esse
1413 1672 1611 1745 digesta
1643 1675 1706 1744 ι).
1737 1675 1978 1727 Inveniet
2000 1686 2174 1727 autem
2201 1687 2253 1728 et
2286 1676 2362 1742 ibi
2387 1677 2613 1748 qualiter
2636 1698 2777 1750 papa

518 1760 758 1813 Clemens
783 1760 978 1812 electus
994 1799 1008 1822 ‚
1038 1758 1330 1830 qualiterve
1355 1758 1619 1811 Henricus
1643 1776 1738 1810 rex
1762 1758 2047 1828 imperator
2069 1758 2137 1810 ab
2164 1758 2352 1811 eodem
2386 1759 2663 1814 ordinatus
2687 1762 2772 1814 sit.

516 1844 584 1895 Et
620 1842 687 1895 de
723 1844 948 1894 Damaso
985 1842 1097 1893 eius
1125 1858 1421 1894 successore
1446 1852 1581 1911 quot
1615 1841 1672 1892 in
1696 1852 1895 1911 papatu
1929 1840 2140 1893 duxerit
2177 1840 2308 1894 dies.
2332 1843 2413 1894 >Et
2446 1842 2513 1895 de
2544 1845 2777 1915 praecla-

517 1945 580 1979 ro
616 1927 791 1979 Leone
821 1926 893 1995 2),
934 1923 1069 1996 quid
1093 1924 1150 1976 in
1174 1935 1374 1996 papatu
1399 1924 1588 1994 egerit,
1618 1923 1909 1995 qualiterve
1941 1923 2101 1976 vitam
2125 1924 2338 1977 finierit.
2370 1926 2435 1977 Et
2467 1925 2534 1978 de
2559 1926 2778 1980 Victore

517 2011 629 2063 eius
665 2027 993 2074 successore,
1034 2007 1166 2080 quid
1201 2009 1396 2080 egerit,
1437 2006 1689 2079 aut'quid
1711 2007 1823 2059 eius
1847 2007 2176 2102 temporibus
2205 2027 2404 2060 novum
2431 2010 2677 2062 evenerit.
2710 2012 2777 2062 Et

515 2093 582 2146 de
611 2092 879 2165 Stephano
916 2090 1231 2145 Gothefredi
1268 2091 1419 2144 ducis
1454 2108 1735 2162 germano,
1776 2102 1828 2142 et
1865 2091 2092 2161 qualiter
2128 2092 2242 2143 eius
2267 2093 2603 2162 temporibus
2636 2105 2778 2164 pata-

515 2196 605 2230 rea
635 2178 702 2247 3)
710 2175 856 2248 apud
875 2175 1230 2228 Mediolanum
1255 2186 1438 2227 exorta
1464 2186 1567 2227 est.
1594 2175 1659 2226 Et
1684 2173 1751 2226 de
1775 2173 1994 2226 Nicolao
2018 2192 2184 2244 papa,
2213 2185 2267 2226 et
2289 2173 2356 2227 de
2381 2175 2470 2227 lite
2494 2194 2656 2246 quam
2681 2177 2776 2228 ha-

514 2260 634 2312 buit
670 2280 790 2313 cum
828 2258 1112 2312 Benedicto
1148 2259 1419 2321 invasore,
1460 2269 1513 2309 et
1549 2255 1682 2328 quid
1718 2257 1882 2327 egerit
1916 2257 1972 2308 in
2007 2268 2224 2328 papatu,
2266 2257 2331 2308 Et
2367 2256 2433 2309 de
2466 2257 2774 2310 Alexandro

513 2363 686 2415 papa,
730 2355 782 2396 et
819 2342 884 2395 de
919 2342 1009 2394 lite
1045 2361 1208 2413 quam
1246 2341 1430 2394 habuit
1465 2360 1586 2393 cum
1623 2339 1823 2393 Cadolo
1858 2340 2150 2411 parmensi,
2192 2351 2244 2400 et
2269 2339 2345 2392 de
2383 2340 2495 2393 eius
2518 2342 2765 2404 victoria,

518 2439 569 2478 et
598 2426 731 2497 quid
768 2426 932 2496 egerit
958 2426 1023 2477 -in
1059 2436 1287 2496 papatu,
1330 2435 1382 2476 et
1419 2423 1485 2476 de
1518 2425 1630 2476 eius
1667 2424 1789 2475 fine.
1830 2424 1898 2475 Et
1933 2422 2000 2475 (16
2036 2423 2259 2493 septimo
2296 2423 2583 2493 Gregori0‚
2624 2436 2676 2476 et
2705 2424 2772 2477 de

516 2510 947 2574 eius'electione,
991 2520 1044 2560 et
1081 2507 1147 2560 de
1181 2508 1288 2559 vita
1324 2507 1436 2559 eius
1471 2519 1524 2559 et
1558 2507 1819 2574 moribus,
1860 2518 1910 2558 et
1935 2506 2162 2577 qualiter
2186 2506 2243 2556 in
2267 2505 2441 2557 natale
2467 2507 2682 2559 Domini
2707 2507 2776 2560 ad

519 2593 680 2645 altare
709 2604 916 2644 sanctae
952 2591 1146 2644 Mariae
1181 2610 1211 2643 a
1248 2591 1433 2643 Gentio
1469 2590 1584 2642 viro
1621 2588 1823 2642 crudeli
1859 2601 2044 2661 captus
2079 2589 2173 2653 sit,
2208 2591 2348 2641 eteo
2375 2588 2460 2641 die
2486 2590 2651 2659 gratia
2669 2591 2774 2643 ⁴Dei

518 2676 789 2729 liberatus.
818 2677 883 2727 Et
908 2675 974 2727 (16
1004 2693 1193 2746 guerra
1218 2693 1379 2745 quam
1410 2674 1661 2726 sustinuit
1696 2673 1763 2725 ab
1802 2672 2035 2725 Henrico
2073 2672 2420 2742 imperatore,
2460 2683 2512 2724 et
2548 2671 2616 2724 de
2647 2691 2774 2724 con-

517 2759 770 2812 troversia
797 2778 958 2830 quam
983 2758 1169 2811 habuit
1193 2776 1316 2809 cum
1349 2756 1599 2809 Wiberto
1628 2758 1703 2825 Δ),
1732 2768 1785 2809 et
1809 2755 1875 2809 de
1906 2756 2210 2826 aerumpnis
2248 2763 2383 2825 quas
2419 2756 2693 2818 sustinuit,
2723 2767 2775 2808 et
2834 2793 2836 2796 s
2877 2797 2882 2806 f

518 2842 585 2895 de
621 2841 900 2894 obsidione
937 2841 1160 2893 civitatis
1197 2852 1249 2893 et
1285 2859 1409 2905 sua,
1458 2851 1510 2892 et
1555 2840 1782 2911 qualiter
1818 2858 1848 2892 a
1883 2838 2121 2891 Roberto
2157 2838 2588 2890 Normannorum
2636 2838 2774 2892 duce

517 2926 584 2977 sit
612 2925 865 2977 liberatus
882 2965 895 2989 ,
937 2935 989 2976 et
1025 2924 1254 2995 qualiter
1288 2923 1442 2975 beato
1467 2922 1572 2975 fine
1600 2923 1803 2993 quievit
1822 2962 1836 2986 ,
1867 2922 2194 2993 apertissime
2218 2920 2532 2973 declaratur.
2566 2921 2774 2974 Urbani

515 3027 643 3061 vero
679 3009 946 3079 pontificis
983 3018 1123 3071 acta,
1163 3018 1216 3059 et
1251 3006 1467 3059 deeius
1489 3006 1710 3059 victoria
1744 3006 1934 3076 siquis
1960 3005 2091 3057 scire
2115 3004 2371 3066 voluerit,
2412 3005 2550 3074 legat
2574 3005 2770 3057 librum

517 3110 674 3163 quem
712 3092 893 3161 scripsi
930 3092 987 3142 in
1025 3109 1276 3143 HUGoNEM
1312 3093 1708 3154 scmsMA‘i'ucum,
1749 3099 1802 3140 et
1826 3088 1901 3140 ibi
1926 3087 2158 3139 inveniet
2193 3085 2261 3139 ad
2290 3087 2507 3158 plenum
2531 3086 2772 3140 rlucidata

519 3192 656 3245 quae
692 3175 936 3226 voluerit.

519 3276 617 3315 erat,
644 3270 683 3307 id
708 3276 762 3307 est
787 3280 829 3307 ex
856 3281 989 3317 magna
1023 3270 1191 3316 Graecia
1217 3271 1272 3308 De
1294 3279 1338 3307 eo
1359 3269 1486 3307 etiam
1494 3269 1712 3307 Ciaeconius
1732 3268 1773 3305 in
1796 3268 1869 3305 viia
1890 3267 2057 3315 Gregorii
2079 3267 2123 3304 V.
2143 3266 2187 3303 In
2211 3266 2378 3313 catalogo
2402 3271 2526 3304 autem
2547 3267 2771 3305 Pontificum

517 3328 654 3366 dicitur
674 3329 857 3366 Iohannes
884 3330 1003 3365 XVII.
1032 3330 1216 3376 antipapa.

603 3390 635 3431 1)
660 3388 715 3424 De
741 3389 905 3423 romanis
933 3387 1175 3424 Pontificibus
1204 3392 1304 3434 patet
1327 3393 1383 3424 ter
1406 3386 1540 3424 saltem
1569 3374 1760 3434 scripsisse
1789 3385 2040 3429 Bonizonem,
2069 3394 2200 3431 nempe
2228 3383 2269 3420 in
2298 3383 2370 3420 hoc
2400 3383 2574 3430 decreto,
2611 3384 2650 3421 in
2673 3384 2769 3422 libro

517 3446 566 3484 ad
591 3447 774 3489 amicum,
797 3450 834 3481 et
856 3446 896 3480 in
918 3445 1014 3482 libro
1042 3451 1169 3483 contra
1193 3447 1393 3494 Hugonem
1415 3445 1711 3483 schismaticum.
1739 3446 1859 3482 Immo
1884 3450 1920 3481 et
1946 3449 2077 3491 quater
2101 3443 2307 3491 scripsisse
2316 3442 2482 3488 videtur,
2497 3447 2585 3491 quia
2610 3443 2770 3481 Albinus
2840 3467 2842 3471 ν

518 3504 697 3543 scholaris
723 3503 843 3550 (Spic.
863 3514 955 3539 rom.
978 3509 1067 3540 tom.
1087 3504 1149 3541 cit.
1170 3515 1206 3552 p.
1224 3507 1324 3548 277.)
1343 3503 1636 3552 partemhorum
1655 3513 1751 3551 quae
1767 3502 1849 3539 heic
1875 3502 2116 3549 exposuimus
2129 3529 2140 3547 ‚
2158 3501 2251 3539 dicit
2275 3511 2315 3539 se
2343 3501 2498 3539 recitare
2523 3511 2566 3539 ex
2591 3501 2687 3539 libro
2702 3503 2771 3540 Bo-

516 3563 661 3601 nizonis
681 3563 730 3600 de
753 3565 838 3599 vita
862 3563 1078 3599 christiana
1093 3577 1105 3599 .·
1132 3563 1203 3601 nisi
1233 3563 1329 3600 forte
1357 3563 1418 3600 hic
1444 3561 1539 3600 liber
1563 3562 1664 3600 idem
1691 3567 1770 3599 erat
1795 3561 1859 3608 qui
1886 3562 1941 3598 ad
1965 3564 2146 3599 amicum.
2623 3553 2625 3555 ’

599 3626 634 3666 2)
658 3622 807 3659 Scilicet
837 3622 961 3658 Leone
988 3622 1054 3657 IX.
1084 3622 1150 3669 qui
1175 3622 1218 3659 in
1247 3622 1332 3660 albo
1358 3617 1573 3660 sanctorum
1601 3626 1672 3660 est.
1700 3620 1773 3658 Hic
1799 3620 1911 3658 etiam
1940 3631 1962 3658 a
1992 3619 2181 3658 Bernardo
2212 3618 2399 3658 Gnidonis
2423 3619 2583 3658 dicitur:
2611 3622 2672 3658 vir
2701 3631 2767 3658 sa-

513 3684 666 3730 pientia
693 3684 731 3718 et
758 3682 967 3717 sanctitate
986 3681 1232 3726 praeclarus.
1780 3704 1783 3707 >
1949 3706 1951 3708 .

601 3744 637 3786 3)
662 3739 705 3777 ld
733 3744 789 3777 est
816 3739 977 3776 haeresis
1004 3739 1296 3783 Patarenorum‚
1321 3745 1366 3777 ut
1390 3739 1550 3778 diximus
1574 3740 1616 3777 in
1639 3738 1836 3788 spicilegio
1862 3743 1952 3776 tom.
1979 3738 2044 3776 cit.
2061 3750 2098 3787 p.
2116 3742 2199 3776 281.

535 3834 538 3838 ,
598 3802 634 3843 4)
660 3800 772 3835 Extat
800 3799 838 3835 S.
868 3796 1034 3834 Anselmi
1061 3796 1220 3835 lucensis
1247 3798 1344 3836 liber
1371 3805 1498 3837 contra
1521 3799 1732 3836 Wibertum
1757 3797 1856 3846 apud
1875 3797 2066 3837 canisium
2089 3800 2136 3836 A.
2156 3799 2200 3836 L.
2227 3797 2287 3836 ed.
2315 3808 2400 3835 nov.
2417 3798 2463 3834 T.
2484 3796 2550 3833 111.
2577 3796 2651 3834 Nos
2675 3795 2765 3833 item

521 3857 618 3904 paris
642 3857 718 3895 fere
747 3856 955 3905 argumenti
983 3858 1076 3903 opus
1100 3855 1235 3894 edituri
1262 3867 1390 3895 sumus
1418 3857 1624 3896 cardinalis
1645 3855 1860 3896 Deuadedit.

886 3926 906 3947 ἢ
