2944 4426
1318 148 1331 166 1

1212 245 1258 276 IN
1291 244 1558 277 PnovssnmA.

313 331 541 388 Quotquot
562 332 616 376 de
634 331 794 376 iudicio
810 335 852 374 et
867 329 1135 386 providentia
1149 330 1354 385 ignorau-

256 407 324 446 tes
351 403 608 458 doctrinam,
629 407 863 447 creatorem
877 400 1202 456 blasphemant,
1228 405 1356 444 testes

255 480 357 518 sunt
385 476 630 529 mendaces3
662 486 800 530 neque
826 474 1019 528 impunes
1054 478 1177 516 erunt
1205 474 1250 516 in
1284 473 1354 516 die

257 542 419 590 iudicii.
455 548 680 602 Quotquot
707 548 807 588 item
825 558 850 587 a
871 545 958 587 suis
975 545 1281 600 cupiditatibus
1296 545 1354 588 ir-

257 619 372 661 retiti
386 651 397 672 ‚
422 619 659 661 existimant
678 615 986 671 impossibilem
1006 627 1096 658 esse
1122 616 1322 659 virtutem
1340 647 1353 671 ‚

256 687 303 730 hi
326 689 431 743 legis
458 688 638 736 latorem
665 687 820 730 iniuste
843 690 1056 729 accusant.

313 829 517 886 vulgares
546 828 739 870 homines
758 840 844 870 non
875 828 975 883 quia
996 828 1247 883 dignitatem
1271 830 1355 872 ho-

254 905 409 944 norent
423 932 435 955 ,
455 899 728 945 reverentiam
755 899 980 956 exhibent,
1005 900 1080 943 sed
1099 905 1355 944 assentantes

254 976 494 1027 respectum
509 984 716 1027 personae
734 971 909 1014 habent.
933 975 990 1015 At
1012 973 1124 1015 enim
1149 973 1215 1015 vir
1230 985 1355 1016 verax

253 1042 368 1086 haud
390 1042 633 1086 adulabitur
659 1043 722 1085 rei
748 1043 881 1085 malae
897 1060 932 1096 ‚¹
948 1043 1023 1086 sed
1055 1043 1352 1099 reprehendet.

313 1115 579 1170 Quicumque
606 1113 698 1156 odit
721 1114 892 1169 inopem
911 1115 1085 1157 fratrem
1101 1146 1113 1169 ‚
1139 1116 1211 1158 hic
1238 1117 1358 1159 iuxta

253 1185 390 1228 illud:
420 1185 534 1228 beati
560 1197 770 1240 pauperes
793 1185 942 1240 spiritu
961 1218 972 1240 ‚
1004 1187 1204 1240 quoniam
1234 1187 1354 1242 ipso-

253 1269 350 1299 rum
375 1261 439 1299 est
474 1268 655 1310 regnum
687 1256 897 1298 caelorum
913 1289 924 1311 ‚
955 1269 978 1299 a
1006 1258 1083 1299 Dei
1107 1262 1150 1299 et
1173 1259 1351 1312 angelo-

253 1340 350 1370 rum
379 1340 522 1370 amore
549 1327 702 1383 procul
730 1328 823 1369 crit.
854 1328 957 1381 Vel,
988 1328 1246 1383 quicumque
1266 1329 1351 1371 fra-

252 1403 360 1440 trem
393 1399 562 1441 virtutis
590 1399 764 1453 inopem
799 1397 918 1450 odit,
953 1398 1007 1440 ab
1040 1399 1196 1441 affectu
1236 1412 1350 1454 quo-

254 1482 338 1525 que
373 1470 580 1512 amicitiae
617 1469 771 1524 procul
808 1471 892 1512 >erit
930 1471 976 1512 in
1016 1471 1353 1514 vita.—Bonam

252 1540 556 1594 cogitationem
586 1541 811 1595 appellavit
840 1542 919 1583 Dei
954 1542 1214 1595 agnitionem
1250 1544 1348 1598 qui,

253 1623 348 1653 eam
373 1611 625 1654 habentibus
659 1611 790 1654 corde
809 1624 946 1667 puro,
976 1613 1086 1655 solet
1117 1615 1352 1669 appropin-

253 1694 401 1736 quare.
431 1683 514 1735 Qui
539 1694 640 1736 ergo
673 1683 784 1726 hanc
811 1683 1077 1739 disciplinam
1105 1684 1256 1728 docilis
1275 1698 1350 1728 su-

252 1753 404 1807 scipit,
441 1753 629 1808 prudens
667 1758 757 1808 est,
795 1758 838 1796 et
873 1755 1057 1797 inveniet
1097 1757 1351 1809 eam—Qui

252 1824 387 1866 multa
411 1824 519 1866 mala
543 1824 646 1866 facit
670 1825 805 1867 verbo
831 1829 874 1867 et
905 1838 1034 1881 opere
1049 1857 1061 1879 ,
1083 1827 1120 1868 is
1146 1827 1352 1870 malitiam

251 1899 519 1938 consummat
533 1927 545 1949 ,
578 1908 684 1950 quae
714 1908 840 1939 omne
871 1901 1012 1950 genus
1035 1899 1198 1952 peccati
1227 1911 1349 1941 com-

251 1966 467 2020 plectitur.
500 1967 584 2019 Qui
610 1980 715 2010 vero
744 1968 946 2012 adversus
975 1970 1167 2013 homines
1193 1983 1352 2014 sermo-

251 2049 326 2079 nes
353 2038 550 2082 exitiosos
576 2039 668 2082 sine
694 2039 826 2082 limite
853 2041 1058 2094 effundit,
1083 2045 1126 2084 et
1149 2043 1194 2085 in
1215 2043 1350 2085 Deum

249 2107 532 2163 blasphemias
549 2141 562 2163 ‚
589 2111 659 2153 hic
688 2123 778 2153 non
806 2112 1053 2154 salvabitur.

309 2181 454 2236 Neque
485 2182 649 2225 animae
678 2195 815 2238 neque
847 2185 1041 2239 corporis
1070 2184 1243 2228 deliciae
1275 2198 1349 2229 ve-

250 2264 354 2295 sano
396 2243 590 2307 prosunt.
626 2254 734 2296 Nam
773 2255 982 2310 spiritales
1001 2286 1013 2307 ‚
1058 2269 1156 2300 cum
1191 2257 1245 2307 sit
1276 2269 1350 2300 sus

250 2323 545 2379 voluptariuS‚
572 2325 753 2380 pedibus
781 2326 1076 2369 conculcabit:
1099 2340 1124 2370 a
1151 2340 1350 2370 sensuum

250 2399 389 2437 autem
413 2396 631 2451 voluptate
650 2409 749 2439 caro
772 2398 860 2439 eius
879 2397 932 2440 ad
951 2398 1208 2454 cupiditates
1225 2412 1348 2442 com-

251 2465 517 2519 movebitur,
551 2467 658 2508 etin
679 2468 818 2509 Deum
848 2467 1130 2523 blasphemias
1155 2469 1344 2512 iactabit.

250 2536 424 2578 Etiamsi
454 2549 476 2578 e
506 2549 628 2579 servo
669 2550 808 2593 nuper
838 2539 892 2581 sit
921 2538 1171 2595 libertinus,
1213 2540 1274 2582 ita
1303 2553 1348 2583 se

251 2611 386 2660 geret.
594 2647 597 2649 Α

309 2678 352 2720 Si
379 2679 455 2734 qui
483 2684 597 2722 recte
628 2681 832 2735 gloriatur
850 2713 862 2736 ,
892 2683 935 2724 in
966 2684 1152 2736 Domino
1189 2684 1348 2738 gloria-

248 2754 321 2792 tur
339 2764 351 2804 3
371 2751 578 2794 Dominus
606 2757 746 2794 autem
766 2757 911 2795 noster
935 2753 1144 2808 sapientia
1168 2759 1258 2809 est3
1284 2768 1349 2797 se-

250 2822 396 2876 quitur
414 2825 462 2864 nt
491 2822 567 2876 qui
581 2827 694 2865 recte
711 2823 922 2879 gloriatur
937 2855 949 2878 ‚
969 2825 1013 2867 in
1030 2825 1235 2880 sapientia
1256 2826 1349 2880 glo-

248 2892 394 2934 rietur.
433 2891 636 2934 Gloriatio
669 2893 800 2946 igitur
827 2894 1082 2948 longanimis
1119 2900 1162 2938 et
1181 2896 1347 2939 miseri-

249 2962 390 3004 cordis
409 2993 421 3015 ‚
451 2963 658 3017 sapientia
683 2969 745 3023 est
775 2969 817 3006 et
836 2958 998 3019 agnitio
1018 2967 1113 3009 Dei.
1143 2969 1349 3023 Superve-

248 3033 311 3075 nit
327 3037 469 3075 autem
489 3033 780 3088 peccatoribus
799 3035 1036 3079 absterrens
1057 3050 1131 3079 eos
1154 3050 1179 3080 a
1212 3039 1340 3090 malo,

247 3116 362 3146 nunc
388 3103 589 3158 quidem,
618 3104 764 3159 quoad
793 3105 886 3148 fieri
921 3112 1093 3162 potest3
1122 3109 1168 3151 in
1197 3110 1343 3152 futuro

253 3179 393 3218 autem
421 3176 589 3217 saeculo
607 3208 620 3229 ,
651 3177 899 3219 necessario.

304 3246 512 3288 Dominus
535 3250 679 3288 noster
697 3246 806 3300 ignis
831 3259 1082 3291 consu-mens
1097 3254 1182 3303 est,
1203 3255 1246 3292 et
1264 3252 1344 3294 ira·

246 3322 315 3360 tus
350 3317 435 3359 leo.
470 3319 522 3359 In
553 3317 853 3374 peccatoribus
893 3318 1079 3361 amburit
1117 3323 1346 3363 consumit-

245 3400 329 3443 que
345 3420 357 3442 ,
390 3392 440 3430 ut
457 3387 571 3442 ligna
600 3387 776 3430 foenum
804 3390 878 3429 aut
895 3388 1096 3443 stipulam
1115 3421 1128 3444 ‚
1159 3390 1344 3433 militan-

243 3455 345 3501 tem'
365 3458 566 3501 adversus
601 3458 799 3513 spiritum
833 3470 1015 3501 carnem.
1047 3461 1139 3502 Lux
1170 3472 1270 3502 vero
1302 3466 1345 3503 et

244 3543 318 3572 ros
347 3533 460 3572 recte
486 3529 707 3583 agentibus
723 3562 734 3583 ‚
768 3534 1010 3572 monstrans
1043 3529 1128 3572 illis
1154 3534 1343 3574 actarum

243 3615 387 3645 rerum
418 3604 630 3655 rationes,
655 3607 698 3645 et
715 3602 961 3656 extinguens
989 3603 1122 3657 ignita
1145 3604 1230 3646 tela
1250 3617 1343 3647 ma-

247 3673 380 3727 ligni,
399 3673 735 3729 refrigeransque
753 3673 872 3715 illum
893 3674 966 3728 qui
987 3673 1041 3715 ab
1058 3673 1221 3728 agendo
1238 3687 1343 3717 con-

243 3744 370 3797 tingit
401 3744 616 3787 ardorem.

301 3815 516 3870 Impuram
533 3815 714 3858 animam
732 3818 921 3858 scortum
937 3815 1184 3876 appellavit3
1202 3820 1245 3860 et
1263 3816 1343 3860 hu·

2464 233 2526 280 29

1482 331 1606 378 ’Όσοι
1625 349 1714 383 τους
1738 349 1823 395 περι
1843 327 1997 397 κρῖσεως
2016 354 2078 380 και
2100 353 2168 399 πρε
2152 329 2275 389 νοῖας
2294 334 2525 400 ἀγνοεῦντες
2593 356 2600 365 ·

1426 395 1566 485 λργευς
1586 437 1600 458 ,
1636 396 1702 450 τᾶν
1735 398 1977 485 δημιουργὸν
1991 400 2301 469 βλασφημουσι,
2334 401 2527 473 μάρτυρές

1429 472 1502 555 εἱσι
1539 471 1712 535 ψευόεις·
1752 492 1816 518 ουκ
1852 467 2084 536 ἀτιμωρητσι
2122 471 2163 520 δὲ
2201 472 2448 538 διαμένουσιν
2486 476 2528 524 ἐν

1426 562 1550 608 ημῑρᾳ
1578 559 1748 628 κρίσεως
1782 562 1845 589 καί
1873 563 1956 590 00οι
1979 539 2136 591 πάλιν
2116 565 2190 593 uuo
2217 567 2291 592 των
2316 542 2424 599 ἰδίων
2449 568 2537 596 πα·’

1426 614 1514 659 Sine
1547 613 1686 675 ἐνοχλε
1689 630 1816 674 υμενοι
1847 608 1979 674 νεμίζε
1983 634 2071 660 υσιν
2112 611 2389 678 ἀκατόρθωτεν
2423 610 2527 665 εἶναι

1427 702 1499 733 την
1531 679 1708 748 ἀρετ-ην,
1741 686 1845 732 οὗτοι
1879 685 1934 746 τῷ
1963 683 2144 734 δεδωκότι
2170 681 2237 732 vav
2262 682 2352 748 νᾶμε
2337 707 2376 734 ..ν
2410 688 2529 751 ἔγκα-

1428 755 1563 801 λσῧσιν
1595 749 1755 807 ἁδικως.

1499 821 1553 872 Οἷ
1586 825 1743 886 χυδαῖει
1775 829 1818 871 σὺ
1846 821 1894 872 τδ
1931 823 2084 887 ἀξιωμα
2116 828 2302 888 τιμῶντες
2339 825 2527 876 &mezad-

1427 913 1496 942 ασι
1530 889 1598 942 r3v
1617 891 1723 980 φοβΙ
1711 914 1769 950 ν,
1795 891 1905 942 αλλὰ
1923 891 2136 948 κόλακες
2113 917 2222 950 οντες
2247 917 2425 983 πρεσωπ
2409 903 2528 950 σληπ·

1428 966 1573 1013 τεῧσιν·
1610 964 1629 1012 3
1664 963 1706 1014 δὲ
1738 962 1900 1019 ἀληθής
1930 961 2027 1031 ἀνὴρ
2058 967 2102 1013 οὐ
2127 989 2170 1014 κε
2155 962 2355 1016 ελακευσει
2380 963 2423 1016 τὲ
2456 990 2528 1037 κα·

1426 1031 1528 1091 κᾶν,
1562 1034 1655 1083 αλλ’
1687 1024 1848 1101 ἐλέγξει·

1498 1107 1593 1160 Πᾶς
1627 1101 1668 1161 ἒς
1698 1128 1805 1169 μισει
1841 1103 1908 1155 τὸν
1941 1103 2108 1170 στωχὲν
2133 1105 2324 1174 ἀδελφὸν,
2350 1130 2458 1158 κατα
2482 1107 2525 1156 τὸ
2583 1135 2601 1156 -.
2640 1147 2646 1155 .

1424 1196 1590 1240 μακαριε
1574 1199 1604 1223 ι
1636 1177 1675 1225 οἵ
1705 1199 1858 1241 πτωχει
1883 1179 1938 1241 τῷ
1960 1199 2175 1240 πνευματι
2202 1180 2264 1227 ὅτι
2288 1180 2415 1227 αὐτων
2441 1180 2527 1235 ἐςιν

1425 1267 1450 1296 η
1478 1244 1665 1307 βασιλεια
1698 1269 1770 1296 των
1803 1268 1970 1313 ευρανων
1993 1286 2005 1307 ‚
2043 1270 2107 1296 και
2140 1245 2296 1313 ἀγάπης
2333 1253 2429 1298 ἓεεῧ
2462 1270 2525 1297 και

1425 1313 1602 1400 ἀγγέλων
1631 1340 1784 1382 μακραν
1817 1317 1946 1368 ἔσται·
1979 1314 2005 1370 ἢ
2029 1322 2120 1374 πᾶς
2152 1342 2196 1374 ος
2228 1317 2375 1388 οἷδελφὲ
2359 1343 2401 1368 ν
2434 1321 2530 1385 οἷρε-

1426 1391 1496 1441 τῆς

1424 1463 1480 1509 &n
1518 1457 1654 1525 φιλιας
1690 1481 1883 1528 μακρυνετ
1869 1482 1925 1507 ,αι
1964 1463 2032 1509 τεῧ
2068 1458 2416 1526 βιου--Ἀγαὲην
2460 1461 2529 1509 ἕν-

1425 1549 1530 1576 νειαν
1566 1526 1637 1580 τὴν
1684 1535 1752 1578 τεῦ
1787 1533 1885 1578 Ξέεῧ
1919 1534 2061 1596 γνῶσιν
2098 1529 2297 1594 ωνέμασε·
2335 1555 2403 1580 και
2442 1535 2528 1588 τέῖς

1425 1596 1570 1648 εἰδόσιν
1607 1597 1730 1651 αυτῆν
1769 1623 1852 1656 τεις
1887 1605 2084 1688 καὲριρεῖς
2127 1605 2176 1667 τῇ
2218 1600 2394 1669 καρδιᾳ,
2434 1602 2527 1650 εἵω-

1423 1675 1477 1717 ἓνε
1509 1692 1660 1726 τευτεις
1692 1673 1850 1758 ἑγγιέῖν·
1887 1672 1906 1719 o‘
1940 1669 1982 1720 δε
2014 1670 2223 1734 πειθομενε
2229 1696 2247 1728 ς
2279 1672 2527 1759 τούτοιςεῖς

1423 1737 1635 1802 μα’..Ξ-πσινι,
1681 1741 1863 1809 φρόνιμος
1907 1740 2029 1801 ἐστι,
2077 1765 2143 1791 και
2191 1742 2337 1810 ευρῆσει
2383 1741 2522 1794 αὐτ-έν.

1422 1813 1545 1860 --Ὁ
1583 1835 1630 1862 π’
1613 1811 1712 1861 ελλα
1753 1835 1967 1864 κακοπειων
2004 1815 2049 1861 δι’
2094 1814 2213 1880 ἔργων
2257 1837 2323 1863 και
2368 1812 2525 1879 λογων,

1425 1888 1574 1931 τελεσιε
1559 1887 1687 1950 ευργέῖ
1717 1906 1890 1942 κακιαν,
1923 1907 1948 1936 -η
1982 1884 2090 1935 ἐστιν
2122 1888 2238 1935 πᾶσα
2262 1882 2448 1952 ἇμαρτια·
2483 1881 2527 1939 ἒς

1424 1949 1466 2000 δε
1499 1957 1762 2020 τελεσιουργει
1791 1956 1896 2005 κατὰ
1917 1953 2124 2021 ἀνθρωπων
2157 1955 2295 2021 λόγους
2328 1959 2385 2011 εὶς
2417 1951 2527 2005 ἀπω·

1424 2028 1570 2079 λ,ειαν
1604 2047 1670 2073 και
1704 2021 1958 2091 βλασφημίας
1987 2047 2093 2075 κατα
2122 2031 2246 2085 θεὸν,
2274 2028 2316 2075 εὖ
2340 2023 2525 2077 ‹sm-&ms-

1423 2117 1491 2144 ται
1524 2092 1653 2150 εῧτες.

1527 1385 1694 1451 πτωχὸν
1727 1390 1830 1439 ὄντα
1853 1411 2001 1451 μισει,
2032 1385 2101 1437 ’και
2136 1393 2208 1444 τῆς
2240 1389 2337 1456 πρὸς
2371 1388 2423 1441 τὰ
2454 1389 2530 1441 πά·
2580 1400 2583 1403 ’

2570 1482 2640 1512 cod.
2659 1483 2680 1512 f.
2699 1485 2745 1512 81.
2764 1491 2792 1513 a.

1493 2163 1605 2215 Ουτε
1647 2167 1672 2219 ἦ
1705 2165 1813 2215 κατὰ
1856 2166 1991 2231 ψυχην
2033 2189 2155 2235 τρυφη
2178 2206 2190 2228 ,
2229 2168 2319 2218 οὔτε
2355 2190 2381 2219 η
2416 2164 2523 2217 κατὰ
2585 2214 2594 2224 ,
2651 2216 2656 2223 ,

1424 2258 1538 2299 σωμα
1575 2236 1756 2305 συμφέρει
1794 2240 1850 2288 τῶ
1884 2238 2031 2306 ἄφρενι·
2066 2259 2136 2288 την
2173 2236 2245 2302 μὲν
2281 2237 2357 2306 γὰρ
2393 2260 2520 2288 κατα-

1422 2328 1587 2359 πατησει
1621 2312 1702 2363 τοῖς
1733 2331 1780 2359 πε
1784 2311 1827 2358 σῒ
1861 2314 1990 2375 χεῖρες
2026 2306 2157 2376 epil-113:
2163 2331 2203 2358 v:
2208 2333 2226 2365 ς
2263 2330 2329 2357 ων·
2368 2306 2442 2360 ὑπό
2481 2307 2522 2357 δὲ

1422 2380 1494 2433 τῆς
1526 2380 1734 2434 αἰσθητῆς
1771 2382 1919 2466 τρυφῆς
1942 2380 1967 2431 ti
2002 2378 2100 2444 σαρξ
2137 2383 2258 2430 αὐτοῦ
2294 2377 2395 2447 ωρὲς
2433 2377 2524 2429 σά-

1420 2453 1478 2500 Ξη
1515 2449 1808 2510 κινηθήσεται,
1854 2472 1919 2499 και
1963 2448 2070 2500 κατὰ
2113 2455 2214 2499 Sec*
2174 2474 2215 2499 ευ
2258 2449 2524 2517 βλασφημιας

1419 2517 1542 2584 ριψει·
1575 2542 1607 2569 ει
1638 2544 1706 2570 και
1737 2519 1815 2572 ἀπέ
1849 2518 1995 2570 δενλων
2028 2517 2224 2589 ε’λευθερες
2246 2560 2258 2582 ,
2293 2525 2408 2572 τοῦτο
2440 2545 2487 2572 πε
2491 2545 2526 2570 ι-

1418 2611 1524 2638 mosi.
1777 2611 1802 2642 ⁴s

1490 2662 1544 2710 Ει
1581 2661 1600 2710 3
1638 2684 1887 2748 καυχωμενῗ·
1870 2700 1887 2718 3
1924 2665 2052 2729 ἑρέΐως
2075 2701 2087 2723 ‚
2135 2665 2174 2711 ἐν
2212 2661 2324 2729 κυρίῳ
2358 2686 2522 2727 καυχα-

1391 2762 1393 2766 ’
1420 2752 1486 2781 ται
1508 2770 1522 2790 9
1556 2756 1575 2781 O
1608 2730 1652 2781 δὲ
1682 2756 1782 2800 κυρῑῖ
1769 2756 1804 2788 .ς
1835 2756 1945 2798 ημω)
1984 2756 2124 2819 &equam
2136 2755 2270 2793 ἔστιν,
2310 2757 2328 2782 0
2366 2756 2523 2797 καυχω-

1419 2822 1509 2863 μενε
1515 2826 1532 2858 ς
1566 2805 1692 2868 ὀρθῶς
1713 2842 1725 2864 ,
1761 2806 1800 2852 ἓν
1837 2827 1880 2854 σε
1865 2825 1954 2872 φιᾳ
1989 2807 2206 2868 καυχᾶται·
2247 2802 2289 2854 ro*
2328 2827 2523 2868 καυχγμα

1420 2893 1548 2921 τεινυν
1581 2895 1649 2922 τευ
1677 2871 1938 2939 μακροθυμευ
1967 2897 2035 2923 και
2074 2873 2278 2938 ἐλεημενες
2298 2913 2311 2933 .,
2353 2872 2461 2925 ἐστιν
2497 2875 2523 2926 ἦ

1421 2940 1539 3010 σοφία
1574 2965 1640 2991 και
1676 2966 1702 2994 η
1737 2965 1880 3008 γνωσις
1916 2945 2055 2994 αυτοῦ·
2095 2943 2316 3032 ἐισὲρχετῆι
2356 2944 2399 2994 δὲ
2437 2967 2479 2994 τε
2475 2948 2520 2999 ’ἴς

1418 3011 1660 3080 παρανόμοις
1691 3012 1960 3065 ἀπαλλάττων
1990 3038 2085 3065 αντε
2090 3038 2133 3070 υς
2164 3037 2329 3075 κακιας,
2357 3020 2424 3064 νῧν
2447 3036 2520 3077 μεν

1420 3082 1716 3147 ἐνδεχομένως,
1756 3086 1795 3133 ἐν
1834 3083 1874 3133 δὲ
1913 3088 1968 3149 τῷ
2002 3084 2125 3149 μέλλε
2122 3108 2188 3135 ντι
2232 3083 2343 3134 αἱωνι
2391 3086 2518 3151 ἀναγ-

1418 3174 1555 3209 καιως.
2406 3170 2409 3173 “

1486 3226 1538 3274 Ὁ
1573 3247 1695 3291 κυριεε
1678 3263 1695 3280 3
1731 3226 1842 3289 ἦμων
1878 3229 1955 3293 πῦρ
1997 3225 2069 3291 μὲν
2113 3226 2408 3278 καταναλισκον
2453 3251 2518 3277 και

1418 3291 1514 3342 ὶεων
1538 3294 1761 3362 ὄργιζομενε
1766 3317 1798 3351 ς·
1825 3294 1921 3362 πρός
1946 3295 1986 3346 δὲ
2014 3321 2099 3353 reug
2124 3297 2421 3363 ἇμαρτανοντας
2448 3321 2520 3348 κα-

1418 3387 1577 3414 τακαιον
1593 3390 1660 3415 και
1686 3365 1925 3427 ἀναλισκεν,
1951 3391 1999 3424 ως
2023 3365 2120 3426 ξυλα
2143 3391 2294 3435 χορτων
2317 3368 2518 3433 καλαμην,

1416 3434 1490 3486 τὴν
1523 3437 1829 3520 στρατευομένου
1862 3436 1989 3503 σάρκα
2023 3460 2132 3488 κατα
2168 3444 2237 3489 τοῦ
2267 3458 2515 3502 πνευματος·

1417 3508 1495 3572 φῶς
1515 3503 1556 3553 δὲ
1581 3529 1645 3555 και
1666 3505 1800 3574 ὀρέως
1819 3528 1914 3573 προς
1933 3506 2023 3563 τοὺς
2043 3513 2356 3595 κατορθοῦντας,
2377 3507 2520 3563 δεικνῦς

1416 3576 1552 3631 αὐτοῖς
1574 3598 1648 3626 των
1668 3599 1755 3643 γεγ
1740 3575 1878 3627 ενᾶτων
1899 3601 1984 3634 τευς
2007 3576 2168 3645 λόγους,
2194 3587 2259 3629 καὶ
2285 3583 2518 3641 κατασβεν-

1416 3642 1511 3693 νῦων
1535 3668 1586 3696 τα
1604 3644 1863 3714 πεπυρωμένα
1881 3646 1980 3709 βέλη
2002 3654 2070 3699 τεῦ
2087 3673 2220 3718 ποσηρε
2205 3653 2337 3711 ῧ,και
2358 3649 2517 3716 περιψυ-

1415 3737 1498 3778 χων
1531 3715 1596 3765 τᾶν
1632 3719 1672 3766 ἐκ
1704 3722 1774 3774 τῆς
1797 3715 1983 3785 πράξεως
2003 3720 2196 3784 συμβαῖνε
2202 3744 2276 3772 ντα
2314 3719 2512 3769 καύσωνα

1485 3784 1570 3838 Την
1602 3786 1830 3859 σἰκαθαρτον
1854 3788 2010 3856 ψυχην,
2039 3794 2202 3857 ἑταῖραν
2227 3789 2419 3840 ὠνέαασε·
2446 3812 2510 3838 και

2565 2669 2676 2730 {odilr-
2696 2704 2740 2730 81.
2760 2700 2791 2729 b.

2562 3258 2591 3280 V·
2615 3254 2657 3280 12.

2555 3805 2584 3826 v.
2607 3802 2648 3827 13.

2551 3833 2621 3863 cod.
2642 3833 2662 3862 f.
2682 3836 2727 3863 82.
2746 3840 2774 3861 a.
