2944 4426
1262 221 1308 252 IN
1339 219 1607 254 Pnovnlmu

307 306 387 350 bus
416 308 686 364 potissimum
713 308 847 352 utitur
865 305 1067 350 adversus
1095 317 1170 349 eos
1195 306 1403 349 incursio-

307 378 433 422 nibus
447 410 460 433 ,
492 380 710 435 voluptate
726 409 739 432 ,
773 377 1054 422 delenimento
1069 408 1083 431 ,
1115 376 1242 432 dolo;
1275 381 1402 432 atque

307 450 368 492 ita
398 449 701 506 pedetemptim
728 450 988 504 latenterque
1015 450 1134 504 ipsos
1161 449 1398 504 perimens,

305 522 447 575 primo
477 521 648 577 quidem
680 521 757 575 per
784 519 878 562 falsi
919 520 1131 575 dogmatis
1164 520 1251 562 vias
1284 519 1404 562 ducit

306 592 360 635 ad
388 593 691 648 perditionem,
723 604 851 647 quam
878 591 1099 634 infernum·
1116 595 1268 633 vocat:
1308 593 1401 647 ipso
1440 643 1445 647 ,

306 663 517 707 vindictae
533 661 643 716 fine,
678 661 1006 716 magnitudinem
1030 663 1192 717 peccati
1224 662 1401 705 demon-

306 739 438 776 trans.
457 733 619 775 Deinde
634 733 823 775 luxuriae
839 732 1063 775 dulcedine
1077 733 1223 775 obruit
1236 765 1248 788 ,
1273 745 1401 788 quem

304 804 531 846 mulierum
559 817 747 846 amorem
779 805 982 860 appellat.
1016 806 1168 847 Postea
1199 804 1400 860 pecuniae

301 885 445 916 amore
470 886 546 916 seu
575 876 750 918 avaritia
766 905 778 927 ‚
805 887 936 930 quam
963 875 1090 918 etiam
1109 880 1265 918 terram
1288 887 1401 931 aqua

300 957 535 1002 numquam
568 950 795 989 saturatam
826 946 959 1000 dicit3
1000 959 1186 1002 namque
1222 959 1398 990 arenosa

301 1020 432 1072 certe,
447 1017 692 1060 insatiabilis
709 1019 882 1060 est.Hae
899 1019 1029 1072 igitur
1045 1019 1262 1073 passiones
1281 1014 1395 1071 sunt,

299 1100 405 1143 quas
432 1090 639 1144 malignus
669 1090 724 1132 ad
754 1091 975 1133 hominum
1008 1092 1240 1146 perniciem
1268 1103 1396 1133 exco-

298 1160 475 1214 gitavit3
509 1173 699 1216 quasque
727 1162 818 1215 ipse
856 1161 971 1204 haud
1001 1174 1124 1204 secus
1154 1161 1292 1216 diligit
1322 1162 1394 1203 fo-

295 1236 451 1286 vetque
482 1245 608 1286 quam
641 1233 838 1287 propiias
867 1233 990 1275 filias.
1023 1233 1228 1284 Quartum
1263 1232 1394 1285 dicit,

296 1302 451 1345 horum
474 1309 643 1346 actuum
665 1305 941 1359 frequentiam
963 1307 1006 1346 et
1027 1304 1393 1346 consuetudinem.

294 1375 442 1429 Neque
471 1377 583 1418 enim
606 1376 679 1430 qui
699 1376 826 1418 semel
845 1387 1017 1430 pravam
1040 1377 1294 1417 sententiam
1316 1389 1392 1417 su-

294 1447 453 1500 scepit,
486 1451 559 1488 aut
593 1450 803 1489 seortatus
832 1450 922 1499 cst,
965 1449 1039 1487 aut
1077 1446 1199 1500 plura
1229 1459 1394 1488 concu-

292 1517 427 1571 pivit,
465 1517 608 1559 subito
643 1517 795 1559 incidit
831 1517 878 1558 in
917 1517 992 1558 bas
1034 1517 1277 1571 passiones,
1318 1519 1394 1560 sed

293 1588 602 1631 consuetudine
642 1588 805 1643 potius'
825 1593 869 1630 et
906 1601 1030 1630 sensu
1078 1589 1232 1631 victus.
1273 1591 1393 1633 Tales

293 1661 525 1715 comperies
555 1660 628 1715 qui
658 1660 772 1703 falsis
794 1661 1066 1715 opinionibus
1086 1660 1187 1703 sunt
1212 1661 1389 1714 obruti,

291 1744 524 1786 numquam
554 1731 714 1774 scilicet
750 1732 939 1774 satietate
975 1745 1119 1774 earum
1161 1733 1254 1787 capi
1272 1765 1283 1786 ,
1317 1733 1394 1775 sed

293 1803 511 1857 passiones
531 1815 627 1844 suas
647 1802 773 1844 latius
793 1815 960 1857 semper
982 1803 1177 1857 proferre
1195 1834 1207 1855 ,
1228 1803 1273 1844 in
1295 1808 1392 1844 tan-

289 1878 383 1915 tum
417 1878 467 1915 ut
499 1873 606 1916 alios
642 1885 815 1928 quoque
850 1873 906 1915 ad
941 1873 1108 1915 easdem
1144 1873 1387 1915 hortentur.

293 1944 422 1986 Velut
451 1957 559 1999 aqua
589 1949 631 1986 et
660 1945 772 1998 ignis
794 1944 1065 1999 suppeditata
1090 1945 1265 1987 materia
1286 1957 1392 1987 con-

291 2026 397 2068 grua
427 2027 514 2056 non
538 2008 760 2069 desinunt,
780 2027 918 2069 neque
941 2015 1090 2057 dicunt
1111 2015 1293 2068 sufficit,
1317 2015 1391 2058 sed

288 2087 596 2128 incrementum
627 2087 772 2141 potius
803 2088 1045 2141 accipiunt3
1068 2088 1255 2142 itemque
1279 2099 1391 2142 aqua

275 2157 452 2207 „influxu
472 2169 606 2212 aquae
622 2188 633 2210 ‚
650 2170 737 2198 non
757 2157 947 2200 subsidet
967 2158 1043 2217 sed
1056 2164 1251 2212 augetur.
1274 2150 1390 2211 Quae

286 2232 336 2270 tu
365 2240 627 2282 cognoscens
646 2261 658 2282 ,
693 2241 720 2270 ο
753 2241 887 2283 puer,
921 2229 975 2271 ab
1006 2229 1076 2282 his
1106 2230 1301 2285 abstine,
1335 2244 1388 2273 ne

287 2299 442 2341 inscius
473 2299 676 2358 paulatim
713 2303 933 2354 tamquam
963 2301 1237 2344 mollissimae
1267 2302 1388 2345 hiru-

290 2369 399 2424 dini,
432 2371 646 2425 voluptati
675 2370 835 2426 praeda
863 2371 959 2413 fias.
1021 2407 1030 2414 .

334 2443 521 2499 Vestigia
543 2442 709 2497 aquilae
735 2443 943 2497 volantis,
968 2444 1168 2498 sapientis
1200 2449 1263 2486 est
1290 2445 1383 2487 ani-

285 2524 353 2554 ma
365 2543 378 2566 ,
410 2525 522 2567 quae
540 2513 619 2555 etsi
639 2514 802 2568 sapiens
815 2546 828 2568 ,
847 2518 1032 2556 attamen
1054 2514 1170 2576 haud
1189 2516 1303 2569 potis
1324 2520 1387 2558 est

284 2584 590 2637 cognoscendis
618 2597 696 2639 per
718 2597 763 2626 se
784 2585 921 2639 ipsam
940 2585 1235 2627 intellectualis
1264 2588 1385 2641 aqui-

283 2645 347 2695 lae
376 2655 607 2697 volatibus.
641 2657 705 2698 De
742 2669 829 2711 qua
866 2657 1072 2711 scriptum
1108 2661 1206 2699 est:
1245 2659 1385 2713 aquila

282 2735 441 2778 magna
470 2729 513 2766 et
549 2727 811 2781 praelonga,
852 2718 981 2781 plena
1018 2728 1262 2782 unguibus,
1294 2742 1383 2771 uon

283 2793 448 2835 babens
476 2788 699 2850 vestigium
727 2798 987 2852 praesentiae
1018 2797 1205 2851 diaboli,
1237 2804 1382 2842 utrum

283 2864 336 2907 ad
361 2877 427 2906 me
449 2865 643 2909 alicunde
669 2867 932 2910 advolaverit
952 2899 964 2922 ,
998 2870 1158 2912 nescio.
1182 2872 1290 2912 Nam
1309 2872 1383 2913 de-

282 2935 465 2977 clinante
497 2949 522 2978 a
551 2949 620 2978 me
641 2938 860 2992 maligno,
885 2952 974 2982 non
996 2941 1135 2993 sensi,
1160 2943 1260 2996 quia
1283 2940 1380 2984 nul-

278 3007 368 3049 lum
399 3008 490 3048 eius
519 3007 625 3048 mibi
643 3007 911 3051 -desiderium
940 3012 1066 3054 inest.
1092 3014 1202 3055 Talis
1225 3019 1290 3056 est
1313 3016 1379 3057 via

278 3077 522 3130 adulterae,
554 3091 707 3133 nempe
737 3081 881 3133 spuria
915 3081 1126 3126 doctrina.

335 3149 528 3204 Populus
557 3149 760 3191 nimirum
780 3151 974 3195 ethnicus
989 3186 1001 3207 ‚
1027 3156 1101 3209 qui
1125 3160 1250 3199 antea
1272 3170 1375 3212 pec-

275 3220 358 3262 cati
388 3223 431 3261 et
461 3218 623 3261 diaboli
646 3232 792 3262 servus
812 3226 918 3264 erat.
941 3224 1008 3266 Sic
1030 3225 1159 3267 illud:
1184 3228 1229 3269 in
1249 3233 1377 3281 gente

274 3291 499 3346 insipiente
527 3290 707 3333 irritabo
738 3304 832 3334 vos.
869 3294 919 3334 Et
953 3295 1136 3338 stolidus
1170 3300 1378 3342 saturabi-

271 3365 344 3403 tur
373 3363 478 3404 escis
507 3361 634 3404 vitae.
678 3364 760 3417 Et,
807 3363 979 3406 odibilis
1016 3366 1199 3421 mulier,
1236 3369 1283 3412 id
1312 3376 1378 3413 est

272 3433 488 3475 meretrix.
503 3433 621 3485 Quae
637 3435 749 3476 enim
762 3447 875 3477 nunc
891 3447 943 3478 ex
957 3437 1158 3490 gentibus
1172 3444 1235 3481 est
1247 3441 1374 3484 eccle-

273 3505 334 3546 sia
347 3536 359 3558 ,
378 3517 428 3547 ea
449 3504 533 3547 fuit
552 3505 655 3547 olim
677 3508 897 3560 meretrix,
928 3507 1108 3551 deorum
1139 3511 1375 3555 alienorum

269 3578 483 3619 sectatrix.
522 3579 575 3620 Et
605 3578 758 3621 ancilla
796 3579 938 3621 eiiciet
975 3579 1190 3623 dominam
1222 3595 1370 3637 suam3

271 3648 462 3700 gentium
505 3649 679 3691 ecclesia
695 3680 706 3702 ,
748 3661 1009 3705 synagogam
1053 3663 1160 3706 quae
1201 3652 1373 3697 domina

270 3722 385 3772 erat3
417 3719 517 3761 huic
547 3721 661 3774 enim
691 3720 867 3762 obnoxii
896 3722 1084 3767 suntlex
1114 3726 1158 3764 et
1185 3725 1372 3779 prophe-

270 3790 716 3834 tae.—Intellectualis
759 3790 974 3835 doctrinae
1015 3805 1136 3836 serva
1176 3799 1265 3837 erat
1296 3795 1370 3839 illa

1477 300 1688 392 ἀνθρωπων
1710 309 1868 371 κρατεῖν
1892 309 1935 355 οὐ
1955 303 2189 372 δυνάμενος·
2211 329 2314 372 τρισι
2338 307 2415 375 γᾶρ
2435 330 2578 376 κεχρη·

1478 396 1547 424 ται
1584 372 1766 437 μάλιστα
1802 377 1888 424 κατ’
1932 399 2062 427 αυτων
2107 378 2352 445 ὅρμητηρίοις
2374 418 2386 437 ‚
2431 381 2539 432 ηδων
2559 414 2575 438 ,

1476 444 1637 510 θέλγων
1658 483 1672 506 ,
1710 449 1904 504 ἀπατων,
1943 469 2008 495 και
2047 446 2112 497 διὰ
2148 471 2258 499 τουτο
2299 447 2405 498 κατὰ
2439 471 2576 517 μικρον

1475 513 1710 572 λεληθότως
1741 513 1886 570 αὐτους
1917 518 2098 582 ἀναιρῶν·
2134 541 2281 585 πρωτον
2314 541 2384 604 ριεν
2407 518 2484 587 γὰρ
2507 523 2579 569 αὖ·

1476 608 1566 642 τους
1605 589 1699 648 τᾳῒς
1737 590 1808 642 τῆς
1844 584 2112 650 ψευδοδοξιαις
2157 588 2261 644 ὁδοῖς
2304 589 2434 654 ενάγει
2477 588 2576 658 ωρός

1475 653 1704 717 ἀπώλειαν,
1730 660 1852 745 xm3'11tep
1858 655 1906 709 δῆ
1927 679 1995 706 και
2020 659 2120 719 ᾅδην
2144 663 2276 706 καλει·
2303 664 2358 722 τῷ
2379 657 2480 710 τέλει
2505 665 2575 716 τῆς

1476 723 1584 783 δικης
1617 725 1768 783 δεικνυς
1801 731 1874 782 τῆς
1906 726 2104 794 ἇμαρτιοις
2142 727 2183 779 23
2221 729 2404 795 μέγεθος·
2438 731 2578 781 ἔπειτα

1475 795 1722 864 περιβαλλων
1756 801 1806 863 τῇ
1837 801 1908 853 τῆς
1939 820 2011 847 ακο
2014 797 2164 854 λασιας
2194 798 2446 863 *1‘13v7t0cSccqz.‚
2473 824 2492 850 o
2526 799 2576 853 ὃη

1473 866 1542 917 καὶ
1548 868 1704 951 ἔρωτα
1735 873 1848 918 καὶει
1879 889 2083 933 γυναικων.
2127 867 2197 918 ἐπει
2237 869 2383 924 τούτοις
2431 876 2576 938 φιλαρ-

1471 961 1588 1008 γυριᾳ
1618 940 1705 992 ἦτοι
1737 944 1830 990 πλεο
1834 931 1968 1001 νεξῖᾳ,
2001 942 2096 1007 ὅπερ
2129 939 2178 994 δη
2208 963 2275 989 και
2301 944 2376 1006 γῆν
2408 944 2472 989 οὐκ
2503 945 2576 1005 ἐμ-

1473 1008 1720 1074 πιπλαμένην
1753 1009 1948 1065 υόατος”
1931 1031 2017 1078 εφη·
2053 1033 2212 1064 τοιαυτῃ
2244 1008 2320 1076 γὰρ
2349 1011 2374 1062 ἦ
2406 1010 2577 1075 ψαμμω-

1473 1084 1542 1136 8ης
1575 1081 1796 1136 ἄπληστος·
1839 1103 1969 1132 ταυτα
2006 1080 2134 1130 τοίνυν
2176 1080 2254 1132 εἱσι
2291 1104 2343 1130 τα
2378 1082 2517 1143 πάθη,
2549 1085 2577 1129 ἅ

1473 1173 1562 1200 τινα
1595 1151 1794 1220 ἐξευρηται
1827 1155 1883 1214 τῷ
1912 1155 2062 1219 πονηρῷ
2091 1150 2187 1219 πρδς
2213 1175 2280 1205 την
2312 1175 2391 1202 των
2424 1152 2575 1219 ανθρω-

1471 1245 1554 1271 πων
1587 1224 1785 1272 ἀπωλειαν
1807 1260 1820 1282 ,
1859 1224 1960 1288 ἅπερ
1991 1226 2114 1278 οὕτως
2148 1228 2251 1291 φιλεῖ
2287 1245 2352 1270 και
2385 1246 2570 1291 στεργει,

1470 1292 1520 1347 ὦς
1553 1290 1600 1342 ἂν
1637 1292 1867 1360 θυγατεροις
1916 1291 2035 1348 ἶόιας
2077 1293 2120 1343 ⁴53
2160 1293 2348 1360 τέταρτον
2386 1293 2425 1342 δὲ
2462 1299 2576 1344 καλει

1471 1361 1540 1414 τῆν
1580 1385 1727 1415 τουτων
1766 1361 1903 1430 τριβην
1940 1386 2006 1412 και
2045 1362 2141 1417 συν-Γ’
2142 1373 2274 1413 δ’·ειοιν
2319 1363 2405 1413 οὐδε
2443 1364 2520 1432 γὰρ
2555 1366 2574 1414 o‘

1469 1432 1568 1499 προς
1602 1437 1711 1491 ἅπαξ
1743 1438 1858 1499 ψευδο
1847 1438 1904 1483 ὂο
1890 1435 2059 1492 finem,
2093 1459 2118 1488 ’n
2152 1456 2390 1504 πορνευσας,
2425 1435 2501 1484 -ῗι
2484 1459 2574 1488 επι-

1467 1502 1660 1569 ἓυμησας
1695 1510 1762 1555 ,οὗ
1794 1504 1967 1556 πλειονο
1927 1542 1992 1565 ..Ἠ
2026 1503 2150 1561 ευὲὖς
2180 1505 2348 1558 ὑπεπεσε
2381 1530 2463 1561 τοις
2493 1525 2582 1558 πα-’

1724 1577 1811 1625 ἀλλ
1851 1577 1869 1623 3
1910 1580 1958 1641 τῇ
1996 1584 2122 1628 συν-πθ
2127 1600 2187 1639 §cqc
2223 1574 2357 1626 λοιπον
2393 1601 2460 1626 και
2500 1576 2574 1630 τῆν

1468 1647 1666 1700 αἴσθησιν
1715 1647 1928 1701 ἧ·τηὲει’ς·
1991 1670 2184 1702 τοιουτους
2232 1670 2308 1714 γαρ
2358 1644 2404 1696 ἂν
2453 1671 2573 1715 ευροις

1468 1740 1510 1766 το
1514 1742 1561 1773 υς
1600 1723 1688 1773 ταῖς
1724 1721 1840 1782 ψευδο
1825 1723 1864 1767 3
1867 1715 1985 1774 οξιαις
2020 1717 2362 1782 ἐντεθαμμὲνους,
2388 1718 2574 1769 οὐδέποτε

1929 1791 2071 1842 ..ἀλλ’
2115 1787 2179 1837 ἀει
2225 1811 2300 1855 προ
2305 1811 2475 1839 εῶιτεινο
2477 1813 2574 1845 ντας

1467 1583 1686 1638 υημασιν,

1467 1785 1552 1875 κὲρο
1556 1812 1575 1837 ν
1624 1787 1807 1852 λαμβανο
1810 1811 1909 1843 ντας

1470 1881 1523 1908 τα
1555 1881 1710 1917 malm,

1469 1938 1642 2016 πιεσὛὲαι
1678 1934 1809 1997 ὥσπερ
1840 1925 1905 1979 οὖν
1935 1954 2003 1979 και
2036 1933 2136 1998 υόωρ
2167 1954 2233 1979 και
2267 1952 2384 1996 πυρ
2369 1953 2417 1982 ἠ
2456 1954 2573 1998 χορη·

1467 1998 1536 2065 γῖᾳ
1589 2021 1664 2052 των
1710 2024 1784 2090 ωρο
1791 2023 1940 2068 σφορων
1988 2004 2031 2050 οὐ
2073 2023 2285 2061 manerat,
2331 2001 2414 2049 ουδὲ
2466 2000 2572 2066 λέγει

1465 2073 1577 2137 ἀρκεῖ
1597 2112 1610 2134 ‚
1644 2071 1755 2121 ἄλλα
1786 2076 1914 2136 μᾶλλ
1901 2095 1939 2120 ν
1972 2072 2094 2123 ἐπαυο
2099 2096 2118 2122 ν
2150 2068 2317 2138 γῖνεται·
2354 2069 2421 2120 το’τ
2428 2094 2442 2120 ε
2474 2075 2574 2139 ὕδωρ

1470 2164 1518 2207 τῃ
1556 2145 1708 2211 ἓωιρρο
1675 2167 1718 2197 η
1754 2147 1822 2193 τοῧ
1847 2146 2019 2201 ὕδατος,
2055 2147 2098 2192 οὗ
2118 2141 2232 2208 >myst
2266 2144 2357 2189 ἀλλ’
2388 2144 2569 2199 αυξεταιθ

1465 2209 1493 2261 ἃ
1509 2212 1574 2263 καὶ
1600 2215 1669 2274 σύ,
1693 2237 1828 2282 φησιν,
1850 2209 1881 2262 οἵ)
1901 2238 1973 2264 παι
1996 2236 2212 2279 γινωσκων,
2234 2211 2386 2276 ἀπέχου
2406 2236 2570 2272 τουτων,

1463 2305 1526 2332 ινα
1566 2308 1622 2348 μη
1665 2284 1802 2351 λαὲῃς
1846 2307 1951 2334 κατα
1985 2283 2148 2353 βραχυ,
2194 2284 2381 2350 καθαπερ
2416 2282 2569 2351 βδέλλῃ

1466 2354 1679 2421 λειοτατῃ,
1715 2379 1764 2422 τῃ
1797 2359 1876 2408 ἧόο
1850 2358 1916 2420 νῇ
1959 2354 2026 2405 τὸν
2063 2355 2127 2417 βιο
2131 2381 2149 2405 ν
2181 2352 2414 2418 ἀποσυλωμε
2419 2378 2458 2404 νο
2464 2380 2499 2411 ς.

1523 2426 1642 2490 Ἴχνη
1675 2429 1794 2476 ἀετου
1824 2424 2039 2489 πετομένω
2060 2465 2073 2487 ‚
2114 2452 2140 2480 η
2174 2450 2245 2477 του
2276 2448 2394 2493 σοφου
2425 2423 2569 2514 ²1va''23

1457 2519 1483 2547 Ὢ
1504 2519 1624 2565 σῦφος
1649 2521 1774 2556 δῦσα,
1784 2495 2048 2552 αόυναΨωςϋ
2032 2521 2114 2562 ΕχΕι
2138 2520 2236 2564 πρῦς
2263 2521 2308 2548 'CO
2331 2520 2476 2562 ‘similla‘
2504 2501 2569 2585 ἀφ’,

1750 1883 1801 1914 ως
1837 1883 1903 1908 xm
1942 1881 2096 1926 Εἵερίυς
2136 1858 2202 1910 ἐπι
2240 1883 2367 1910 ταῦτα
2404 1882 2515 1928 ῶρσῗ
2509 1883 2575 1909 ΟΕ-

1460 2588 1611 2623 saut-ng
1651 2568 1703 2618 τὰ
1741 2592 1781 2619 τί
1787 2573 1810 2617 ῧ
1845 2590 1956 2620 νίῚὶτῧ
1960 2592 1982 2616 U
2018 2591 2108 2618 αὲῗΰ
2112 2594 2135 2617 ὐ
2171 2591 2223 2618 ἴδε
2228 2589 2438 2630 τασμαῗα
2483 2591 2597 2637 περί·

1457 2634 1506 2685 οὗ
1538 2659 1776 2705 γεγραπται·
1813 2638 1930 2695 ἀετὲς
1961 2663 1980 2688 0
2013 2626 2142 2704 μέγλας
2178 2662 2244 2688 και
2278 2642 2297 2687 3
2330 2637 2478 2707 μακρὸς
2518 2643 2569 2705 τῇ

1458 2707 1614 2759 ἐκτασει
1645 2734 1713 2760 και
1734 2710 1901 2785 πληρης
1933 2707 2102 2773 ὄνυχων,
2129 2711 2197 2759 οὐκ
2220 2711 2325 2774 ἔχων
2355 2710 2467 2773 ἴχνος
2493 2715 2567 2765 τῆς

1457 2801 1676 2846 παρουσιας
1711 2786 1779 2830 τοῦ
1810 2779 2021 2840 διαβόλου,
2050 2783 2081 2829 εἶ
2113 2804 2177 2829 και
2190 2779 2372 2867 προέπτη
2397 2805 2462 2844 μοι
2493 2804 2564 2831 πο-

1454 2855 1529 2896 θεν
1560 2854 1625 2899 οὐκ
1656 2847 1762 2900 cidon·
1798 2852 2037 2907 ἐκκλίνοντος
2067 2849 2143 2918 γὰρ
2174 2853 2244 2902 ἀπ’
2277 2854 2342 2915 ἓμο
2326 2855 2369 2900 ,ῧ
2400 2874 2441 2901 το
2445 2855 2470 2900 ὖ
2492 2875 2587 2902 πο·-

1455 2925 1589 2985 νηροῧ,
1625 2924 1690 2970 οὐκ
1725 2920 1955 2987 ἐγίνωσκον,
1990 2926 2045 2986 τῷ
2073 2920 2128 2984 μὴ
2161 2922 2268 2985 ἔχειν
2291 2944 2342 2985 με
2376 2920 2469 2987 προς
2490 2925 2560 2970 αὖ·

1454 2991 1521 3038 τὸν
1555 2990 1699 3042 πόθον.
1735 2990 1907 3049 Τοιαύτη
1932 2991 2024 3048 ὁδὸς
2049 2990 2303 3055 μοιχαλίδος,
2328 2992 2355 3043 ἦ
2380 2999 2560 3041 νενοὲευ-
2603 3000 2638 3024 2⁰

1452 3060 1548 3123 μένῃ
1581 3061 1838 3112 διδασκαλία.

1521 3135 1573 3182 Ὁ
1607 3136 1649 3190 ἐξ
1681 3136 1806 3183 ἐθνων
1839 3133 1964 3194 λαὸς,
1998 3137 2133 3188 δοῦλος
2165 3130 2214 3183 ὧν
2248 3156 2317 3188 ττις
2356 3129 2559 3199 ἁμαρτιας

1451 3226 1512 3251 και
1549 3209 1617 3253 τοῦ
1648 3202 1837 3263 διαβόλου
1870 3201 1914 3253 τὲ
1948 3202 2149 3272 πρότερον·
2184 3206 2332 3261 οὕτως,
2371 3205 2426 3254 ἐπ’
2459 3204 2558 3252 ἔθνει

1450 3273 1629 3339 ἀσυνετῳ
1659 3280 1854 3359 παροργιῶ
1882 3276 2000 3339 ῧμᾶς·
2033 3297 2100 3323 και
2134 3273 2263 3341 ἄφρων
2296 3271 2467 3342 πλησθῃ
2493 3298 2560 3324 σι-

1451 3341 1542 3394 τῖων
1577 3367 1654 3395 των
1688 3350 1759 3400 τῆς
1799 3349 1919 3401 ζωῆς·
1958 3369 2024 3394 και
2062 3345 2212 3408 μιυητῆ
2250 3369 2347 3411 γυνη
2370 3385 2381 3404 ,
2417 3369 2434 3393 ο
2474 3348 2557 3395 ἔστι

1449 3437 1585 3482 πορνη·
1619 3414 1739 3483 πόρνη
1772 3438 1849 3501 γαρ
1878 3438 1928 3468 ην
1951 3417 1976 3467 -ἧ
2002 3419 2042 3472 ἐξ
2074 3419 2190 3465 ἑθνων
2225 3415 2433 3476 ἐκκλησῖα,
2467 3414 2556 3467 ἑπι-

2504 184 2600 256 es*

2611 2429 2704 2467 vulg.
2722 2431 2815 2461 XXX.
2835 2437 2876 2462 1⁹.

2611 2466 2646 2494 A.
2662 2466 2683 2495 f.
2703 2471 2762 2496 ΙΙΙ.
2778 2475 2805 2497 a.

2602 3018 2681 3061 ibid.

2601 3138 2696 3175 Vulg.
2722 3140 2813 3168 XXX.
2838 3144 2880 3168 22.

2602 3174 2638 3203 A.
2655 3174 2677 3204 Γ.
2698 3178 2757 3203 113.
2772 3182 2800 3209 a,

1449 3508 1507 3535 σω
1535 3490 1641 3534 θεων
1679 3485 1893 3552 ἀλλοτριων
1931 3485 2180 3552 πορευομένη·
2213 3485 2280 3534 καὶ
2313 3483 2454 3541 οἱκετις
2488 3489 2554 3534 ἔκ·-
2619 3550 2621 3552 q

1446 3554 1556 3621 βαλῃ
1589 3576 1659 3607 την
1692 3557 1787 3605 {avt
1791 3561 1841 3612 ἧς
1878 3578 2048 3623 κυριαν,
2080 3580 2106 3610 η
2138 3562 2214 3607 τῶν
2247 3559 2376 3606 ἐθνῶν
2415 3560 2554 3607 ἐκκλη-

1447 3649 1514 3674 σια
1550 3647 1621 3678 την
1660 3646 1890 3693 συναγωγήν
1934 3650 2057 3677 ουσαν
2093 3648 2244 3696 κυριαν·
2294 3624 2439 3680 ταύτης
2479 3649 2555 3692 γαρ

1445 3695 1464 3743 ὅ
1498 3719 1611 3759 νομος
1643 3719 1706 3745 και
1741 3720 1774 3745 οι
1807 3720 2003 3784 προφητοιι
2035 3696 2204 3748 δέονται.
2210 3703 2366 3752 -Τῆς
2399 3700 2505 3745 ὂιανο
2491 3720 2553 3748 η-

1445 3770 1556 3823 τικῆς
1589 3765 1830 3832 ἐπισκέψεως
1863 3772 1904 3818 3:
1892 3766 1982 3822 υλη
2015 3769 2040 3822 -ἶι
2072 3793 2183 3820 κατα
2214 3767 2258 3820 τὸ
2292 3789 2479 3833 γραμμα,
2506 3790 2553 3818 mr
