2944 4426
343 580 370 599 v.
395 575 436 599 10,

248 608 272 636 Α
305 608 324 636 s.
345 611 388 636 54.
409 613 436 635 a.

247 725 279 753 A.
302 724 323 752 s.
342 727 387 753 64.

339 1140 367 1160 V.

258 1168 291 1196 Α.
306 1167 324 1195 Γ.
343 1172 386 1196 64.

340 2129 370 2149 v.

296 2158 328 2185 Β.
349 2157 369 2186 i.

222 2227 303 2256 velt.
325 2236 354 2263 p

344 2838 374 2858 V.

251 2864 390 2893 A...17‹›

405 723 436 752 b.

388 1135 433 1160 20.

403 1167 432 1195 b.

392 2126 433 2150 113.

390 2161 434 2185 (ssi.

324 2200 353 2228 ρ.
379 2196 435 2221 ›44-

374 2231 436 2257 233.

395 2834 439 2859 17.

411 2873 438 2894 a.

374 3063 380 3070 .
395 3046 439 3071 29.

267 3078 300 3105 (Σ,
326 3085 355 3113 p.
376 3082 438 3106 452.

239 1521 274 1550 Α·
302 1488 432 1550 [ὤμ’-’.ζ
476 1502 610 1530 οντων·
654 1505 714 1535 τις
755 1484 785 1529 δ’
826 1503 872 1529 αν
911 1504 1000 1535 τους
1033 1479 1128 1528 ἄλλο
1115 1504 1174 1535 ους
1213 1480 1480 1539 ἓπαινὲσειενς

484 256 543 299 66

1466 305 1468 308 7
1526 270 1685 303 mmm!

1430 392 1464 436 C
1493 392 1531 434 A
1561 395 1611 436 Ρ.
1674 393 1788 436 xlv.

495 526 573 616 O
609 587 647 615 νο
651 570 693 620 ῧς
734 565 1030 632 αἰσθανόμενος
1063 565 1295 636 ἁμαρτιας
1287 606 1299 627 ,
1340 570 1462 629 ὂόυνᾷ
1502 590 1574 617 ττν

481 633 625 700 ψυχήν·
665 634 780 685 οἶκιοιι
820 635 861 686 δε
899 659 973 687 των
1011 641 1164 699 ἀσεβων
1186 677 1199 696 .,
1241 641 1340 694 ε’ξεις
1376 662 1445 688 και
1483 641 1575 686 διοι-

479 705 628 762 Ξέσεις·
664 728 801 759 σκηναι
837 705 879 756 δε
912 707 1010 759 εἰσιν
1043 732 1084 757 αι
1116 707 1373 775 προαιρέσεις
1408 709 1496 757 ἔστι
1531 704 1574 756 δὲ

647 781 811 831 adona
854 777 954 845 ὂρθῆ
999 801 1132 837 εινοιι,
1178 782 1203 830 ἦ
1241 783 1315 829 τῶν
1353 779 1478 829 σ’νι-ων
1524 799 1576 828 τοι

481 852 668 898 οοκοῧντα
705 866 970 915 προκρινονσα.
1009 853 1253 935 Καρτερικως
1291 850 1332 899 τὸ
1372 845 1551 915 aporiaris
1534 869 1573 895 ..ν

479 917 693 983 λογιζεται
715 926 782 967 M
767 918 874 988 εριόοι
900 918 1128 984 σχήσουσιν,
1148 916 1173 970 ἦ
1201 938 1526 985 συμμερισονται·
1552 939 1570 964 ο

481 776 570 832 ἕδος
590 817 604 837 ,

428 1059 430 1061 v
478 989 637 1057 θρασυς
670 1012 743 1056 γαρ
776 993 840 1038 οὐκ
873 986 920 1038 ἂν
953 989 1009 1042 εἰἠ
1042 987 1185 1044 δειλος.

547 1135 673 1181 Τουτο
707 1152 791 1193 εμοι
819 1133 920 1178 ὂοκει
943 1132 993 1184 ὦς
1018 1131 1082 1177 οὐκ
1109 1132 1146 1177 ἐν
1171 1127 1278 1184 τάξει
1303 1125 1574 1192 παραινέσεως

478 1198 651 1251 τέθεικεν
674 1239 686 1259 ,
720 1199 827 1249 ἀλλα
858 1200 910 1248 τὰ
933 1199 1150 1261 συμβάντα
1183 1196 1440 1264 ἀπαγγελλει·
1483 1203 1572 1247 εἰτα

477 1275 528 1319 dc:
516 1275 723 1337 ’ρθωτικῶς
759 1269 801 1319 το
837 1267 1051 1335 ἐπαγομεν
1037 1287 1090 1317 εν·
1127 1268 1193 1326 τό,
1229 1293 1247 1317 o
1272 1269 1476 1332 ἀτιμαζων
1502 1291 1575 1319 πε-

476 1365 544 1393 νητ
549 1366 609 1400 α,
647 1361 876 1405 αμαρτανει·
925 1362 977 1389 τοι
1019 1360 1095 1404 γαρ
1126 1339 1272 1389 αὐτοὲι
1310 1343 1412 1391 ὂηλα

476 1435 518 1459 ου
549 1410 589 1459 de
624 1415 677 1460 ὂιο
663 1415 768 1476 ⁷516:
746 1434 792 1458 υ.
798 1434 836 1458 αι
868 1434 954 1468 τις,
982 1432 1048 1457 ουκ
1071 1408 1118 1456 ἂν
1143 1430 1404 1476 καταγνοιη
1389 1413 1461 1459 τῶν
1495 1431 1574 1457 τοι-

1520 1482 1530 1497 <

1534 1487 1572 1529 O

477 1550 571 1617 ὑπὲρ
608 1553 750 1614 αρετῆς
788 1573 853 1618 φρε
839 1549 1030 1608 ντιζων,
1072 1573 1285 1618 περιττευει
1329 1549 1470 1617 πραξει
1507 1574 1571 1599 και

475 1644 629 1687 γνωσει·
662 1645 726 1670 και
759 1644 834 1688 γαρ
865 1622 883 1670 ὃ
907 1645 1003 1688 περι
1037 1625 1111 1671 τῶν
1148 1621 1346 1689 πρακτέων
1384 1620 1444 1670 ἀει
1479 1644 1573 1670 σκο-

475 1716 578 1756 πων,
614 1696 687 1748 ἕξει
722 1690 763 1742 τι’
792 1691 886 1743 πλὲο
885 1713 929 1740 -·ν
961 1694 980 1741 o‘
1014 1690 1057 1741 δε
1089 1690 1185 1747 ἦόυς
1217 1715 1282 1741 και
1318 1691 1571 1758 ἀνάλγητος,

1457 1337 1570 1387 κακά’

473 1763 541 1828 ‘7²7⁵
526 1785 589 1811 υν
626 1765 643 1811 ὃ
686 1787 775 1818 τους
821 1786 959 1818 πονους
1007 1762 1317 1828 ἐκτρεπόμενος,
1367 1766 1405 1812 ἐν
1444 1761 1573 1812 ἑνόεια

476 1856 591 1883 Εσῗαι
626 1857 700 1883 va
738 1856 827 1901 αρε.
833 1858 900 1883 ων.

1429 1953 1607 1996 CAP.

479 2092 582 2178 Τὰ
618 2130 756 2181 νοσσιᾶ
793 2129 888 2182 ποτὲ
935 2127 1002 2179 τᾶν
1047 2130 1163 2180 τόπον
1209 2127 1424 2192 σημαίνει,
1474 2127 1570 2180 more

482 2201 522 2250 de
556 2200 607 2250 τοὶ
645 2206 700 2251 'ew
705 2224 819 2252 σσευο
823 2223 898 2251 ντα
934 2204 1028 2265 ζῷα·
1065 2199 1089 2248 ³1³
1127 2197 1251 2250 τοίνυν
1286 2200 1305 2248 ὅ
1345 2222 1462 2254 τοπος
1500 2223 1572 2255 της

481 2270 636 2340 σοφίας,
671 2296 722 2322 τα
753 2269 1005 2339 ,θεωρήματα
1038 2274 1077 2318 ἐν
1110 2295 1166 2326 εις
1197 2274 1313 2329 οικέῖ,
1341 2270 1576 2357 αιρετωτερά

482 2347 567 2393 ἐστι
614 2348 683 2398 τῆς
729 2341 974 2406 ssevdmvvpvv
1016 2362 1206 2405 γνωσεως·
1242 2338 1267 2393 ἢ
1304 2363 1355 2390 τα
1390 2363 1573 2403 κυηματοι

481 2420 553 2469 τῆς
592 2434 740 2480 acepta:
781 2416 911 2480 ὥσπερ
947 2434 1021 2478 γαρ
1058 2411 1204 2478 χρυσὸς
1241 2412 1401 2478 ἀργύρου
1438 2408 1574 2477 κρείσ-

481 2506 582 2545 σων,
618 2508 716 2534 ουτω
746 2507 812 2532 και
845 2507 960 2551 σιφια
994 2503 1059 2548 φρο
1044 2504 1228 2537 νησεως·
1267 2483 1292 2533 7‘1
1322 2503 1394 2544 μεν
1425 2484 1501 2548 γὰρ
1533 2485 1574 2530 ἐν

481 2559 536 2619 τῷ
574 2577 765 2620 γινωσκειν
804 2552 944 2616 ἐστιν,
978 2556 1002 2605 ἦ
1035 2551 1077 2602 ὂε
1111 2556 1149 2601 ἑν
1187 2558 1240 2616 τῷ
1275 2574 1487 2619 ερμηνευειν
1524 2550 1576 2603 τᾶ

479 2625 761 2691 γινωσκόμενα·
794 2624 818 2678 ὴ
852 2622 1011 2679 νοσσιᾶς
1043 2646 1183 2691 σοφιας
1202 2663 1213 2684 ,
1242 2646 1310 2678 τας
1344 2621 1576 2708 ἓκκλησιας,

478 2720 503 2749 a
542 2719 613 2750 τοις
663 2702 734 2748 τῶν
785 2694 904 2762 ἁγιων
944 2699 1093 2744 ἐκειὲεν
1133 2714 1266 2758 μονας·
1295 2716 1427 2761 σοφια
1470 2690 1512 2742 δὲ
1557 2694 1576 2742 o‘

482 2765 671 2832 Χριστος.

553 2835 612 2886 T&
649 2860 724 2904 γαρ
760 2835 1000 2888 ἀδιαστατον
1046 2857 1120 2884 των
1159 2833 1339 2902 ωραξεων
1376 2834 1575 2898 ἔχουσαι,

483 2907 527 2957 τὸ
566 2912 636 2963 τῆς
675 2911 775 2964 ζωῆς
812 2913 884 2963 τῆς
926 2903 1183 2958 καταλληλου
1227 2910 1349 2969 μγῗκος
1387 2907 1576 2969 ἐ’χουσιν,

481 2978 555 3029 απὸ
589 3000 711 3027 κακων
750 2977 1026 3034 ἐκκλίνουσαι,
1061 2998 1241 3028 τουτεστι
1279 2972 1410 3025 &avoir
1415 3000 1470 3025 ου.

552 3052 763 3099 Ενταυμα
794 3049 920 3114 ανόρα
958 3045 1184 3110 παράνομον
1216 3046 1347 3109 ὂιᾶβο
1333 3066 1374 3095 Λ»
1377 3070 1396 3094 ν
1428 3051 1540 3096 καλει
1563 3086 1575 3107 ,

484 3119 527 3173 33
564 3123 824 3186 ἀποπειρᾶται
863 3124 936 3168 τῶν
978 3119 1056 3164 οἷν
1036 3115 1231 3182 ἓρωωων,
1269 3122 1411 3183 γνῶναι
1448 3115 1578 3166 &elem

485 3187 587 3244 τινὲς
622 3189 720 3239 εἶσιν
755 3195 795 3245 ἐξ
833 3191 961 3237 αυτῶν
994 3211 1112 3249 ομοιοι
1150 3190 1254 3253 αὐτῷ
1288 3212 1354 3236 και
1391 3185 1578 3243 θελοντες

484 3264 737 3324 παρανομειν·
776 3282 842 3306 και
879 3256 1043 3321 οἱπαγων
1082 3257 1223 3313 αὐτους
1263 3262 1314 3312 εὶς
1350 3255 1458 3312 οόους
1493 3280 1577 3309 ητοι

487 3331 539 3382 εἷς
571 3327 724 3395 πραξεις
757 3331 820 3378 οὐκ
852 3326 1024 3393 ἀγαθας·
1059 3352 1076 3376 o
1111 3325 1230 3383 αὐτος
1263 3327 1304 3376 δέ
1335 3329 1418 3384 ἐςιν
1450 3328 1469 3376 3
1504 3350 1578 3384 ς’·η-

484 3397 599 3464 ριζων
639 3422 679 3448 το
684 3424 725 3455 υς
763 3398 988 3465 ὀφθαλμους
1024 3401 1078 3466 ἐφ’
1111 3419 1276 3448 εκοιστον
1308 3420 1383 3448 των
1415 3395 1579 3464 α’νθρω-

486 3490 591 3528 πων,
623 3492 686 3518 και
721 3474 810 3518 νοῶν
843 3467 1009 3536 ἀκριβως
1041 3491 1135 3534 προς
1167 3490 1276 3519 ποιον
1306 3465 1439 3524 παθος
1456 3469 1579 3553 ε’πιῤ-

486 3540 612 3605 ρεπῶς
646 3563 706 3594 τις
740 3541 843 3603 ε’χει·
881 3563 945 3587 και
984 3562 1049 3604 γνο
1035 3563 1094 3594 υς
1135 3541 1175 3587 ἐκ
1214 3561 1288 3589 των
1322 3535 1543 3602 κινημάτων
1565 3577 1578 3599 ,

489 3609 586 3658 ἷστα
616 3632 733 3660 αυτοὶ.
766 3608 953 3673 παγιδας·
987 3607 1053 3657 και
1087 3608 1300 3696 σνλλαβων
1333 3611 1473 3675 ἀπάγει
1505 3611 1580 3658 αὖ·

487 3702 555 3728 τον
589 3682 643 3734 εἷς
680 3681 811 3730 πάντα
846 3702 896 3727 τα
925 3678 1039 3727 κακά·
1075 3678 1216 3745 ὁρίζειν
1249 3679 1292 3729 δε
1325 3703 1405 3734 τοις
1441 3677 1581 3743 χειλε-

487 3770 545 3798 σιν
580 3746 709 3808 εἶπεν,
737 3747 834 3799 διότι
868 3754 957 3804 ταῖς
982 3753 1167 3814 πονηροίῖς
1192 3752 1313 3798 αὑτοῦ
1335 3751 1579 3809 ὑποβολαῖς,

488 3817 613 3885 ἔργοις
652 3823 852 3870 τελειῶσαι
890 3819 1106 3875 σωουόάζει
1144 3818 1208 3868 διὰ
1243 3823 1315 3870 τῶν
1360 3817 1581 3884 ἀνθρώπων

1648 528 1825 614 Mens.
1847 573 2004 627 peccati
2035 574 2200 616 conscia
2233 573 2386 620 dolere,
2406 574 2505 617 facit
2533 576 2728 621 animam.

1646 643 1807 685 Domus
1837 644 2090 698 impiorum,
2122 645 2248 687 anim'i
2278 646 2446 687 habitus
2479 650 2522 688 et
2552 659 2734 689 consue-

1627 712 1836 755 tudines:
1870 715 2165 769 tabernacula,
2206 721 2305 758 sunt
2339 718 2466 758 animi
2497 719 2730 772 proposita.

1646 784 1718 825 Est
1748 783 1816 825 via
1839 785 2143 838 quae'videtur
2173 792 2311 840 recta,
2338 800 2386 846 ea
2407 800 2514 842 quae
2540 788 2736 830 videntur

1647 855 1846 908 existere,
1878 855 2154 898 existentibus
2179 862 2452 912 anteponens.
2487 859 2736 901 Constanter

1647 923 1765 978 quod
1782 924 1989 977 agendum
2008 930 2070 967 est
2088 926 2306 969 deliberat.
2323 931 2490 971 Partem
2507 930 2732 983 tenebunt,

1645 995 1713 1037 vel
1735 996 1846 1037 inter
1876 1008 1920 1038 se
1952 997 2200 1051 partientur.
2232 998 2336 1039 Nam
2366 999 2502 1054 ferox,
2534 1013 2622 1043 non
2657 1001 2736 1043 erit

1644 1065 1834 1108 timidus.

1704 1138 1800 1178 Hoc
1830 1137 1935 1178 mihi
1964 1136 2132 1180 videtur
2161 1150 2248 1179 non
2280 1137 2587 1182 adhortationis
2606 1143 2737 1194 gratia

1646 1207 1812 1260 dicere,
1844 1202 1918 1250 se'd
1949 1209 2071 1263 quod·
2098 1210 2345 1263 contingere
2375 1210 2507 1264 solet,
2546 1215 2733 1254 narrare.

1644 1278 1804 1320 Deinde
1835 1280 2109 1322 correctionis
2140 1281 2347 1322 rationem
2375 1281 2530 1323 habent
2554 1279 2735 1336 sequen-

1644 1350 1727 1391 tia:
1751 1350 1823 1404 qui
1844 1350 2021 1404 despicit
2039 1364 2285 1406 pauperem,
2307 1357 2475 1406 peccat:
2496 1353 2605 1394 mala
2625 1353 2737 1394 enim

1644 1420 1744 1462 hinc
1774 1423 2072 1476 consequentia
2104 1426 2262 1476 patent.
2297 1423 2384 1464 Nisi
2415 1423 2567 1477 aliquis
2597 1424 2734 1466 corri-

1645 1496 1747 1545 gat,
1780 1505 2006 1547 quemnam
2034 1494 2188 1535 horum
2218 1484 2471 1548 poeniteat?
2503 1494 2604 1545 Quis
2633 1494 2738 1535 alios

1643 1563 1910 1606 laudaverit?
1934 1565 2014 1616 Qui
2046 1565 2214 1607 virtutis
2243 1565 2456 1621 studiosus
2487 1569 2576 1616 est,
2600 1564 2738 1606 abun-

1647 1635 1721 1677 dat
1750 1647 1879 1690 opere
1910 1639 1952 1676 et
1982 1636 2173 1677 seientia.
2200 1637 2303 1678 Nam
2324 1634 2544 1679 der-officio
2572 1635 2738 1690 semper

1646 1707 1837 1761 cogitans
1856 1738 1867 1760 ,
1900 1707 2032 1760 magis
2062 1707 2278 1762 proficiet„
2306 1709 2361 1749 At
2392 1707 2532 1755 mollis
2548 1712 2590 1749 et
2615 1706 2739 1749 indo-

1644 1777 1759 1830 lens,
1791 1777 1836 1820 id
1865 1782 1927 1819 est
1956 1777 2156 1821 laborum
2177 1778 2388 1832 fugitans,
2412 1778 2619 1820 virtutum
2639 1790 2737 1833 ege-

1643 1852 1750 1890 state
1781 1847 2009 1891 laborabit.

1670 1956 1784 1997 XVI.

1642 2091 1814 2178 Nidus
1855 2135 1986 2178 modo
2030 2134 2239 2192 significat
2274 2135 2443 2188 locum,
2476 2133 2606 2177 modo
2646 2134 2738 2188 ipsa

1644 2220 1751 2262 quae
1781 2212 1881 2250 sunt
1909 2208 1954 2250 in
1985 2208 2087 2251 nido
2121 2207 2336 2251 animalia.
2361 2207 2440 2250 Vel
2465 2207 2595 2260 igitur
2617 2205 2739 2248 locus

1643 2280 1896 2333 sapientiae,
1927 2279 1972 2321 id
2003 2284 2066 2322 est
2103 2279 2369 2321 theoremata
2397 2278 2444 2319 in
2482 2277 2638 2331 quibus
2666 2275 2737 2318 di-

1643 2354 1836 2391 versatur
1850 2380 1861 2403 ,
1880 2348 2150 2404 praeferenda
2164 2353 2264 2390 sunt
2278 2348 2404 2390 falsae
2427 2346 2623 2389 scientiae
2638 2359 2651 2399 3
2667 2345 2737 2388 vel

1643 2417 1870 2475 sapientiae
1885 2419 2076 2462 foeturae
2090 2419 2399 2472 intelliguntur.
2416 2418 2520 2459 Nam
2537 2417 2645 2458 sicut
2659 2427 2737 2457 au-

1639 2503 1739 2531 -rum
1770 2494 1833 2532 est
1864 2494 2040 2544 argento
2061 2489 2212 2532 melius
2225 2519 2236 2541 ,
2260 2490 2319 2530 ita
2338 2487 2536 2542 sapientia
2556 2489 2738 2541 praestat

1645 2560 1916 2615 prudentiae:
1933 2560 2001 2602 illa
2022 2561 2133 2602 enim
2150 2560 2197 2601 in
2213 2557 2510 2613 cognoscendo
2526 2560 2734 2609 versatur,

1645 2632 1751 2674 haec
1776 2632 1992 2686 incognita
2029 2630 2365 2687 interpretando.
2405 2630 2485 2672 Vel
2514 2627 2638 2670 nidos
2667 2639 2736 2669 sa-

1644 2703 1824 2758 pientiae
1839 2703 2025 2757 intellige
2037 2703 2247 2756 ecclesias,
2265 2702 2332 2744 vel
2352 2705 2595 2743 sanctorum
2608 2698 2654 2740 iu
2665 2711 2736 2740 su-

1645 2774 1788 2829 pernis
1800 2774 2054 2831 mansiones.
2070 2764 2284 2829 Sapientia
2296 2777 2435 2822 autem
2452 2771 2639 2814 Christus
2655 2772 2733 2829 est.

1706 2846 1890 2889 Actuum
1918 2850 2166 2902 perpetuam
2198 2846 2348 2886 seriem
2376 2846 2596 2894 tenentes,
2629 2852 2737 2882 con-

1647 2921 1865 2959 sentaneae
1895 2918 2003 2958 vitae
2035 2909 2357 2958 diuturnitatem
2372 2913 2556 2964 habent,
2576 2909 2735 2953 amalis

1649 2987 1925 3039 declinantes,
1957 2986 2004 3028 id
2035 2991 2102 3028 est
2127 2998 2148 3027 a
2172 2989 2325 3027 morte.
2694 2992 2700 2999 ·

1707 3060 1819 3101 Heic·
1853 3047 1991 3100 virum
2033 3058 2227 3111 iniquum
2267 3055 2370 3097 dicit
2413 3066 2494 3109 pro
2530 3051 2737 3103 diabolo,

1650 3131 1724 3184 qui
1754 3129 1944 3171 homines
1973 3131 2132 3180 tentat,
2167 3127 2274 3168 scire
2303 3125 2463 3173 volens,
2491 3124 2664 3178 quinam
2701 3123 2739 3164 ei

1648 3201 1730 3242 sint
1760 3200 1913 3242 similes
1943 3203 1985 3241 et
2024 3193 2200 3253 peccare
2240 3196 2455 3249 volentes;
2497 3199 2623 3249 atque
2660 3193 2739 3235 hos

1648 3271 1691 3312 in
1710 3272 1796 3312 vias
1816 3263 1861 3312 id
1883 3274 1946 3312 est
1972 3269 2025 3312 ad
2046 3273 2136 3311 acta
2157 3280 2245 3310 non
2267 3267 2381 3309 bona
2400 3265 2593 3320 impellit.
2619 3262 2738 3306 Idem

1649 3346 1738 3396 est,
1773 3342 1847 3397 qui
1878 3341 2033 3385 oculos
2066 3339 2263 3382 obfirmat
2299 3350 2426 3393 super
2457 3345 2755 3389 unumquem-.

1649 3425 1733 3468 que
1763 3412 1975 3455 hominem
1993 3442 2006 3464 ‚
2029 3410 2177 3453 sedulo
2209 3408 2441 3451 observans
2465 3406 2632 3450 „cuinam
2663 3414 2737 3443 cu-

1649 3486 1819 3541 piditati
1847 3485 1903 3527 sit
1933 3484 2168 3539 proclivis3
2202 3481 2321 3537 quod
2356 3480 2431 3523 ubi
2463 3491 2514 3521 ex
2542 3486 2736 3518 commo-

1648 3557 1838 3599 tionibus
1866 3550 2007 3608 novit,
2031 3555 2207 3609 laqueos
2236 3564 2335 3594 suos
2356 3547 2534 3594 intendit
2547 3559 2564 3599 -;
2595 3545 2738 3587 illum-

1651 3641 1733 3683 que
1770 3632 1939 3682 captum
1971 3626 2024 3669 ad
2055 3625 2224 3680 quaevis
2258 3623 2369 3665 mala
2400 3616 2613 3661 transfert.
2647 3618 2736 3658 De-

1649 3700 1771 3741 finire
1794 3702 1933 3740 autem
1949 3697 2070 3739 labiis
2094 3695 2198 3738 dicit
2215 3725 2226 3746 ,
2252 3693 2350 3749 quia
2378 3689 2517 3744 pravis
2534 3688 2618 3729 suis
2637 3698 2738 3741 sug-

1651 3769 1910 3825 gestionibus
1949 3779 2078 3822 opere
2126 3762 2328 3819 compleri
2371 3762 2491 3801 curat
2533 3757 2609 3813 per
2651 3757 2736 3800 ho-

1632 3845 1810 3894 ‘m'mes,
1844 3836 2052 3894 quidquid
2083 3836 2122 3878 ei
2156 3834 2324 3892 libitum
2355 3830 2496 3873 fuerit.
2535 3830 2649 3872 Haec
2678 3829 2739 3871 est
