2944 4426
1178 244 1224 275 m

214 330 382 368 semitam
410 329 513 368 navis
531 340 632 370 mare
657 326 907 373 decurrentia
929 335 1064 374 nempe
1082 326 1257 365 ecclesiae
1274 326 1314 364 in

216 394 330 433 huius
358 395 489 434 mundi
505 394 635 444 pelago
649 388 864 428 fluctuantis
876 415 888 433 ‚
905 392 944 425 et
966 386 1014 424 ob
1029 396 1132 435 spem
1151 396 1258 424 suam
1274 386 1316 423 in

216 459 408 497 Christum
435 468 456 494 a
481 463 588 492 cruce
619 448 726 500 quasi
753 446 1006 496 gubernaculo
1032 449 1165 483 rectae.
1199 444 1316 482 Deni-

219 530 292 567 que
309 520 385 556 vias
408 516 476 554 viri
499 515 541 552 in
557 507 829 567 adolescentia;
854 507 1034 544 nimirum
1049 504 1208 554 Spiritus
1231 514 1319 542 san-

217 579 267 617 cti
286 607 296 624 ‚
322 578 387 626 qui
410 572 544 622 virgini
566 569 789 618 supervenit.
818 568 912 604 Ecce
933 565 1033 603 enim
1047 593 1057 612 ‚
1081 564 1204 612 inquit
1229 563 1318 601 scri-

221 644 331 688 ptura
344 665 355 684 ,
383 635 438 673 vir
461 632 523 671 cui
545 639 682 668 nomen
710 627 850 666 oriens.

268 696 371 735 Talis
393 698 450 733 est
470 691 527 729 via
543 688 711 727 mulieris
731 685 941 732 adulterae,
962 694 1058 733 quae
1070 682 1135 721 ubi
1153 692 1232 720 rem
1249 691 1315 729 pa·

220 756 355 801 travit,
382 752 594 798 abstergens
617 758 684 793 se,
709 745 807 784 nihil
833 744 887 782 ait
911 753 952 781 se
975 741 1065 780 mali
1090 741 1221 789 egisse.
1251 738 1315 777 Vi·

218 815 354 855 delicet
378 812 430 850 ita
454 820 495 848 se
527 807 641 858 gessit
671 804 848 850 ecclesia,
871 813 965 852 quae
999 806 1195 851 postquam
1227 808 1314 836 cum

217 873 328 913 idolis
354 869 534 909 fornicata
561 866 702 912 fuerat,
727 865 788 903 his
812 862 1084 902 abrenuncians
1103 865 1214 908 atque
1232 857 1313 895 dia-

215 934 327 979 bolo,
357 935 394 968 et
424 924 572 978 peccato
605 926 733 970 eluto,
763 924 942 970 veniaque
966 922 1160 969 impetrata
1177 946 1189 965 ‚
1216 916 1314 955 nulli

217 993 291 1030 iam
319 989 486 1039 pravitati
514 999 554 1026 se
579 986 775 1025 obnoxiam
803 978 996 1022 affirmat.'

263 1054 334 1090 Per
349 1051 418 1088 tria
433 1053 600 1087 movetur
610 1053 728 1091 terra3
746 1054 878 1092 nempe
891 1053 956 1091 per
971 1043 1114 1079 Patrem
1124 1067 1135 1085 ‚
1152 1037 1288 1076 Filium
1299 1063 1310 1082 ‚

215 1117 255 1152 et
268 1111 447 1160 Spiritum
465 1113 648 1147 sanctum.
667 1107 714 1143 Et
727 1108 901 1153 quartum
926 1112 1002 1139 non
1019 1104 1136 1148 potest
1156 1097 1314 1135 sustine·

216 1183 256 1209 re
271 1198 282 1216 ,
313 1170 351 1207 id
374 1175 430 1206 est
453 1173 682 1216 postremum
704 1163 843 1202 Christi
870 1157 1173 1199 adventum—Si
1188 1165 1312 1194 servus

215 1228 434 1278 regnaverit.
451 1225 590 1264 Israhel
607 1224 646 1261 ln
665 1226 832 1271 Aegypto
849 1230 994 1264 servm,
1011 1219 1052 1256 in
1066 1218 1214 1265 regione
1232 1224 1314 1264 pro·

215 1290 329 1327 missa
356 1284 736 1334 regumn—Stultus
759 1279 916 1329 dapibus
940 1278 1086 1327 plenus.
1116 1277 1187 1314 Hic
1210 1274 1312 1313 scili-

213 1355 272 1387 cet
286 1348 395 1386 facile
417 1345 603 1394 regionem
621 1342 799 1391 adeptus,
825 1345 864 1378 et
885 1336 1105 1383 comedens,
1130 1340 1239 1383 atque
1258 1344 1312 1371 re-

198 1410 336 1463 ¹pletus
351 1436 361 1454 ‚
389 1402 744 1444 recalcitravit—'Et
766 1397 901 1437 ancilla
926 1397 960 1435 si
986 1394 1168 1443 expulerit
1183 1394 1311 1430 heram

212 1479 333 1507 suam.
355 1465 507 1504 Domini
528 1460 751 1500 interfectrix
771 1467 977 1509 synagoga,
999 1455 1139 1493 Christi
1161 1463 1312 1492 caruem

214 1530 317 1566 cruci
341 1526 494 1564 suffixit.

261 1588 346 1631 Tria
362 1589 452 1623 sunt
467 1582 620 1620 minima
631 1582 670 1618 in
684 1586 800 1626 terra,
816 1584 853 1617 et
867 1578 958 1615 haec
982 1581 1073 1614 sunt
1087 1574 1309 1624 sapientiora

212 1643 460 1694 sapientibus:
479 1639 654 1679 formicae
666 1666 677 1684 ‚
693 1649 783 1687 gens
799 1637 946 1674 infirma
957 1663 967 1680 ‚
981 1645 1076 1684 quae
1090 1638 1222 1682 parant
1238 1631 1310 1670 sibi

211 1708 251 1744 in
271 1715 386 1743 messe
411 1703 550 1740 cibum.
569 1702 708 1739 Gentes
723 1698 895 1737 similiter
914 1707 979 1745 per
1001 1695 1112 1733 fidem
1136 1695 1178 1732 in
1201 1694 1309 1731 Chri-

208 1771 312 1804 stum
327 1767 458 1812 parant
468 1761 540 1800 sibi
552 1760 663 1798 vitam
679 1764 866 1796 aeternam
880 1754 1052 1804 operibus
1063 1753 1183 1791 bonis.
1194 1753 1310 1790 Choe-

211 1824 392 1874 rogryllii,
410 1821 569 1871 populus
583 1829 698 1868 aeque
711 1815 908 1858 iuvaliduS.
923 1819 1056 1852 curant
1067 1812 1139 1851 sibi
1151 1813 1191 1850 in
1205 1817 1313 1860 petraa

209 1885 360 1923 cubilia.
390 1883 528 1920 Gentes
554 1889 665 1927 super
693 1876 850 1925 spiritali
877 1874 999 1922 lapide
1025 1872 1171 1911 Christo
1204 1870 1306 1909 aedi-

209 1945 338 1981 ficatae
363 1946 475 1985 sunt,
504 1940 570 1988 qui
596 1939 716 1976 factus
742 1940 799 1974 est
830 1935 872 1972 in
901 1939 1014 1983 caput
1041 1933 1183 1981 anguli.
1210 1931 1306 1969 Stel-

210 2004 261 2040 lio
278 2002 341 2050 qui
363 1992 535 2038 manibus
552 1998 749 2040 innititur,
767 2001 805 2033 et
824 1994 932 2032 facile
954 1994 1122 2041 capitur,
1147 1991 1209 2029 hic
1225 2001 1306 2028 mo-

207 2068 312 2100 ratur
330 2062 370 2097 in
387 2069 515 2107 regum
532 2057 707 2095 castellis.
719 2056 834 2092 Latro
855 2054 1013 2091 extensis
1033 2052 1073 2088 in
1099 2061 1209 2088 cruce
1230 2060 1306 2087 ma-

206 2121 319 2158 nibus
337 2120 556 2165 Christoque
574 2117 722 2154 innixus
735 2142 747 2159 ‚
772 2115 811 2152 in
830 2112 999 2162 paradiso
1016 2111 1185 2156 habitat,
1210 2120 1305 2158 quae

207 2185 263 2217 est
286 2189 350 2216 arx
375 2178 491 2214 trium
510 2185 639 2223 regum
655 2174 794 2217 Patris,
811 2172 917 2216 Filii,
937 2176 974 2208 et
995 2170 1152 2218 Spiritus
1170 2169 1302 2207 sancti.

252 2241 391 2286 Regem
408 2237 551 2275 locusta
579 2245 654 2272 non
681 2233 792 2271 habet
806 2261 817 2278 ,
843 2237 881 2270 et
903 2237 1028 2269 tamen
1047 2237 1236 2278 tamquam
1255 2228 1303 2266 ad

205 2300 319 2336 unius
350 2298 502 2334 iussum,
525 2295 564 2332 in
594 2293 710 2331 aciem
743 2291 920 2341 procedit.
962 2290 1050 2327 Sine
1082 2300 1167 2336 rege
1196 2294 1304 2326 erant

205 2362 358 2405 gentes,
389 2356 476 2404 quia
502 2359 651 2403 peccato
678 2358 786 2392 erant
803 2351 1014 2392 subiectae:
1046 2360 1149 2387 nunc
1177 2353 1302 2387 autem

204 2418 284 2454 Deo
321 2414 513 2458 credentes
543 2412 738 2451 caelestem
779 2410 952 2448 militiam
984 2408 1302 2447 exercent.—Tria

204 2480 294 2514 sunt
325 2485 420 2523 quae
443 2473 537 2511 bene
574 2471 819 2520 gradiuntur,
849 2475 886 2508 et
912 2475 1086 2518 quartum
1115 2467 1215 2517 quod
1244 2468 1301 2504 in·

206 2533 306 2571 cedit
333 2533 502 2571 feliciter.
533 2531 668 2579 Angeli
695 2530 872 2567 nimirum
899 2529 940 2566 in
958 2528 1094 2574 caelis,
1124 2527 1242 2565 sancti
1262 2526 1301 2563 in
1330 2536 1333 2539 ·

206 2596 326 2635 terra,
352 2592 497 2629 animae
515 2590 696 2628 iustorum
713 2587 783 2625 sub
807 2593 918 2626 terra.
937 2587 1143 2634 (Martum,
1167 2594 1300 2632 nempe

204 2650 274 2686 Dei
299 2649 448 2687 verbum
464 2651 699 2688 incarnatum
714 2676 725 2694 ,
750 2645 960 2695 pertransiit
973 2644 1131 2682 feliciter
1145 2654 1210 2693 per
1225 2644 1298 2680 vir-

205 2709 314 2756 ginis.
325 2708 467 2745 vulvam
483 2707 779 2754 ;reformatoque
801 2704 945 2743 Adamo
962 2732 973 2750 ,
996 2703 1193 2752 pertransit
1215 2713 1298 2740 cae-

206 2769 328 2805 lorum
372 2767 522 2804 ianuam
544 2794 556 2812 ‚
596 2767 780 2816 primitiae
820 2764 1099 2803 resurrectionis
1135 2764 1299 2811 itemque

206 2824 436 2864 ascensionis
464 2824 596 2862 sactus.

251 2886 386 2923 Leonis
412 2884 560 2922 catulus
581 2885 782 2923 bestiarum
808 2883 1044 2922 fortissimus.
1072 2881 1241 2921 Christus
1258 2881 1296 2918 in

202 2945 296 2984 luda
322 2956 343 2983 a
375 2944 485 2982 iacob
516 2942 918 2991 praedictus—Ganos
946 2944 1042 2980 inter
1069 2940 1298 2979 feminasin-

202 3005 338 3043 cedens
365 3004 550 3042 alacriter.
578 3002 716 3040 Paulus
741 3003 781 3040 in
803 3003 968 3041 ecclesiis
995 3000 1178 3050 intrepide
1195 3011 1300 3048 prae-

200 3065 330 3102 dicans
344 3063 551 3102 doctrinam
568 3061 707 3099 Christi
719 3062 988 3100 Dei.—Hircus
1000 3072 1194 3110 caprarum
1207 3060 1294 3098 dux.

201 3123 304 3160 Idem
329 3123 499 3160 Christus
526 3127 673 3168 propter
699 3118 826 3157 mundi
850 3127 996 3167 peccata
1019 3120 1298 3159 immolatus.—

199 3184 248 3219 Et
265 3181 492 3218 concionans
514 3180 556 3217 in
584 3178 734 3227 populo.
752 3177 920 3216 Christus
938 3190 1049 3227 super
1065 3185 1192 3228 gentes
1217 3189 1297 3225 reg·

198 3251 297 3278 nans
313 3268 326 3286 ,
357 3239 543 3288 praedicat
569 3249 633 3287 per
660 3236 854 3286 prophetas
889 3242 998 3286 atque
1023 3239 1206 3286 apostolos
1232 3239 1297 3275 do-

201 3301 344 3341 crinam
373 3298 550 3335 veritatis.

244 3358 456 3407 stabilitum
483 3357 522 3393 in
538 3355 715 3404 nequitia.
741 3354 945 3402 Apostolus
963 3359 1086 3392 autem
1100 3382 1111 3400 ‚
1138 3366 1294 3404 peccan-

195 3425 277 3464 tes,
304 3418 448 3466 inquit,
483 3425 606 3453 eoram
632 3413 805 3451 omnibus
834 3423 960 3460 argue.
989 3413 1055 3451 Vel
1082 3413 1190 3451 facile
1217 3425 1296 3462 per·

195 3475 566 3523 versum-Quinam
594 3478 685 3511 suut
707 3471 1088 3521 clioerogryllii‚2nisi
1111 3482 1202 3517 nos,
1231 3471 1294 3520 qui

193 3536 285 3574 olim
303 3535 444 3573 similes
466 3533 597 3572 suibus
612 3542 758 3570 eramus
770 3559 781 3576 ‚
806 3531 900 3568 etin
919 3531 1022 3568 omni
1038 3530 1150 3569 huius
1164 3531 1294 3569 mundi

191 3595 371 3644 spurcitia
395 3592 674 3631 volutabamur?
706 3590 773 3628 sed
804 3600 907 3627 nunc
930 3595 1124 3638 postquam
1148 3588 1295 3626 Christo

190 3652 442 3697 credidimus,
469 3650 708 3688 aedificamus
741 3648 871 3686 domos
895 3653 1041 3686 nostras
1071 3658 1183 3696 super
1206 3658 1296 3684 san-

190 3717 296 3749 ctam
321 3711 458 3749 Christi
477 3720 627 3748 carnem
638 3711 670 3754 *‚
686 3714 874 3756 tamquam
891 3717 1001 3756 super
1018 3712 1173 3755 petram.

240 3772 374 3808 Terrae
402 3774 524 3808 motus
544 3768 731 3817 significat
753 3778 877 3806 rerum
904 3767 945 3804 in
973 3766 1114 3804 mundo
1138 3775 1295 3804 conver·

188 3828 349 3867 sionem.
376 3829 572 3866 Peccatum
599 3828 747 3876 itaque,
779 3825 880 3876 quod
905 3830 1034 3874 suapte
1058 3815 1192 3863 natura
1218 3824 1293 3864 se'r·

353 3923 381 3951 B

1257 244 1341 276 PRO
1347 244 1427 275 vm:
1433 245 1521 275 ΒΚΑ.

2415 238 2477 284 75

1386 329 1466 373 βους
1490 330 1571 370 νηὸς
1595 330 1885 379 ποντοπορούσης,
1912 334 1972 374 τῆς
1997 332 2183 376 ἐκκλησίας
2216 336 2257 377 ὥς
2283 335 2316 371 ἐν
2345 338 2487 386 πελάγει

1385 393 1429 436 τῷ
1454 389 1514 436 βίῳ
1539 390 1664 436 τούτῳ,
1690 394 1733 438 τῇ
1759 392 1807 432 εἷς
1842 395 1986 440 Χριστὸν
2019 393 2131 431 ἐλπίδι
2166 397 2222 431 διοὶ
2249 401 2307 432 τοῦ
2341 403 2489 447 σταυροῦ

1386 451 1645 500 κυβερνωμένης.
1666 454 1732 488 Καὶ
1759 453 1855 495 ὁδούς
1876 453 1994 503 οἷνδρᾶς
2017 454 2051 491 ἦν
2075 459 2223 503 νεότητι,
2244 463 2303 495 τοῦ
2328 460 2365 496 ἔκ
2391 464 2489 498 πνεύ-

1388 527 1501 560 ματος
1526 513 1627 560 ἁγίου
1656 515 1714 549 καί
1747 517 1807 556 τῆς
1840 515 2006 563 παρθένου
2037 521 2287 568 γεγεννημένου·
2321 521 2397 558 ἰδού
2418 525 2488 573 γάρ

1389 583 1495 622 φησιν
1517 573 1619 622 obvie,
1644 574 1792 615 οἶνατολή
1817 576 1926 623 ὄνομα
1950 577 2054 623 αὐτῷ.

1372 660 1378 663 -
1437 635 1583 674 Τοιαύτη
1605 635 1680 677 ὁδός
1701 651 1813 685 μοιχα
1832 637 1942 680 λίδος,
1958 636 1982 677 ἢ
2002 638 2081 674 ὅταν
2100 641 2210 689 πράξῃ
2228 642 2489 692 ἀπονιψαμένη,

1387 696 1481 732 οῦδὲν
1510 696 1609 744 φήσει
1635 697 1877 747 πεπραχθῆναι
1903 699 2044 735 ἄτοπον·
2068 701 2206 741 τοιαύτη
2234 704 2326 739 ἐστίν
2355 707 2377 745 ἦ
2404 706 2489 743 αἶγα.

1387 759 1522 807 στροφιί
1545 761 1604 801 τνῖς
1630 758 1814 801 ἔκκλησιάς
1844 762 2074 803 πιστευούσης
2108 766 2255 810 Χριστῷ,
2281 764 2303 805 ἦ
2326 769 2417 814 μετοὶ
2447 771 2487 805 το“

1385 823 1564 868 πορνεῦσαι
1602 823 1674 862 τοῖς
1712 821 1878 865 εἰδώλοις,
1912 822 2157 871 ἀποταξαμένη
2193 825 2322 868 τούτοις
2351 830 2407 864 καὶ
2440 845 2487 865 τω

1386 881 1543 928 διαβόλῳ,
1564 883 1622 918 καί
1644 883 1905 932 ἀπολουσαμένη
1931 885 1992 929 τᾳὲς
2018 884 2210 933 οἷμαρτίοις,
2236 890 2294 923 καί
2323 869 2486 934 λαβοῦσα

1384 943 1525 991 ἄφεσιν,
1545 943 1637 979 οῦδέν
1658 954 1742 991 φησι
1768 946 1978 993 πεπραχέναι
2005 946 2145 984 ἄτοπον,

1434 1006 1502 1041 Acci
1527 1008 1618 1054 τριῶν
1645 1005 1775 1042 σείεται
1795 1007 1818 1047 ἦ
1843 1010 1906 1054 γῆ,
1933 1007 1988 1042 διαὶ
2012 1010 2160 1058 πατρὸς,
2179 1010 2272 1053 υιόῦ,
2298 1013 2357 1047 καί
2382 1012 2484 1060 οἱγιόυ

1384 1066 1588 1114 πνεύματος*
1609 1068 1666 1102 καὶ
1694 1068 1733 1103 τό
1759 1066 1918 1117 τέταρτον
1944 1068 1982 1104 οὖ
2013 1070 2148 1105 δύναται
2170 1071 2279 1119 φέρειν
2296 1074 2356 1112 τήν
2375 1069 2485 1122 ἰσχά-

1384 1141 1443 1166 την
1464 1125 1656 1176 ε’πιφοὶνειαν
1677 1132 1737 1165 τοῦ
1757 1130 2038 1176 Χριστοῦ.-·Ἐοίν
2058 1130 2195 1174 οἷκέτης-
2221 1132 2484 1175 βασιλεύση,“0

1380 1187 1523 1238 Ἰσραήλ
1546 1189 1582 1225 ε”ν
1605 1190 1764 1238 Αὗγύπτῳ
1790 1193 1906 1233 δοῦλος
1931 1192 2123 1240 γενόμενος,
2149 1194 2207 1228 καὶ
2234 1192 2265 1229 ἔν
2291 1197 2338 1243 τῇ
2353 1199 2400 1243 γῆ
2420 1199 2483 1238 τῆς

1382 1250 1594 1298 ἐπαγγελίας
1619 1251 1842 1295 βασιλεύσας.
1862 1255 1930 1289 Καὶ
1950 1253 2064 1301 ἄφρων
2079 1253 2252 1297 πλησθεὶς
2274 1238 2393 1293 σιτίων.
2414 1259 2483 1297 Τήν

1383 1314 1446 1359 γῆν
1467 1311 1507 1356 ε”ξ
1527 1312 1667 1360 ἑτοίμου
1683 1313 1813 1358 λαβών,
1826 1315 2015 1362 καίῖφαγοὶν
2035 1316 2094 1351 καί
2113 1315 2334 1364 ἐμπλησθεὶς
2354 1318 2483 1355 οἱπελοί·

1383 1375 1604 1409 uraca—Kal
1626 1375 1788 1414 παιδίσκη
1810 1375 1869 1411 {dv
1890 1376 2044 1426 ε’κβοίλλῃ
2067 1379 2126 1416 τη“ν
2151 1371 2274 1420 ἑαυτῆς
2293 1379 2417 1429 κυριάν.
2438 1382 2482 1418 Ἡ

1384 1435 1590 1483 κυριοκτόνος
1613 1438 1793 1484 συναγωγή
1808 1438 2039 1487 σταυρώσασα
2052 1440 2110 1478 τήν
2127 1440 2237 1487 σοι’ρκα
2249 1444 2308 1476 τοῦ
2323 1445 2481 1490 Χριστοῦ.

1431 1498 1593 1546 Τέσσαρα
1618 1498 1704 1533 εἰσίν
1729 1499 1902 1548 ε’λοίχιστα
1927 1499 1986 1536 ε’πὶ
2019 1503 2079 1542 τῆς
2109 1504 2194 1550 γῆς,
2220 1505 2329 1539 ταῦτα
2357 1505 2391 1539 δέ
2418 1519 2478 1540 των

1383 1562 1492 1606 σοφῶν
1518 1560 1700 1609 σοφώτερα·
1725 1561 1761 1596 οἷ
1781 1562 1954 1610 μύρμηκες
1980 1561 2032 1605 οἷς
2059 1563 2116 1599 οῦκ
2137 1564 2230 1600 ἔστιν
2249 1564 2372 1613 ι’σχὺς,
2393 1566 2479 1602 ἕτοι-

1381 1621 1547 1670 μοίζονται
1573 1620 1695 1671 θέρους
1720 1623 1778 1663 τήν
1804 1624 1936 1672 τροφήν.
1971 1626 2041 1660 Καί
2075 1626 2119 1660 τοὶ
2143 1625 2225 1665 ἔθνη
2260 1627 2315 1661 διαὶ
2340 1630 2400 1670 τῆς
2427 1628 2477 1670 εἷς

1382 1684 1527 1731 Χριστόν
1552 1683 1694 1726 πίστεως
1720 1684 1957 1734 ἑτοιμάζουσιν
1982 1686 2118 1728 ἑαυτοῖς
2149 1688 2207 1727 τήν
2236 1687 2365 1724 αἰώνιον
2390 1688 2477 1738 ζωήν

1381 1745 1418 1780 δι’
1442 1744 1545 1795 ἔργων
1570 1745 1719 1794 ἀγαθῶν.
1743 1747 1812 1783 Καί
1837 1747 1869 1782 οἶ
1889 1749 2142 1797 χοιρογρύλλιοι
2169 1748 2267 1791 ἔθνος
2292 1750 2350 1786 οιῖκ
2373 1749 2476 1799 ἴσχυ-

1379 1807 1433 1854 ρόν
1456 1807 1620 1846 ἐποίησαν
1641 1806 1674 1843 ε’ν
1694 1808 1833 1857 πέτραις
1853 1811 1932 1850 τούς
1954 1810 2077 1845 ἑαυτῶν
2098 1810 2222 1852 οἴκους.
2241 1813 2294 1846 Tol
2313 1811 2394 1851 ἔθνη
2416 1811 2473 1849 ε’πὶ

1379 1872 1422 1918 τῇ
1446 1872 1657 1918 πνευματικῇ
1679 1870 1787 1917 πέτρᾳ,
1812 1873 1947 1918 Χριστῷ
1969 1870 2212 1919 ᾠκοδόμηνται,
2238 1872 2312 1915 ἥτις
2334 1872 2474 1922 ἐγενήθη

1380 1929 1431 1971 εἷς
1451 1932 1600 1978 κεφαλήν
1617 1930 1749 1979 γωνίας.
1761 1930 2027 1974 Ἀσκαλαβοὶτης
2043 1934 2167 1981 χερσὶν
2187 1933 2392 1982 ἐρειδόμενος
2413 1935 2476 1971 καί

1379 1991 1542 2033 εύοίλωτος
1567 1990 1619 2027 ὢν·
1645 1991 1741 2034 οὗτος
1767 1993 1852 2027 οἰκεῖ
1878 1993 1912 2027 ἐν
1937 1993 2135 2041 ὀχυρώμασι
2157 1994 2332 2038 βασιλέων.
2349 1997 2391 2033 Ὁ
2412 2000 2474 2035 λη·

1379 2056 1464 2095 στῆς
1490 2053 1522 2089 ἐν
1548 2057 1591 2103 τῇ
1614 2055 1750 2090 ἔκτοίσει
1779 2058 1838 2090 τῶν
1859 2058 1980 2104 χειρῶν
2005 2059 2051 2102 τῷ
2075 2060 2207 2104 σταυρῷ
2238 2061 2298 2094 τοῦ
2325 2036 2474 2107 Χριστοῦ

1377 2116 1645 2165 ἐπερειδόμενος,
1667 2116 1754 2152 οἷκεῖ
1775 2115 1808 2152 ε’ν
1831 2120 1875 2164 τῷ
1900 2117 2106 2166 παραδείσῳ,
2128 2121 2170 2165 τῷ
2191 2119 2383 2168 ὀχυρώματι
2410 2124 2469 2156 τῶν

1377 2182 1468 2229 τριῶν
1495 2179 1683 2223 βασιλέων,
1703 2182 1830 2231 πατρὸς
1854 2181 1912 2215 καί
1938 2181 2013 2216 υἶοῦ
2037 2182 2093 2216 καὶ
2120 2180 2218 2229 ἁγίου
2244 2183 2444 2231 πνεύματος.

1363 2262 1376 2270 κ
1421 2240 1663 2284 Ἀβασίλευτον
1687 2242 1710 2281 η’
1730 2240 1846 2290 οἰκρίς,
1867 2242 1924 2277 καί
1951 2241 2164 2291 ἑκστρατεύει
2186 2243 2240 2290 ἀφ’
2262 2244 2334 2286 ἑνὸς
2354 2244 2468 2280 κελεύ-

1376 2317 1509 2351 σματος
1535 2303 1710 2346 εὐτάκτως.
1738 2302 1969 2346 Ἀβασίλευτα
2000 2302 2088 2344 ἦσαν
2122 2306 2168 2339 τοί
2190 2304 2293 2349 ἔθνη,
2319 2307 2383 2342 ὑπὸ
2408 2309 2469 2349 τῆς

1374 2365 1547 2415 ἁμαρτίας
1572 2367 1637 2413 γοὲρ
1664 2365 1912 2409 ἐβασιλεύοντο·
1934 2368 1986 2401 νῦν
2013 2368 2048 2401 δὲ
2069 2366 2310 2409 πιστεύσαντες
2331 2370 2374 2414 τῷ
2396 2371 2471 2414 θεῷ,

1375 2427 1612 2476 στρατεύονται
1634 2428 1691 2467 τήν
1712 2426 1902 2476 ἐπουράνιον
1924 2427 2244 2478 στρατείαν.-Τριά
2263 2428 2356 2464 ε’στὶν
2376 2427 2400 2464 οἳ
2419 2429 2472 2465 εῦ-

1374 2489 1452 2530 όδως
1477 2489 1672 2537 πορεύεται,
1697 2490 1759 2525 καί
1783 2491 1820 2525 τό
1847 2490 2003 2537 τέταρτον
2028 2487 2047 2526 ὃ
2071 2492 2180 2531 καλῶς
2201 2490 2374 2533 διαβαίνει.
2387 2491 2471 2539 ’Ἅγ-

1373 2554 1468 2598 γελοι
1493 2550 1528 2586 ἐν
1549 2549 1699 2600 οὐρανοῖς
1712 2579 1720 2594 ,
1739 2550 1830 2598 ἅγιοι
1852 2551 1909 2587 ε’πί
1932 2554 1992 2593 τῆς
2011 2553 2093 2598 γῆς,
2114 2550 2231 2600 ψυχαί
2254 2551 2383 2588 δικαίων
2404 2553 2469 2588 ύπό

1371 2614 1445 2659 γῆν·
1470 2613 1530 2648 καί
1562 2614 1602 2648 τό
1633 2611 1813 2662 τέταρτον,
1838 2613 1855 2649 ὁ
1889 2612 1969 2654 θεὸς
2000 2613 2104 2661 λόγος
2138 2613 2346 2662 σαρκωθείς,
2373 2614 2468 2657 διέβη

1371 2676 1481 2716 καλῶς
1505 2673 1636 2722 μήτραν
1661 2673 1840 2724 παρθένου·
1866 2674 2056 2710 οἷνοίπλασιν
2087 2677 2147 2710 τοῦ
2177 2675 2287 2722 Ἀδάμ
2312 2675 2467 2723 ποιούμε-

1371 2749 1447 2779 νος,
1472 2735 1567 2780 διέβη
1594 2736 1704 2778 πύλας
1729 2736 1883 2784 οὐρανῶν,
1908 2735 2051 2785 ἄπαρχτί
2071 2735 2289 2778 οἶναστοίσεως
2310 2738 2368 2772 καί
2389 2736 2470 2773 οἰνα-

1370 2796 1506 2844 λήψεως
1532 2799 1617 2834 noto-1
1643 2798 1829 2846 γενόμενος.

1421 2859 1573 2907 Σκύμνος
1604 2859 1738 2901 λέοντος
1773 2859 1994 2908 ἰσχυρότερος
2027 2862 2158 2898 κτηνῶν.
2191 2861 2338 2909 Χριστὸς
2363 2860 2397 2895 ἐν
2422 2864 2467 2906 τῷ

1367 2920 1478 2965 Ἰούδα
1507 2921 1572 2956 ὑπὸ
1601 2919 1723 2964 Ἰακώβ
1748 2921 2257 2970 προφητευόμενος.-·Ἀλέκτωρ
2282 2925 2467 2968 περιπατῶν

1370 2982 1404 3017 ἐν
1429 2981 1586 3023 θηλείαις
1611 2981 1781 3031 εύψύχως.
1805 2985 1938 3024 Παῦλος
1970 2982 2003 3017 ἐν
2029 2986 2107 3024 ταῖς,
2131 2982 2330 3025 ἐκκλησίαις
2348 2983 2467 3030 προθύ-

1368 3059 1439 3092 μως
1460 3043 1633 3093 κηρύσσων
1653 3045 1709 3079 τὸν
1728 3044 1830 3091 λόγον
1844 3046 1993 3092 Χριστοῦ
2005 3046 2065 3079 τοῦ
2083 3044 2350 3094 θεοῦ.··-Τροίγος
2366 3044 2468 3092 ἡγού-

1369 3120 1468 3154 μενος
1492 3104 1662 3142 αἰπολίου.
1683 3105 1724 3142 Ὁ
1751 3105 1833 3153 ὑπὲρ
1858 3108 1918 3141 τῶν
1943 3105 2110 3154 ἁμαρτιῶν
2142 3109 2202 3141 τοῦ
2233 3107 2364 3155 κόσμου
2391 3107 2467 3154 οἱγι-

1369 3167 1616 3210 ασθείς.-Ῐ(αι“
1642 3167 1806 3211 βασιλεῦς
1832 3170 2028 3216 δημηγορῶν
2053 3167 2086 3202 ἐν
2110 3166 2213 3203 ἔθνει·
2237 3170 2382 3218 Χριστὸς
2403 3167 2465 3211 βα-

1370 3231 1532 3272 σιλεύσας
1558 3229 1615 3266 ἕπί
1637 3231 1681 3266 τοὶ
1700 3228 1800 3272 ἔθνη,
1822 3231 2009 3278 δημηγορεῖ
2029 3230 2089 3265 διοὶ
2105 3231 2279 3278 προφητῶν
2300 3231 2359 3265 καί
2379 3229 2463 3266 οἷπο·

1370 3295 1495 3330 στόλων
1521 3294 1575 3328 τόν
1600 3293 1702 3340 λόγον
1728 3295 1787 3334 τῆς
1811 3291 1992 3334 ἀληθείας.

1417 3356 1480 3390 Τόν
1514 3347 1734 3402 πεποιωμένον
1767 3352 1800 3388 ἕν
1833 3356 1875 3402 τῇ
1899 3353 2014 3398 κακιά“
2035 3354 2053 3389 ὁ
2083 3355 2116 3390 δέ
2142 3354 2361 3397 ἀπόστολος,
2387 3354 2462 3396 τούς

1367 3416 1619 3464 ἁμαρτάνοντας
1653 3417 1756 3463 φησὶν
1782 3415 1916 3450 ἐνώπιον·
1937 3415 2064 3450 πάντων
2097 3415 2232 3464 ἔλεγχε·
2263 3417 2320 3451 τόν
2350 3415 2465 3464 ἐκτρα-

1367 3479 1473 3514 πέντα
1497 3478 1580 3523 πρός
1613 3475 1878 3525 ὀλίγον-Τίνες
1903 3475 1937 3511 αἶ
1958 3477 2251 3525 χοιρογαρίλλιοι,
2281 3477 2356 3512 ἀλλ’
2379 3476 2404 3517 ἦ.
2426 3478 2463 3516 ἦ·

1366 3541 1467 3587 μεῖς;
1497 3536 1532 3573 οῗ
1560 3538 1715 3582 ἐοίκαμεν
1748 3537 1833 3572 ποτέ
1851 3537 2003 3585 χαίροις,
2032 3538 2066 3574 ἐν
2098 3539 2195 3587 ποία-η
2226 3538 2372 3587 ῥυπαρία
2403 3539 2463 3572 τοῦ

1367 3598 1496 3647 κόσμου
1529 3597 1811 3647 ἀναστρεφόμενοι
1830 3627 1839 3642 ,
1871 3599 1937 3633 νυνὶ
1973 3600 2007 3634 δὲ
2036 3600 2279 3642 πιστεύσαντες
2309 3601 2461 3648 Χριστῷ,

1367 3661 1628 3707 ἐπικοδομοῦμεν
1654 3660 1730 3700 τοῦς
1755 3659 1877 3695 ἑαυτῶν
1909 3659 2023 3702 οἴκους
2055 3661 2114 3696 ἐπί
2138 3662 2195 3700 τήν
2221 3660 2321 3708 ἁγίαν
2347 3659 2458 3706 σοι’ρκα

1366 3724 1532 3770 Χριστοῦ,
1557 3721 1601 3762 ὥς
1626 3720 1682 3757 ε’πί
1707 3721 1840 3767 πέτραν.
2224 3726 2229 3732 ”

1410 3786 1452 3821 ‘O
1479 3785 1620 3831 σεισμός
1647 3785 1746 3822 δηλοῖ
1765 3784 1826 3823 τήν
1849 3783 1905 3820 ε’πί
1930 3786 1994 3832 γῆς
2019 3785 2224 3832 πραγμάτων
2254 3781 2455 3831 μεταβολήν·

1363 3846 1385 3887 ἦ
1411 3847 1565 3895 οἱμαρτιά
1588 3846 1694 3883 τοίνυν
1719 3846 1820 3885 δούλη
1846 3844 1936 3895 οῦσα
1959 3847 2075 3895 φύσει,
2106 3845 2325 3889 ἐβασίλευσεν
2356 3843 2389 3878 ἐν
2414 3858 2457 3890 τῳ

2279 3922 2296 3940 ᾗ

2504 2258 2538 2288 Β.
2557 2258 2579 2288 ί.
2599 2258 2642 2288 91.

2500 3367 2557 3431 ²(22r.
2571 3373 2636 3403 cap.
2653 3367 2778 3397 xxvn.

2499 3492 2529 3513 Υ.
2548 3489 2591 3514 26.

2494 3725 2509 3740 ’
2519 3732 2542 3752 s.
2553 3725 2726 3752 communio
2739 3725 2771 3752 in

2494 3759 2651 3795 baptismo.

2493 3802 2524 3822 v.
2544 3799 2587 3823 ³1.

2444 3847 2457 3853 -
2492 3830 2528 3859 A.
2547 3830 2569 3859 f.
2591 3833 2652 3859 112.
2667 3837 2695 3858 a.
