2996 4432
1216 290 1219 293 ,
2470 256 2499 300 3

819 350 898 398 Ex
930 350 1101 398 Lumo
1134 350 1206 405 11,
1241 349 1345 406 QUI
1377 348 1479 397 Esr
1510 349 1588 396 DE
1619 332 1911 399 Emscoris

360 521 412 584 4.
432 457 655 599 Quod
683 526 856 568 autem
891 526 1012 568 ante
1047 515 1114 568 sit
1150 512 1421 567 docendus
1445 513 1615 566 omnis
1650 533 1808 584 quam
1843 514 2219 585 baptizandu5‚
2259 513 2393 587 quid
2429 511 2497 565 sit
2545 531 2616 562 coa.
2635 533 2656 562 r.
2680 537 2722 563 10
2739 540 2770 566 a

255 601 600 673 baptismum,
638 610 690 652 et
724 608 856 670 quot
889 597 1058 651 modis
1093 597 1213 659 fiat,
1246 607 1300 650 et
1334 615 1366 650 a
1400 615 1511 668 quo
1547 596 1828 667 sumpserit
1863 597 2159 666 (initium),
2189 597 2405 690 quando
2442 608 2496 650 et

253 683 524 756 quomodo
548 682 662 736 fieri
685 681 906 746 debeat,
934 681 1196 753 superiori
1224 680 1366 733 libro
1390 679 1618 733 breviter
1641 690 1801 750 prout
1824 680 2092 750 potuimus
2115 680 2490 733 enarravimus.

254 769 391 820 Dein
426 766 862 819 catechumenum
898 784 995 836 per
1029 764 1303 818 exorcismi
1345 762 1754 816 insufflationem
1774 802 1788 827 ,
1835 774 1888 814 et
1934 780 2030 834 per
2071 763 2171 815 olei
2215 763 2495 816 exorcizati

254 849 554 900 unctionem
590 858 872 920 purgatum
906 848 1061 900 certis
1095 846 1422 918 temporibus
1457 844 1524 898 ad
1560 845 1762 898 fontem
1804 863 1974 916 usque
2015 845 2389 916 perduximuS,
2437 846 2495 896 in

251 950 364 1002 quo
398 931 554 984 tertio
590 932 833 984 inmissus
867 931 951 984 vel
986 931 1270 994 inmersuS,
1306 930 1524 1002 propria
1554 929 1660 982 oris
1695 927 2054 990 confessione,
2089 927 2171 980 vel
2208 927 2494 998 suscipien-

257 1014 388 1065 tium
412 1013 539 1079 fide,
568 1033 622 1067 se
646 1013 859 1067 credere
883 1014 940 1066 in
963 1015 1136 1067 Deum
1159 1024 1358 1086 patrem
1383 1013 1823 1084 omnipotentem,
1860 1021 1913 1063 et
1948 1011 2004 1062 in
2034 1010 2205 1063 Iesum
2228 1010 2493 1073 Christum

253 1096 418 1149 filium
461 1097 559 1149 Dei
595 1109 648 1150 et
692 1098 919 1150 hominis
960 1096 1301 1161 crucifixum,
1347 1107 1398 1149 et
1437 1097 1496 1148 in
1534 1094 1784 1167 Spiritum
1819 1105 2088 1157 sanctum,
2132 1092 2494 1164 praesentibus

251 1180 450 1251 angelis
484 1191 698 1233 testatus
733 1193 827 1234 est.
868 1183 947 1233 De
972 1198 1082 1251 quo
1106 1178 1393 1232 ascendens
1415 1179 1497 1232 vel
1533 1178 1798 1242 sublatuS,
1833 1178 1950 1230 oleo
1978 1176 2257 1248 principali
2290 1174 2495 1227 delibu-

253 1274 339 1314 tus
357 1304 370 1327 ,
398 1263 630 1316 caelestis
653 1283 859 1317 mensae
884 1263 1127 1316 convivio
1151 1263 1494 1334 participatus
1523 1273 1617 1315 est.
1653 1262 1791 1328 Quia
1815 1279 1940 1314 vero
1958 1301 1972 1324 ,
2000 1271 2129 1313 teste
2153 1258 2343 1312 Iacobo
2369 1276 2495 1329 apo-

252 1346 415 1410 st010‚
452 1345 581 1399 fides
616 1347 729 1398 sine
764 1347 1014 1418 operibus
1049 1357 1257 1399 mortua
1279 1357 1382 1409 est,
1419 1357 1655 1417 superest
1678 1364 1823 1398 nune
1846 1364 2007 1419 opera
2038 1343 2196 1415 digna
2230 1341 2332 1395 fide
2365 1361 2495 1394 enu-

257 1446 486 1491 merare,
526 1440 587 1481 ut
627 1430 770 1488 velut
804 1428 1012 1499 sapiens
1047 1428 1364 1481 architectus
1398 1429 1563 1499 possit
1598 1428 1813 1482 domum
1852 1447 2012 1498 super
2057 1426 2492 1487 fundamentum,

250 1510 402 1581 quod
438 1512 679 1563 Christus
714 1523 820 1575 est,
861 1510 1169 1574 aedificare3
1216 1530 1376 1582 quam
1421 1530 1518 1564 nec
1562 1513 1704 1565 venti
1753 1530 1851 1564 nec
1897 1511 2112 1562 flumina
2157 1529 2264 1567 nec,
2297 1508 2493 1561 imbres

251 1594 459 1646 valeant
492 1594 773 1648 eradicare.
815 1595 864 1647 N
867 1614 971 1647 unc
995 1614 1120 1648 vero
1146 1596 1244 1648 Dei
1271 1595 1456 1649 confisi
1480 1594 1834 1648 misericordia
1855 1594 2154 1647 adoriamur
2178 1610 2487 1645 sermonem.

252 1678 424 1729 Prima
459 1697 519 1730 ac
554 1678 860 1749 principalis
896 1678 1300 1730 christianorum
1335 1679 1502 1731 virtus
1537 1690 1614 1731 est
1649 1677 1979 1740 obedientia,
2012 1675 2316 1729 humilitatis
2351 1675 2455 1727 filia
2475 1714 2489 1736 ‚

250 1779 390 1831 quae
413 1762 575 1813 traxit
598 1763 696 1813 Dei
720 1762 884 1813 filium
909 1760 975 1814 de
1000 1762 1119 1813 sinu
1144 1762 1306 1833 patris
1328 1761 1405 1814 ad-
1421 1762 1693 1832 publicum
1726 1772 1963 1814 nostrum
1980 1801 1994 1823 ,
2035 1760 2128 1831 qui
2164 1759 2332 1811 factus
2367 1758 2494 1811 obe-

255 1842 405 1895 diens
440 1844 579 1914 patri
614 1863 783 1915 usque
807 1843 875 1896 ad
908 1855 1159 1907 mortem,
1200 1863 1358 1916 quam
1385 1844 1698 1916 protoplasti
1723 1843 1879 1897 nobis
1902 1844 2336 1915 propinaveram,
2377 1859 2495 1893 eva-

259 1945 421 1978 cuans
445 1939 664 1979 mortem
691 1947 785 1980 sua
808 1939 976 1984 morte
1001 1927 1208 1980 delevit.
1239 1928 1379 1980 Huic
1402 1927 1663 1980 contraria
1686 1938 1763 1979 est
1793 1924 2149 1978 inobedientia
2166 1966 2179 1989 ,
2218 1923 2495 1995 superbiae

253 2009 358 2062 filia
393 2011 475 2062 vel
513 2022 698 2062 contra
739 2011 1000 2082 praelatos
1042 2010 1259 2063 rebellio
1279 2051 1293 2074 ‚
1334 2029 1469 2082 quae
1514 2021 1644 2063 teste
1689 2010 1951 2081 propheta
1993 2007 2265 2060 Samuhele
2283 2046 2298 2070 ‚
2344 2007 2495 2078 peior

251 2104 328 2144 est
351 2092 673 2159 idololatria,
702 2105 753 2146 et
776 2095 920 2146 omni
956 2105 1171 2165 peccato
1195 2093 1464 2149 ,ariolandi
1500 2081 1583 2146 vel*
1618 2093 1831 2164 magica.
1873 2091 2127 2163 Quisquis
2163 2092 2300 2142 hanc
2336 2089 2496 2160 adipi-

251 2177 355 2240 sci,
384 2177 465 2228 vel
502 2176 742 2249 adeptam
779 2177 1043 2230 custodire
1067 2178 1323 2243 voluerit,
1363 2178 1420 2229 in
1455 2176 1637 2248 primis
1671 2176 2014 2228 humilitatem
2039 2185 2291 2237 sectetur,
2319 2191 2494 2244 super-

250 2259 498 2330 biamque
537 2260 726 2331 procul
772 2260 837 2312 de
881 2259 1040 2313 corde
1085 2279 1183 2312 suo
1229 2260 1476 2331 repellat3
1523 2272 1584 2312 ut
1626 2260 1914 2312 majoribus
1961 2257 2230 2320 deferens,
2279 2256 2492 2309 modum

236 2360 653 2413 *mensuramque
689 2348 834 2395 'suam
870 2355 1181 2413 cognoscat;
1222 2354 1283 2395 ut
1317 2343 1373 2395 in
1411 2361 1475 2396 eo
1511 2361 1624 2414 quo
1659 2354 1874 2396 vocatus
1910 2354 1987 2394 est
2022 2339 2188 2411 gradu
2208 2381 2221 2404 ‚
2255 2338 2494 2392 ordinate

249 2437 535 2489 assuescat,
575 2439 738 2498 prout
773 2427 923 2479 decet
958 2427 1136 2479 vivere
1172 2427 1534 2479 christianum.
1576 2428 1642 2479 Et
1677 2436 1738 2478 ut
1759 2425 1863 2477 hoc
1889 2424 2054 2495 possit
2077 2423 2218 2487 fieri,
2259 2422 2494 2477 christia-

253 2527 444 2560 norum
469 2509 666 2562 faciens
691 2509 1017 2576 divisionem,
1046 2509 1178 2581 quid
1202 2510 1422 2581 singulis
1446 2508 1723 2562 ordinibus
1748 2507 1969 2580 speciale
1992 2505 2290 2569 conveniat,
2321 2505 2493 2558 dicere

249 2592 466 2644 curabo.

359 2676 408 2726 5.
449 2675 870 2727 Christianorum
907 2676 995 2728 alii
1031 2687 1155 2728 sunt
1190 2677 1391 2739 clerici,
1420 2677 1506 2729 alii
1543 2688 1670 2729 sunt
1704 2675 1853 2728 laici:
1890 2686 1941 2727 et
1974 2675 2031 2726 in
2055 2673 2138 2726 his
2173 2671 2491 2726 conditioni-

251 2756 381 2821 bus,
422 2757 509 2808 alii
543 2755 742 2808 subditi
782 2758 869 2809 alii
914 2754 1150 2828 praelati.
1200 2759 1558 2812 Praelatorum
1595 2760 1653 2811 in
1697 2758 1922 2811 clericali
1965 2756 2153 2810 ordine
2198 2755 2491 2828 positorum

249 2841 336 2892 alii
372 2851 496 2892 sunt
531 2840 798 2912 episcopi,
839 2841 927 2892 alii
964 2840 1183 2894 secundi
1219 2839 1422 2893 ordinis
1457 2841 1782 2904 sacerdoteS,
1811 2840 1899 2892 alii
1935 2839 2183 2904 abbates,
2223 2839 2311 2890 alii
2344 2856 2491 2909 prae·

253 2924 427 2994 positi.
457 2925 519 2975 In
553 2924 722 2976 ⁴laicali
758 2943 884 2976 vero
920 2923 1106 2998 ordine
1141 2924 1228 2976 alii
1253 2942 1425 2994 reges,
1453 2924 1540 2976 alii
1563 2923 1779 2976 iudices.
1809 2923 2023 2994 Semper
2047 2940 2173 2993 ergo
2199 2921 2491 2975 cavendum

251 3017 327 3058 est
351 3047 363 3070 ,
404 3018 465 3058 ut
500 3026 611 3060 non
648 3006 888 3058 ostiarius
925 3005 1173 3058 adversus
1208 3008 1546 3070 exorcistam,
1586 3026 1698 3059 non
1734 3007 1994 3060 exorcista
2038 3005 2287 3058 adversus
2330 3005 2491 3058 lecto-

250 3108 382 3155 rem,
411 3108 521 3143 non
553 3089 717 3141 lector
739 3088 986 3141 adversus
1019 3089 1348 3159 acolythum,
1377 3108 1488 3142 non
1511 3089 1785 3160 acolythus
1809 3088 2057 3141 adversus
2080 3086 2451 3141 subdiaconem
2470 3128 2488 3153 ,

248 3192 358 3224 non
396 3172 686 3225 subdiacon
720 3171 882 3224 adve1
883 3191 969 3224 sus
1005 3170 1278 3225 diaconem
1300 3211 1316 3236 ,
1367 3191 1478 3225 non
1514 3171 1760 3225 diacones
1795 3171 2044 3225 adversus
2087 3169 2486 3243 presbyterum,

249 3273 356 3306 non
394 3255 673 3325 presbyter
714 3237 962 3306 adversus
999 3253 1336 3326 episcopum,
1376 3254 1605 3307 audeant
1638 3272 1694 3307 se
1730 3255 1960 3326 superba
1995 3265 2169 3306 mente
2205 3253 2484 3307 extollere·
2471 3295 2484 3319 ,

249 3336 341 3388 sed
366 3337 729 3408 unusquisque
753 3335 970 3388 modum
994 3355 1146 3388 suum
1170 3355 1524 3408 cognoscenS,
1553 3338 1840 3390 maioribus
1865 3356 1959 3390 sua
1994 3338 2109 3390 iura
2133 3355 2452 3390 conservans
2467 3377 2482 3400 ,

251 3419 495 3488 praelatis
532 3420 588 3470 in
624 3418 868 3471 omnibus
904 3417 1134 3471 debitam
1166 3418 1357 3472 offerat
1391 3418 1760 3473 obedientiam.
1788 3419 1874 3472 Sic
1909 3431 1962 3472 et
1993 3419 2063 3473 de
2085 3419 2230 3472 laicis
2262 3419 2490 3473 sentien-

249 3501 375 3555 dum
411 3512 488 3553 est
506 3541 520 3563 ‚
562 3514 620 3554 ut
656 3521 767 3554 non
802 3502 953 3574 plebs
989 3500 1236 3554 adversus
1269 3501 1488 3564 milites,
1526 3520 1639 3554 non
1672 3502 1860 3555 milites
1894 3502 2144 3555 adversus
2178 3502 2447 3574 principes
2469 3541 2483 3566 ‚

254 3603 378 3636 non=
400 3583 599 3636 iudices
635 3583 881 3636 adversus
921 3602 1097 3655 regeS,
1137 3583 1193 3636 in
1225 3582 1408 3655 aliquo
1442 3583 1662 3637 rebelles
1706 3585 1958 3651 existant3
1998 3586 2099 3638 nisi
2133 3584 2300 3647 forte,
2339 3582 2487 3655 quod

252 3667 388 3719 absit
406 3707 418 3729 ,
459 3666 734 3738 utriusque
770 3666 970 3720 ordinis
1003 3666 1223 3739 praelati
1256 3665 1395 3732 {illud
1439 3667 1763 3740 praecipiant
1780 3708 1795 3734 ,
1831 3667 1982 3741 quod
2023 3668 2334 3722 christianae
2366 3666 2487 3719 reli-

228 3772 230 3775 ·
256 3750 398 3820 gioni
432 3749 651 3802 omni-no
686 3749 928 3803 videatur
962 3768 1072 3803 esse
1107 3749 1446 3804 contrarium.
1479 3750 1542 3803 Et
1568 3769 1607 3805 a
1637 3751 1813 3823 capite
1835 3762 2128 3824 repetentes
2142 3802 2157 3827 ‚
2180 3749 2251 3803 ¹ab
2287 3748 2485 3822 episco-

228 3854 231 3856 ·
256 3833 336 3903 pis
371 3831 656 3884 ordiamur.
