2996 4432
505 272 595 318 178

500 369 611 426 ὄδευς
645 366 711 420 ἐπι
743 366 815 420 τὴν
848 364 1002 417 αι’ωνισν
1035 371 1136 422 ζωῃν
1157 405 1170 426 .,
1201 369 1272 417 ἵνα
1307 389 1375 416 και
1386 367 1606 452 εὐφροσύ-

497 465 565 497 νης
597 443 782 508 πληρωθῃ
813 437 1037 496 τελειας,
1019 460 1038 485 o
1066 435 1197 494 πάσης
1230 435 1494 515 εὐφροσυνης
1484 459 1604 489 πνευ-

498 516 668 578 ματικῆς
701 514 902 574 ἐμπιπλων
935 532 1027 564 τους
1060 508 1210 575 αγίσυς·
1245 517 1307 558 θεσ
1293 532 1333 558 υ
1367 508 1409 557 δε
1448 531 1602 595 προσω-

499 606 605 641 πσν,
638 605 664 634 η
695 578 802 630 εἱκων
833 582 959 630 αὑτοῦ
987 603 1053 628 και
1085 602 1288 647 χαρακτηρ
1320 583 1393 634 τῆς
1425 602 1499 630 um
1502 577 1602 630 στά-

500 676 600 708 σεως
632 655 770 701 αὐτεῧ·
803 674 842 702 τι
875 649 916 700 δὲ
949 653 1164 700 dalonen
1198 655 1254 714 τῷ
1284 648 1487 700 δδευσαντι
1524 673 1599 705 τας

498 721 756 790 γνωσθεῖσας
786 718 871 772 ὅδε
836 745 898 777 υς
924 726 996 777 τῆς
1029 727 1154 783 ζωῆς,
1186 721 1212 773 ἦ
1243 743 1287 770 το
1322 719 1434 769 θειαν
1462 717 1601 808 τέρψιν

496 796 608 859 ἔχειν
642 795 683 842 ἐν
715 797 765 859 τῇ
794 797 905 854 δεξιᾷ
935 797 1002 844 τοῦ
1033 798 1152 853 θεοῦ,
1185 791 1284 858 εὕσῃ
1323 787 1496 853 ἀληθειᾳ
1531 814 1599 839 και

498 865 638 934 σοφίας
671 866 772 917 αὕτη
806 862 849 913 δέ
877 866 983 914 ἐστιν
1009 866 1028 912 o‘
1060 884 1265 929 μσνσγενης
1291 885 1359 912 ‘reu
1381 865 1469 910 θεοῦ
1498 859 1612 916 υἷές·

497 959 564 985 και
603 934 686 986 ἐπει
723 933 1025 1002 ἀνυπέρβλητος
1062 931 1250 1022 τυγχάνει
1280 936 1308 984 γῖ
1342 934 1381 980 ἐν
1414 935 1461 997 τῇ
1494 934 1603 993 δεξιᾷ

498 1005 571 1058 τεῧ
600 1011 701 1055 θεοῦ
732 1005 866 1072 τέρψις
887 1044 900 1067 ,
934 1003 1087 1061 τελσς’
1077 1027 1190 1057 εσται
1226 1004 1401 1067 ἕσχατεν
1438 1002 1599 1068 σ’ρεκτον

499 1083 616 1130 συσα”
654 1080 697 1126 σύ
733 1099 808 1144 γαρ
845 1075 943 1126 ἅλλε
928 1099 967 1124 υ
1003 1074 1152 1142 χάριν,
1191 1076 1275 1125 ἀλλ
1319 1075 1444 1127 αυτ-ἦς
1486 1073 1599 1122 ἕνεκα

499 1171 553 1198 τα
583 1145 732 1200 πάντα·
767 1170 799 1196 ει
832 1167 957 1197 votvm)
989 1170 1073 1201 νιος
1112 1150 1180 1197 zei]
1210 1148 1309 1193 θεοῦ
1347 1142 1440 1207 >xo-ys
1446 1166 1497 1201 ς,
1529 1167 1597 1194 και

498 1222 566 1270 ὅτε
598 1218 753 1284 γέγονεν
785 1218 997 1303 ἅνθρωπος
1018 1255 1032 1278 ,
1065 1238 1120 1267 πη
1151 1235 1222 1279 μεν
1253 1215 1303 1269 ὧς
1334 1212 1432 1268 θεος
1465 1237 1521 1266 πη
1556 1218 1599 1265 δὲ

496 1293 545 1345 ὦς
576 1290 783 1357 ἄνθρωπος
816 1284 1043 1353 διελέγετο,
1081 1310 1144 1335 και
1183 1306 1354 1351 σταυρσν
1391 1280 1598 1347 ὑπέμεινεν

496 1358 696 1424 αἶσχυνης
719 1378 1043 1445 καταφρονήσας,
1070 1381 1136 1405 και
1161 1355 1393 1412 anascevae,
1420 1376 1486 1403 και
1510 1356 1600 1405 ἀνέ-

498 1453 608 1490 ατη,
647 1426 751 1478 καθα
785 1451 852 1477 και
892 1433 911 1477 o‘
948 1428 1147 1497 πρόκριτος
1186 1425 1340 1492 Πετρσς
1377 1429 1599 1495 δημηγορῶν

500 1504 537 1549 ἐν
570 1503 660 1555 ταῖς
693 1497 877 1576 πραξεσιν
911 1521 998 1565 περι
1025 1503 1099 1548 ,τοῦ
1131 1497 1262 1548 Δαυὶό
1287 1499 1437 1562 ἔλεγεν·
1477 1521 1600 1565 «προ-

503 1562 688 1639 »xqmrm
720 1574 786 1619 οὖν
815 1569 1028 1637 υπάρχων,
1055 1593 1121 1620 και
1147 1568 1305 1624 εἰδῶς’
1283 1591 1344 1618 οτι
1367 1590 1465 1635 ορκῳ
1493 1590 1600 1633 ωμσ-

503 1665 523 1687 »
561 1663 629 1691 σεν
660 1644 775 1705 αὐτῷ
801 1642 820 1691 o‘
851 1641 948 1697 &sog
980 1645 1020 1689 ὲκ
1049 1645 1200 1730 καρποῦ
1230 1663 1305 1695 της
1342 1638 1462 1705 &oque
1445 1663 1484 1695 ς
1517 1664 1600 1688 αυ-

505 1736 524 1757 n
561 1718 629 1763 τοῦ
671 1710 912 1765 avocet-low
947 1735 1056 1762 κατα
1099 1708 1226 1778 σᾶρκα
1270 1731 1339 1760 τον
1385 1710 1598 1776 Χριστον,

501 1805 522 1827 »
558 1806 628 1850 πρε
615 1781 725 1832 ὶόων
764 1782 952 1837 ἐκάὶησεν
989 1806 1075 1850 περι
1114 1789 1186 1839 τῆς
1222 1778 1483 1837 ἀναστάσεως
1526 1784 1601 1830 αὑ-

502 1878 522 1898 »
562 1876 604 1904 τε
606 1860 643 1904 ῧ·
667 1879 685 1900 ν
722 1853 782 1904 To
815 1854 857 1904 δε
887 1877 995 1904 κατα
1019 1876 1147 1932 σαρκα
1172 1851 1472 1921 προσκείμενον,
1499 1851 1602 1902 dein-

497 1948 604 1976 νυσιν
637 1929 697 1975 ὅτι
728 1949 794 1975 και
828 1923 917 1982 θεος
947 1921 1009 1978 ἦν·
1042 1949 1090 1978 ην
1122 1928 1174 1981 ὥς
1207 1925 1387 1991 ἄνθρωπε
1393 1946 1410 1978 ς
1444 1946 1496 1973 τα
1526 1927 1602 1973 ἁν-

494 1995 681 2063 ἓρωωινα
720 1995 905 2053 ἑκουσιως
947 1995 1163 2048 icoc-{vesti
1204 2019 1248 2048 τε
1283 2019 1350 2044 και
1396 1995 1602 2059 ὗσέμεινεν

493 2067 597 2131 μετὰ
627 2073 697 2119 τοῦ
729 2064 831 2118 εἶναι
867 2066 983 2124 θεός.

1555 280 1662 311 mm(
1668 281 1718 312 ,ul

1676 367 1732 410 ad
1761 367 1891 410 vitam
1919 372 2132 413 aeternam
2163 368 2397 423 ducentes3
2432 373 2482 412 ut
2512 374 2555 413 et
2584 370 2778 426 perfecto

1677 439 1833 493 gaudio
1871 441 2083 496 repleatur
2119 441 2210 496 ipse
2247 441 2323 496 qui
2365 443 2616 499 ceteroquin
2656 444 2776 486 omni

1675 510 1858 564 spiritali
1879 512 2040 554 laetitia
2057 517 2226 556 sanctos
2243 512 2394 568 replet.
2417 514 2495 557 Dei
2514 518 2658 558 autem
2674 515 2775 558 vul—

1674 586 1744 624 tus
1764 614 1776 636 ,
1810 587 1873 625 est
1901 584 2042 638 imago
2073 585 2164 627 eius
2194 589 2238 627 et
2265 585 2405 627 forma
2426 584 2684 629 substantiae
2705 586 2778 641 ip-

1673 653 1774 694 sius.
1798 653 1911 705 Quid
1929 659 2070 698 autem
2089 656 2262 699 obvenit
2284 657 2438 699 terenti
2465 657 2557 700 vias
2587 669 2691 712 quas
2710 657 2776 699 vi-

1673 727 1740 766 tae
1771 736 1861 767 esse
1892 727 2038 780 novit,
2063 728 2143 770 nisi
2171 731 2220 771 ut
2239 727 2423 771 divinam
2450 728 2775 771 delectationem

1678 798 1834 840 habeat
1848 798 1893 839 in
1912 798 1987 840 Dei
2007 798 2205 858 dextera,
2236 805 2422 855 quaeest
2448 801 2602 844 veritas
2630 812 2680 842 ac
2701 812 2774 843 sa-

1676 866 1873 924 pientia?
1904 870 1985 912 Hic
2020 874 2084 912 est
2116 872 2315 914 nimirum
2347 872 2590 926 unigenitus
2618 872 2697 914 Dei
2723 870 2775 913 fl-

1674 939 1772 982 lius.
1795 941 1848 982 Et
1868 941 1967 1000 quia
1988 941 2309 996 exquisitissima
2336 947 2399 985 est
2427 943 2474 985 in
2506 942 2677 987 dextera
2695 942 2775 984 Dei

1677 1009 1900 1053 delectatio
1919 1041 1932 1064 ,
1968 1011 2058 1066 ipsa
2089 1012 2169 1053 erit
2202 1011 2491 1056 desiderabilis
2531 1017 2780 1068 postremus

1675 1079 1787 1123 finis.
1811 1082 1908 1123 Non
1930 1081 2044 1123 enim
2071 1070 2242 1124 alterius
2270 1083 2495 1126 cuiuslibet
2515 1096 2639 1129 causa
2655 1115 2667 1138 ,
2698 1083 2776 1126 sed

1675 1156 1854 1207 propter
1876 1152 2013 1207 ipsam
2037 1156 2137 1194 sunt
2165 1153 2326 1195 omnia.
2356 1153 2398 1195 Si
2427 1165 2530 1207 ergo
2561 1153 2675 1199 filius
2698 1154 2775 1196 Dei·

1675 1228 1738 1265 est
1752 1222 1940 1265 Verbum
1957 1255 1969 1277 ‚
1989 1228 2094 1265 tunc
2120 1225 2246 1266 etiam
2266 1236 2365 1266 cum
2380 1223 2519 1266 factus
2541 1229 2604 1267 est
2621 1225 2770 1279 homo,

1655 1294 1806 1336 modo
1839 1294 1901 1336 uti
1928 1295 2067 1346 Deus,
2093 1294 2224 1336 modo
2251 1295 2317 1336 uti
2336 1294 2465 1337 homo
2483 1295 2771 1350 loquebatur,

1675 1361 1719 1407 et
1748 1378 1916 1407 crucem
1946 1366 2144 1408 sustinuit
2172 1366 2404 1420 ignominia
2433 1362 2783 1422 contemptas&-

1675 1438 1935 1490 resurrexit,
1967 1437 2090 1480 sicuti
2115 1449 2308 1483 ,summus
2337 1439 2489 1480 Petrus
2525 1438 2572 1480 in
2609 1438 2775 1483 actibus

1675 1510 1932 1552 concionans
1963 1509 2016 1552 de
2045 1509 2205 1552 Davide
2235 1510 2392 1553 aiebat.
2425 1529 2441 1546 «
2461 1511 2677 1566 Propheta
2696 1512 2783 1567 igi-

1681 1599 1698 1616 »
1733 1585 1805 1623 tur
1827 1593 1926 1623 cum
1960 1585 2067 1623 esset
2082 1611 2095 1635 ,
2127 1585 2171 1623 et
2202 1581 2330 1623 sciret
2364 1579 2779 1636 quia‘iureiurando-

1681 1670 1698 1687 υ
1732 1652 1912 1694 iurasset
1940 1651 2003 1694 illi
2024 1653 2139 1694 Deus
2161 1651 2214 1694 de
2243 1651 2387 1694 fructu
2415 1651 2551 1694 lumbi
2580 1652 2670 1695 eius
2699 1665 2773 1695 su—
2824 1658 2831 1661 ‘

1681 1744 1698 1760 »
1734 1726 1883 1768 scitare
1905 1724 2138 1767 secundum
2161 1737 2330 1767 carnem
2351 1724 2565 1767 Christum
2585 1756 2597 1779 ,
2622 1725 2772 1781 provi-

1682 1815 1698 1832 »
1734 1795 1838 1838 dens
1866 1795 2034 1838 locutus
2046 1800 2109 1838 est
2126 1795 2179 1838 de
2198 1796 2507 1838 resurrectIone
2522 1796 2626 1838 eius.
2644 1815 2661 1835 »
2682 1797 2777 1856 Iam

1676 1866 1796 1921 quod
1829 1866 1996 1909 addidit
2037 1885 2054 1903 α
2079 1866 2312 1910 secundum
2333 1880 2502 1910 carnem
2526 1887 2543 1905 u
2586 1867 2791 1913 ostendit·

1674 1939 1813 1981 Deum
1833 1951 2007 1993 quoque
2029 1938 2156 1980 fuisse
2170 1969 2182 1992 ,
2209 1942 2251 1981 et
2267 1939 2386 1994 quod
2402 1944 2621 1994 tamquam
2639 1939 2776 1985 bomo

1676 2018 1830 2065 sponte
1859 2009 2158 2052 immolabatur
2190 2009 2516 2065 patiebaturque
2535 2040 2548 2063 ,
2583 2015 2680 2052 cum
2716 2009 2776 2053 si-

1677 2082 1766 2124 mul
1795 2085 1903 2123 esset
1932 2081 2061 2124 Deus.

582 2337 652 2376 Ex
682 2338 858 2388 recitato,
874 2336 1062 2376 haetenus
1091 2335 1258 2387 Didymi
1288 2337 1329 2375 in
1359 2334 1583 2387 quindecim
1612 2335 1792 2376 Psalmos
1821 2333 2122 2387 commentario,
2155 2346 2243 2374 cum
2273 2334 2402 2375 latina
2424 2333 2678 2374 translatione
2697 2346 2770 2388 no-

495 2417 602 2464 stra,
638 2416 733 2453 satis
763 2417 809 2453 ut
837 2413 1035 2453 credimus
1065 2425 1258 2465 aqnovere
1290 2413 1450 2453 lectores
1479 2414 1618 2464 quanti
1642 2402 1783 2465 pretii
1797 2413 1853 2451 sit
1879 2412 1922 2452 in
1950 2412 2023 2451 Iioc
2052 2423 2204 2463 quoque
2234 2423 2352 2463 opere
2381 2411 2577 2462 Didymus
2594 2440 2606 2464 ,
2627 2420 2770 2463 quam-

474 2492 571 2542 ‘que
602 2491 747 2542 diqnus
776 2490 832 2530 ad
858 2493 1034 2531 omnium
1063 2493 1243 2531 notitiam
1272 2502 1464 2542 usumque
1494 2489 1633 2541 efferri
1641 2521 1650 2534 ,
1675 2490 1883 2541 Ceteroqui
1904 2501 1973 2529 nos
1995 2490 2089 2529 aliis
2116 2489 2223 2528 curis
2245 2489 2458 2540 abstracti,
2489 2492 2663 2528 nostram
2683 2488 2775 2547 heic·

494 2552 858 2620 interpretationem
888 2568 1179 2620 abrumpimus,
1207 2568 1335 2608 solum
1357 2567 1498 2608 deinde
1527 2579 1714 2619 qraecum
1733 2570 1884 2607 textum
1900 2571 2179 2618 prosequentes
2201 2578 2254 2606 ex
2272 2566 2429 2617 aliquot
2448 2567 2641 2606 vaticanis
2662 2569 2770 2606 cate-

494 2648 556 2684 nis
586 2645 805 2686 collectum.
839 2646 977 2696 Neque
1002 2650 1130 2685 tamen
1161 2643 1365 2695 defuturos
1393 2644 1610 2696 aliquando
1639 2656 1868 2696 speramus,
1903 2645 1975 2696 qui
2003 2648 2041 2684 et
2077 2645 2208 2696 ipsum
2237 2645 2434 2696 oriqinale
2462 2654 2650 2696 qraecum
2679 2655 2776 2686 con-

494 2723 609 2762 sultis
632 2723 824 2774 pluribus
853 2722 1051 2762 codicibus
1079 2725 1276 2774 auqeant,
1311 2725 1350 2761 et
1380 2721 1548 2761 latinum
1571 2725 1694 2761 totum
1703 2716 1887 2773 saciant,·
1909 2725 1949 2761 et
1968 2721 2072 2762 lianc
2093 2722 2262 2774 denique
2283 2725 2506 2772 auctorem,
2534 2723 2577 2761 in
2599 2721 2770 2763 alexan-

496 2799 615 2840 drina
644 2799 776 2840 schola
798 2799 1092 2852 percelebrem,
1130 2799 1275 2839 divinis
1304 2799 1547 2850 exponendis
1577 2798 1790 2839 christiano
1806 2811 1942 2839 *sensu
1973 2799 2087 2840 libris
2108 2802 2355 2851 aptissimum
2370 2829 2383 2850 ,
2411 2798 2638 2838 adserendis
2667 2797 2769 2850 doq-

495 2878 664 2918 matibus
676 2907 688 2927 ,
724 2878 974 2930 moribusque
1004 2876 1264 2928 informandis
1278 2906 1291 2927 ,
1318 2875 1518 2927 fovendae
1546 2878 1666 2916 etiam
1695 2878 1879 2916 asceticae
1901 2876 2051 2928 pietati
2073 2876 2313 2929 perutilem,
2343 2887 2423 2927 pro
2452 2874 2647 2926 cliqnitate
2677 2878 2768 2915 tan-

496 2957 583 2997 dem
614 2961 850 2996 exornatum
873 2955 1037 3007 publico
1067 2954 1264 2994 commodo
1295 2953 1525 2994 exhibeant.
1557 2954 1636 2994 Sed
1653 2965 1725 2993 cur
1745 2965 1814 2993 nos
1835 2948 2052 3006 Didymum
2075 2953 2318 2994 laudamus?
2337 2965 2363 2992 a
2386 2952 2658 2993 laudatissimo
2679 2942 2767 2992 viro

495 3034 650 3074 iamdiu
681 3023 888 3074 laudatum
905 3063 917 3084 ,
954 3032 1001 3072 id
1029 3036 1088 3072 est
1115 3033 1378 3083 Hieronymo,
1415 3033 1486 3082 qui
1514 3033 1557 3071 in
1587 3032 1911 3082 quinquaqesima
1941 3031 2107 3082 epistola
2136 3030 2192 3070 ad
2218 3029 2496 3089 Domnionem,
2532 3028 2606 3068 ubi
2631 3031 2768 3070 aueto-

498 3124 559 3152 res
588 3114 632 3152 in
661 3113 776 3151 varia
805 3112 1033 3151 litteratura
1059 3113 1269 3149 summates
1299 3119 1558 3160 enumerans,-
1590 3109 1647 3146 sic
1675 3107 1880 3159 maqnitice
1909 3107 1959 3147 de
1988 3111 2118 3147 nostro
2155 3099 2326 3159 Didymo
2363 3106 2527 3145 scribit:
2557 3102 2768 3162 Didymus

498 3187 672 3230 scientia
702 3188 1017 3243 scripturarum·
1038 3197 1184 3227 omnes
1214 3184 1279 3226 sui
1307 3183 1514 3238 temporis
1542 3182 1676 3225 vincit
1709 3186 1976 3225 tractatores.
2018 3185 2189 3224 Praeter
2227 3195 2322 3236 erqo
2357 3183 2465 3223 edita
2494 3195 2520 3223 a
2549 3181 2672 3223 nobis·
2688 3182 2768 3222 Di-

497 3266 607 3318 dymi
636 3266 830 3317 reliquias
859 3265 913 3305 ad
940 3263 1187 3315 Proverbia,
1222 3263 1278 3303 ad
1304 3262 1493 3304 Iohannis
1523 3261 1797 3313 evanqelium,
1833 3261 1888 3301 ad
1914 3260 1978 3301 II.
2005 3260 2062 3301 ad
2091 3260 2337 3313 Corinthios,
2363 3263 2403 3301 et
2430 3271 2534 3301 nunc
2563 3259 2619 3299 ad
2645 3259 2767 3318 Psal-
2786 3316 2799 3323 x

497 3355 603 3394 mos,
638 3344 721 3383 alia
750 3344 995 3382 meminimus
1026 3342 1157 3393 leqere
1187 3340 1378 3392 reliquias
1408 3342 1493 3379 eius
1524 3339 1569 3379 in
1598 3339 1752 3379 catenis·
1774 3350 1867 3379 mss.
1899 3339 2089 3378 vaticanis
2123 3351 2164 3379 v.
2189 3350 2255 3390 qr.
2288 3337 2345 3377 acl
2373 3337 2534 3388 Iobum,
2575 3335 2633 3376 ad
2660 3335 2766 3375 Can-

499 3420 641 3471 ticum,
677 3419 731 3459 ad
759 3419 1027 3469 Hieremiam,
1064 3421 1103 3458 et
1128 3417 1230 3458 alios
1260 3416 1459 3469 interdum
1489 3416 1632 3457 veteris
1663 3418 1880 3456 testamenti
1910 3415 2058 3468 libros,
2093 3419 2135 3456 et
2160 3415 2206 3456 in
2235 3415 2440 3467 epistolam
2468 3413 2523 3454 ad
2553 3413 2758 3454 Romanos.

499 3497 613 3536 Nunc
642 3495 768 3547 iqitur
798 3496 883 3536 eius
920 3497 962 3536 in
991 3496 1172 3536 Psalmos
1210 3491 1479 3534 adnotationes
1511 3498 1817 3545 prosequamur.
1857 3493 2015 3537 Etenim
2052 3491 2269 3545 Didymum
2303 3491 2348 3532 in
2379 3494 2502 3532 totum
2526 3487 2766 3542 psalterium

501 3576 699 3627 scripsisse
725 3576 890 3614 testatur
912 3574 1144 3626 praedictus
1173 3556 1441 3625 Hieronymus
1470 3571 1520 3612 de
1549 3571 1630 3613 vir.
1662 3571 1728 3612 ill.
1762 3582 1851 3624 cap.
1890 3571 1985 3623 109,
2014 3582 2086 3612 nec
2113 3582 2191 3612 non
2218 3569 2269 3611 in.
2292 3569 2457 3622 epistola
2477 3566 2610 3609 CXII.
2637 3564 2716 3606 20.
