2996 4432
823 361 966 420 ‘EX
1035 358 1384 419 LIBRIS
1454 357 1917 416 DECRETI

468 531 1400 630 BONIZONIS
1497 530 2287 624 EPISCOPI

975 723 1772 803 nacafflanao

1164 867 1584 907 w

708 999 793 1044 EX
838 995 1034 1044 LIBRO
1085 996 1124 1050 Ι,
1166 995 1276 1051 QUI
1324 995 1436 1040 EST
1486 993 1569 1040 DE
1615 992 1952 1040 BAPTISMO.

1116 1146 1271 1178 Bomzo
1303 1144 1478 1178 Eriscor
1485 1144 1533 1176 us
1571 1128 1632 1191 1).

371 1219 823 1356 1.Quibusdam
860 1298 972 1332 non
1008 1279 1220 1350 ambigo
1255 1277 1421 1331 videri
1456 1276 1722 1341 mirabile,
1763 1294 1882 1328 cum
1917 1274 2144 1346 Spiritus
2187 1287 2398 1328 sanctus
2434 1277 2502 1329 sit
2548 1293 2623 1325 cod.
2651 1293 2686 1324 n.
2707 1295 2727 1323 s.
2748 1299 2774 1324 9.
2795 1296 2824 1323 12.

255 1363 400 1433 pacis
435 1375 488 1415 et
523 1382 634 1415 non
669 1362 1035 1426 dissensionis»,
1076 1359 1209 1433 quid
1243 1372 1320 1414 est
1355 1359 1504 1432 quod
1540 1359 1706 1412 sancti
1740 1360 1839 1411 viri
1874 1357 2075 1430 Spiritu
2110 1370 2288 1412 sancto
2326 1359 2495 1430 pleni,

257 1445 478 1497 multum
515 1444 581 1497 de
617 1445 951 1498 sacramentis
994 1445 1137 1496 inter
1174 1462 1228 1496 se
1265 1442 1471 1496 diversa
1515 1442 1710 1495 dixisse
1753 1441 2076 1494 videantur?
2111 1442 2244 1493 Nam
2288 1454 2501 1495 sanctus

257 1527 568 1580 Ambrosius
589 1570 601 1593 ,
631 1529 798 1580 lilium
834 1529 1078 1580 ecclesiae
1096 1568 1109 1592 ,
1138 1527 1288 1580 cuius
1324 1525 1577 1578 mellifluo
1614 1543 1706 1578 ore
1741 1525 2000 1577 catholica
2023 1524 2226 1577 redolet
2251 1525 2462 1578 ecclesia
2483 1567 2496 1591 ,

256 1621 310 1662 et
344 1610 576 1682 inclytus
612 1622 812 1681 martyr
846 1611 1143 1682 Cyprianus
1180 1622 1233 1662 et
1267 1608 1483 1673 doctor,
1523 1608 1959 1678 carthaginiensis
1994 1608 2298 1685 episcopus,
2340 1620 2391 1660 et
2414 1610 2502 1661 Pe-

257 1693 422 1763 lagius
457 1712 624 1765 papa,
666 1705 718 1745 et
751 1694 914 1746 totius
949 1693 1136 1745 veteris
1172 1712 1233 1745 ac
1269 1693 1396 1744 novi
1431 1692 1726 1744 testamenti
1762 1690 2078 1743 dilucidator
2114 1692 2500 1762 Hieronymus,

255 1786 310 1827 et
345 1775 435 1828 alii
473 1776 813 1847 quamplures
837 1776 1032 1829 eruditi
1056 1776 1157 1828 viri
1186 1775 1413 1845 religiosi
1437 1773 1717 1826 adfirmant
1737 1816 1749 1839 ‚
1779 1785 2099 1826 sacramenta
2122 1774 2502 1826 haereticorum

259 1869 311 1910 et
347 1859 798 1911 schismaticorum
824 1858 1234 1930 suscipientibus
1266 1877 1378 1910 non
1401 1856 1650 1929 prodesse
1667 1899 1680 1922 ,
1708 1858 1865 1908 immo
1889 1875 2014 1909 vero
2040 1857 2250 1922 obesse3
2280 1867 2332 1909 et
2354 1857 2502 1929 quod

257 1941 410 2011 peius
445 1953 522 1994 est
543 1981 557 2004 ,
598 1960 696 1993 nec
732 1941 839 1993 dici
872 1941 1090 2013 quidem
1114 1941 1307 1994 debere
1331 1952 1671 1994 sacramenta.
1700 1941 1888 1993 Beatus
1912 1959 2038 1992 vero
2062 1940 2387 2011 Augustinus
2410 1940 2504 1993 dif-

258 2025 474 2076 ficilium
511 2025 879 2096 quaestionum
915 2025 1204 2089 enodator,
1246 2037 1568 2078 sacramenta
1601 2044 1699 2096 per
1733 2025 1905 2083 bonos
1930 2036 1981 2076 et
2006 2025 2199 2089 1113105,
2242 2036 2295 2077 et
2330 2024 2503 2077 abhis

259 2109 354 2179 qui
378 2109 522 2160 intus
546 2119 697 2173 sunt,
727 2119 777 2160 et
800 2109 954 2172 fori5‚
984 2108 1097 2161 dari
1122 2128 1274 2180 posse
1299 2121 1352 2161 et
1376 2109 1561 2161 haberi
1585 2120 1805 2161 testatur
1839 2109 1896 2160 in
1931 2108 2102 2178 primo
2134 2108 2272 2160 libro
2309 2107 2376 2160 de
2410 2107 2503 2160 ba-

259 2191 479 2260 ptismo,
526 2202 704 2242 contra
753 2192 1054 2243 Donatistas
1098 2191 1393 2262 disputanS.
1432 2191 1536 2243 Sed
1581 2191 1718 2243 absit
1759 2191 1863 2243 hoc
1898 2209 1927 2242 a
1963 2189 2195 2242 fidelium
2238 2190 2503 2242 mentibus

258 2272 470 2339 credere
489 2313 505 2336 ‚
545 2285 720 2325 tantos
754 2275 894 2326 viros
931 2274 1136 2327 diversa
1172 2275 1408 2327 sensisse.
1448 2275 1581 2326 Nam
1617 2294 1738 2327 cum
1762 2273 2080 2326 admirabilis
2114 2273 2301 2325 doctor
2326 2274 2502 2344 Augu-

242 2357 429 2409 stinus
440 2351 785 2409 &aeramenta
810 2376 838 2408 a
862 2357 1019 2409 bonis
1039 2368 1094 2410 et
1129 2357 1303 2421 maliS,
1334 2368 1387 2409 et
1410 2357 1478 2409 ab
1503 2357 1584 2408 his
1609 2357 1704 2428 qui
1728 2357 1871 2409 intus
1888 2398 1901 2422 ,
1930 2368 1983 2409 et
2006 2356 2134 2408 foris
2152 2397 2164 2419 ,
2194 2368 2317 2408 sunt
2350 2375 2504 2427 posse

259 2438 374 2490 dari
409 2451 460 2491 et
497 2439 680 2491 haberi
716 2451 968 2503 testatur,
1008 2441 1111 2492 hoc
1148 2439 1214 2492 de
1251 2451 1577 2492 sacramento
1613 2451 1851 2505 tantum,
1890 2459 2001 2492 non
2037 2438 2104 2491 de
2140 2439 2331 2491 effectu
2354 2479 2368 2503 ,
2406 2458 2506 2510 pu·-

258 2521 479 2574 tandum
523 2534 599 2574 est
643 2523 857 2575 sensisse
902 2523 1229 2575 sacramenti.
1279 2522 1464 2575 Gratia
1509 2523 1650 2574 enim
1697 2522 1923 2593 Spiritus
1959 2523 2126 2574 sancti
2163 2522 2377 2573 nonnisi
2410 2541 2507 2593 per

259 2605 588 2668 columbam,
617 2606 696 2657 vel
734 2625 831 2676 per
865 2607 999 2659 filios
1035 2606 1340 2671 columbae,
1369 2606 1485 2659 dari
1520 2617 1718 2677 potest.
1758 2606 1903 2657 Nulli
1939 2617 2112 2657 tamen
2149 2616 2501 2672 sacramentO,

261 2699 321 2738 ut
356 2688 603 2752 iteretur,
643 2689 833 2741 iniuria
868 2689 1107 2742 facienda
1142 2700 1238 2742 est.
1277 2688 1380 2742 Sed
1416 2690 1554 2742 sicut
1577 2690 1615 2741 ii
1653 2689 1748 2760 qui
1771 2690 1914 2741 intus
1949 2688 2288 2759 baptizantur
2312 2688 2379 2740 ab
2415 2690 2506 2759 hy-

260 2770 476 2839 pocritis
511 2771 594 2822 vel
630 2770 697 2822 ab
745 2771 914 2822 avaris
950 2782 1003 2823 et
1037 2771 1490 2837 foeneratoribus,
1531 2772 1599 2823 ab
1637 2770 1914 2823 homicidis
1950 2782 2000 2822 et
2041 2789 2071 2822 a
2110 2770 2434 2835 libidinosis,
2474 2789 2505 2822 a

261 2852 700 2923 baptizatoribus,
741 2854 785 2905 si
822 2854 1112 2906 catholicae
1156 2853 1402 2906 ecclesiae
1446 2853 1803 2917 concordant,
1842 2873 1954 2906 non
1989 2854 2312 2905 contrahunt
2346 2853 2507 2905 offen·

263 2953 403 2998 sam3
445 2936 520 2987 510
558 2935 653 3006 qui
698 2936 826 2987 foris
871 2936 1230 3006 baptizantur,
1269 2947 1553 3007 postquam
1597 2937 1885 2988 catholicae
1921 2954 1974 2988 se
2010 2935 2506 3007 conglutinaverunt

262 3018 507 3070 ecclesiae
524 3059 538 3082 ,
566 3036 665 3089 per
690 3037 874 3071 manus
909 3017 1123 3089 quidem
1158 3019 1549 3090 impositionem
1572 3019 1790 3090 gratiam
1823 3019 2118 3090 suscipiunt
2147 3017 2372 3089 Spiritus
2396 3037 2506 3070 san-

262 3102 352 3152 ctii
373 3140 384 3162 ,
425 3112 750 3179 sacramento
787 3101 1031 3172 baptismi
1066 3119 1178 3153 non
1214 3102 1432 3165 iterato,
1471 3119 1572 3154 1100
1606 3101 1782 3173 aliqua
1815 3100 1933 3154 labe
1969 3101 2350 3154 haereticorum
2386 3119 2506 3154 con·

262 3195 535 3235 tanunato.

370 3285 432 3317 2..
457 3265 561 3318 Sed
584 3266 739 3337 longe
775 3267 923 3319 aliter
959 3265 1026 3320 de
1061 3265 1488 3319 ordinationibus
1523 3265 1875 3320 sentiendnm.
1904 3267 2039 3319 Nam
2063 3267 2158 3339 qui
2190 3267 2413 3322 scienter
2436 3267 2504 3320 ab

258 3349 523 3400 haeretico
547 3348 932 3402 ordinationem
956 3349 1184 3420 suscepit
1209 3348 1528 3419 (haereticos
1553 3359 1729 3402 autem
1753 3368 1842 3403 eos
1873 3368 1981 3402 esse
2017 3348 2278 3403 credimus
2315 3350 2409 3422 qui
2446 3351 2504 3402 in

262 3429 612 3482 defendendis
649 3431 754 3488 suis
789 3431 1068 3483 sceleribus
1101 3430 1449 3503 perdurantes
1484 3433 1919 3486 excommunicati
1943 3444 2093 3499 sunt,
2121 3444 2175 3486 et
2196 3451 2378 3486 omnes
2410 3435 2505 3504 qui

263 3515 318 3564 in
355 3512 585 3583 superba
620 3524 795 3566 mente
829 3513 1075 3566 adversus
1111 3513 1416 3567 catholicam
1440 3526 1493 3567 et
1520 3515 1860 3587 apostolicam
1895 3516 2164 3569 ecclesiam
2200 3516 2503 3587 eriguntur)

262 3595 416 3647 talem
440 3595 762 3647 haereticum
787 3615 894 3648 esse
920 3607 970 3648 et
994 3596 1524 3664 excommunicatum,
1551 3598 1684 3650 nulli
1707 3597 1932 3651 dubium
1955 3609 2050 3652 est.
2071 3597 2126 3651 Si
2149 3617 2275 3652 vero
2298 3597 2413 3650 talis
2436 3597 2504 3650 ad

262 3679 518 3728 unitatem
556 3677 810 3730 ecclesiae
825 3717 840 3742 ‚
869 3696 1191 3749 cognoscens
1221 3675 1469 3732 delictum
1505 3698 1689 3747 suum,
1722 3680 2010 3753 aliquando
2042 3679 2285 3744 redierit,
2325 3698 2506 3733 secun-

347 3821 379 3861 1)
405 3818 562 3855 Ponitur
587 3818 647 3856 hic
672 3818 804 3856 titulus
821 3819 861 3856 in
887 3817 1014 3857 codice
1033 3819 1337 3869 quotiescumque
1353 3818 1430 3858 fere
1446 3820 1544 3860 inter
1565 3821 1725 3861 aliorum
1743 3821 1930 3861 doctrinas
1951 3823 2152 3871 interponit
2169 3833 2209 3860 se
2230 3821 2380 3859 Bonizo.
2407 3821 2508 3859 Alibi

263 3886 370 3921 vero,
394 3886 479 3913 cum
507 3878 630 3924 ipsum
659 3877 780 3915 solum
805 3878 969 3916 seriatim
998 3877 1101 3927 loqui
1130 3883 1306 3928 apparet,
1331 3888 1469 3918 nomen
1498 3880 1696 3920 Bonizonis
1722 3885 1886 3930 repetere
1911 3891 2221 3931 supervacaneum
2246 3879 2388 3918 fuisset.

2296 3939 2333 3979 A
