2996 4432
1206 248 1448 281 nomzoms.
2408 234 2426 279 1
2437 233 2466 279 3

198 338 416 411 quando
449 338 831 407 eleemosynam
866 333 1085 396 tribuit,
1122 343 1346 404 propter
1375 331 1645 384 caritatem
1682 332 1836 385 faciat
1870 351 1982 385 non
2020 343 2243 404 propter
2279 332 2467 386 mundi

199 423 450 493 gloriam3
488 433 542 474 et·
571 422 614 472 si
645 438 711 472 ex
745 418 960 471 caritate
1000 417 1090 482 fit,
1130 427 1188 469 ut
1230 415 1472 469 ordinate
1503 414 1624 477 fiat,
1669 427 1730 467 ut
1762 416 1912 487 prius
1944 434 1974 467 a
2008 414 2321 488 domesticis
2343 415 2468 468 fidei

200 506 512 577 incipiatur,
544 515 597 555 et
625 503 701 555 sic
724 512 908 573 postea
942 500 1057 552 aliis
1088 511 1353 570 erogetur.
1386 497 1448 549 In
1474 497 1622 567 vulgi
1646 498 1786 549 enim
1820 498 2146 570 pauperibus
2176 510 2468 551 sustentan-

199 589 284 642 dis
309 590 419 642 sola
445 606 606 640 manu
631 604 768 657 opus
792 596 896 652 est;
927 585 983 636 in
1009 583 1202 636 sanctis
1228 601 1355 635 vero
1380 579 1709 653 pauperibus
1734 599 1895 632 manu
1920 594 1972 633 et
1996 582 2285 634 intellectu.
2312 581 2467 634 Unde

203 671 377 724 David
410 670 567 722 dicit:
604 670 789 720 heatus
824 667 923 739 qui
971 666 1229 737 intelligit
1268 683 1432 736 super
1472 682 1694 735 egenum
1732 675 1782 715 et
1810 683 2125 735 pauperem.
2174 665 2236 716 In
2272 667 2467 718 sanctis

203 773 330 806 vero
368 753 707 823 intelligitur,
735 770 874 823 opus
909 761 987 804 est
1023 761 1085 802 ut
1121 750 1197 802 illi
1232 750 1434 803 tribuat
1469 748 1567 820 qui
1602 747 1868 800 erubescit
1903 748 2172 818 accipere,
2203 760 2254 801 et
2280 748 2466 801 dolens

200 821 423 908 accipit,
453 847 655 888 metens
690 834 999 906 temporalia
1036 845 1088 886 et
1123 834 1389 886 seminans
1425 831 1739 903 spiritualia.
1768 829 1931 897 Quod
1965 830 2202 884 Salvator
2226 833 2283 883 in
2318 851 2468 885 evan·

202 921 339 990 gelio
376 919 498 972 satis
533 930 711 990 aperte
746 917 1074 970 demonstrat
1109 916 1288 969 dicens
1309 917 1514 986 :facite
1538 915 1677 967 vobis
1712 914 1914 966 amicos
1938 913 2002 964 de
2028 933 2343 966 mammona
2368 915 2468 967 ini·

198 1003 429 1074 quitatis
445 1023 468 1065 ,·
498 1013 561 1058 utv
591 1021 715 1054 cum
752 1001 1077 1071 defeceritis,
1122 1000 1388 1072 recipiant
1410 1018 1493 1051 vos
1519 999 1580 1050 in
1605 1008 1823 1050 aeterna
1847 997 2216 1049 tabernacula.
2247 999 2334 1049 An
2359 998 2473 1069 illi,

204 1088 340 1139 inter
376 1104 607 1156 quorum
644 1084 826 1137 sordes
862 1096 916 1137 et
951 1083 1217 1136 inluvies*
1241 1101 1528 1154 corporum
1563 1092 1616 1134 et
1651 1080 1894 1133 sordidos
1930 1099 2137 1151 pannos
2167 1081 2390 1133 ebrietas
2414 1092 2468 1133 et

206 1170 432 1240 flagrans
467 1167 636 1221 libido
675 1168 1005 1230 dominatur,
1046 1167 1305 1237 recipient
1339 1185 1439 1218 nos
1476 1166 1534 1217 in
1578 1176 1792 1218 aeterna
1826 1163 2196 1226 tabernacula,
2237 1164 2332 1234 qui
2367 1182 2468 1215 1100

204 1251 501 1323 praesentia
547 1250 748 1303 habent
789 1250 935 1303 bona
976 1269 1075 1302 1100
1123 1249 1343 1302 futura?
1375 1248 1480 1302 Sed
1525 1260 1578 1302 et
1613 1269 1714 1321 pro
1762 1248 2128 1320 redemptione
2173 1249 2468 1310 animarum

206 1336 306 1388 illis
345 1333 595 1387 donanda
639 1346 716 1386 est
745 1334 1076 1405 eleemosyna
1099 1373 1113 1396 ,
1152 1334 1247 1404 qui
1282 1333 1459 1386 omnia
1490 1351 1583 1386 sua
1616 1352 1718 1403 pro
1756 1331 1952 1384 Christi
1988 1331 2203 1383 nomine
2239 1331 2468 1402 relique·-

204 1431 333 1471 runt
351 1460 365 1484 ‚
403 1430 464 1471 ut
500 1418 667 1470 sancti
697 1429 821 1470 sunt
854 1417 1132 1479 monachi,
1162 1416 1244 1468 vel
1277 1416 1373 1487 qui
1402 1434 1504 1486 pro
1535 1413 1870 1468 defendenda
1903 1415 2100 1467 iustitia
2131 1414 2362 1485 dampna
2387 1433 2467 1467 re-

205 1522 323 1554 rum
350 1501 719 1573 temporalium
748 1501 1010 1553 sustinent
1038 1501 1119 1553 vel
1151 1500 1338 1552 exilia:
1378 1511 1431 1552 et
1467 1500 1563 1571 qui
1588 1498 1954 1552 erubescentes
1992 1510 2205 1569 petere,
2237 1499 2336 1550 viri
2363 1517 2466 1550 mo-

203 1604 323 1636 rum
357 1586 632 1637 honestate
664 1584 952 1654 praeclari,
987 1583 1195 1636 camino
1222 1594 1531 1654 coquuntur
1563 1582 1908 1653 paupertatis
1945 1581 2054 1633 Nec
2083 1600 2116 1633 a
2143 1581 2466 1653 propinquis

203 1669 360 1737 longe
397 1668 510 1721 fieri
542 1667 701 1720 debet
724 1668 1090 1739 eleemosyna3
1133 1667 1227 1738 qui
1257 1667 1399 1719 enim
1431 1665 1559 1718 dicit
1588 1665 1777 1736 diliges
1804 1665 2153 1737 promimum,
2197 1684 2310 1716 non
2346 1682 2468 1717 con-

202 1750 413 1803 tradicit
448 1750 665 1821 diligere
695 1751 1094 1821 proximiorem.
1135 1749 1299 1818 Quod
1322 1751 1366 1802 si
1392 1750 1648 1821 proximis
1683 1768 1796 1802 non
1820 1761 1955 1802 esset
1979 1749 2124 1819 larga
2148 1748 2468 1819 impedenda

207 1834 594 1899 munificentia,
623 1852 966 1905 nequaquam
1002 1833 1262 1887 Dominus
1298 1832 1603 1904 pharisaeos
1636 1844 1898 1896 notasset,
1933 1832 2083 1904 quod
2108 1832 2391 1886 calliditate
2415 1845 2468 1886 et

204 1917 415 1987 palliata
452 1918 678 1978 iustitia,
720 1918 885 1988 patris
922 1929 975 1969 et
1012 1918 1191 1969 matris
1229 1935 1342 1969 11011
1384 1917 1687 1970 miserentes
1733 1917 2008 1971 dicebant:
2052 1936 2254 1970 munus
2299 1919 2467 1989 quod-

201 2019 431 2071 cumque
466 2012 543 2052 est
578 2019 645 2052 ea·
683 2020 800 2064 me,
847 2001 947 2053 tibi
974 2000 1233 2072 proderit.
1272 1999 1375 2053 Sed
1410 2001 1723 2073 parentibus
1768 2011 1821 2053 et
1861 2001 2180 2072 propinquis
2223 2001 2465 2072 primitus

202 2081 455 2136 donanda
491 2095 569 2135 est
604 2084 970 2153 eleemosyna,
1012 2082 1205 2135 deinde
1240 2083 1536 2149 extraneiS,
1574 2084 1646 2137 ita
1681 2083 1954 2136 dumtaxat
1989 2095 2050 2136 ut
2086 2102 2153 2136 ex
2188 2084 2344 2136 bonis
2381 2102 2465 2137 ec·-

203 2166 392 2217 clesiae
428 2176 790 2218 sustententur
824 2164 917 2218 sed
954 2184 1067 2218 non
1103 2164 1358 2218 ditentur.
1417 2198 1419 2200 -

949 2251 1028 2302 De
1064 2248 1272 2302 assidua
1302 2248 1718 2320 praedieatione.

313 2334 399 2384 26.
430 2334 633 2386 Curent
667 2333 829 2403 igitur
853 2333 1087 2405 episcopi
1112 2344 1173 2384 ut
1195 2342 1400 2404 semper
1422 2334 1527 2386 sint
1551 2334 1757 2386 vocales
1776 2375 1788 2398 ,
1817 2345 1878 2386 ut
1901 2333 2150 2387 audiatur
2175 2335 2377 2387 sonitus
2401 2352 2463 2387 ex

208 2417 310 2478 015,
353 2428 407 2469 et
442 2435 554 2468 non
599 2417 915 2469 moriantur.
968 2415 1222 2469 Sacerdos
1263 2417 1403 2469 enim
1441 2417 1496 2469 in
1534 2418 1696 2470 veteri
1741 2429 2051 2470 testamento
2096 2418 2468 2471 tintinnabulis

136 2559 140 2563 .
207 2499 570 2563 ambiebatur,
613 2510 672 2551 ut
709 2499 973 2570 ingressus
1009 2500 1121 2553 eius
1157 2499 1215 2550 in
1251 2499 1505 2571 templum
1540 2511 1720 2572 posset
1756 2500 1967 2564 audiri,
2006 2513 2060 2554 et
2099 2491 2364 2572 regressus
2399 2520 2468 2555 ne

206 2594 522 2635 moreretur.
562 2581 816 2635 Sacerdos
851 2602 978 2636 vero
1016 2580 1316 2652 ingrediens
1351 2583 1608 2654 templum
1644 2596 1698 2636 et
1733 2583 2007 2655 egrediens
2042 2586 2299 2650 moritur,
2333 2570 2469 2638 si'de

207 2684 270 2718 eo
310 2684 471 2717 sonus
507 2665 912 2736 praedicationis
949 2685 1063 2718 non
1100 2665 1331 2718 auditur.
1373 2667 1586 2733 Quanta
1619 2685 1746 2720 vero
1783 2669 2193 2720 comminatione
2219 2669 2292 2720 eis
2315 2687 2469 2739 prae-

208 2748 438 2819 cipitur,
467 2760 528 2801 ut
563 2768 594 2801 a
632 2749 908 2802 clamando
945 2769 1058 2801 non
1094 2748 1375 2813 desistant,
1409 2751 1467 2802 in
1503 2751 1989 2822 Ezechiele-aperte
2023 2750 2339 2803 describitur
2374 2752 2464 2803 ita.

157 2855 169 2861 >
207 2832 325 2884 Fili
361 2829 601 2884 hominis
624 2833 1011 2904 speculatorem
1028 2834 1198 2905 posui
1231 2845 1280 2884 le
1315 2832 1503 2885 domui
1538 2833 1768 2885 Israhel.
1802 2833 1967 2902 Quod
1996 2834 2048 2886 si
2080 2835 2386 2905 speculator
2406 2835 2468 2885 vi-

207 2915 342 2966 derit
373 2915 624 2987 gladium
672 2915 994 2978 venientem,
1041 2927 1091 2967 et
1127 2935 1238 2967 non
1289 2916 1590 2968 insonuerit
1633 2917 1858 2979 bucina,
1903 2928 1953 2968 et
1996 2918 2206 2970 veniens
2247 2917 2468 2990 gladius

209 2999 457 3053 occiderit
494 2998 767 3050 hominem
803 2999 881 3051 vel
917 2999 1254 3061 iumentum,
1290 2999 1398 3070 ipsi
1420 2999 1636 3071 quidem
1674 3001 1733 3052 in
1773 3000 2156 3072 iniquitatibus
2190 3002 2305 3053 suis
2333 3020 2469 3053 mor·

210 3083 295 3133 tui
328 3094 490 3145 sunt,
534 3083 858 3153 sanguinem
894 3094 1075 3134 autem
1112 3082 1175 3133 de
1212 3101 1384 3134 manu
1422 3094 1519 3134 tua
1555 3084 1841 3154 requiram.
1887 3083 2052 3152 Quod
2081 3085 2132 3136 si
2169 3085 2470 3137 insonuerit

211 3166 439 3228 bucina,
485 3177 536 3217 et
572 3166 681 3237 ipsi
714 3166 932 3237 quidem
969 3166 1158 3218 audire
1192 3166 1632 3237 contempserint,
1678 3177 1728 3217 et
1757 3166 1966 3218 veniens
1998 3167 2218 3239 gladius
2262 3168 2470 3237 interfe-

210 3249 337 3299 cerit
371 3267 695 3318 quemquam
731 3268 798 3300 ea·
832 3249 939 3312 eis,
988 3249 1095 3320 ipsi
1129 3248 1342 3322 quidem
1381 3250 1440 3301 in
1488 3249 1872 3320 iniquitatibus
1905 3250 2022 3301 suis
2059 3251 2258 3303 mortui
2301 3263 2460 3314 sunt,

212 3343 271 3381 tu
309 3349 418 3381 vcro
454 3331 704 3382 animam
743 3343 896 3383 tuam
937 3331 1190 3384 liberasti.
1232 3332 1576 3402 Quapropter
1606 3340 1825 3404 oportet
1858 3334 2166 3405 episcopum
2190 3354 2291 3406 pro
2328 3354 2381 3388 se
2419 3347 2471 3388 et

209 3431 308 3483 pro
345 3413 538 3465 ovibus
573 3413 674 3464 sibi
710 3414 998 3466 commissis
1033 3414 1317 3467 sollicitum
1352 3433 1558 3486 semper
1594 3435 1703 3468 0550
1739 3418 1796 3468 111
1833 3418 2063 3488 specula.
2106 3420 2171 3470 Et
2207 3417 2328 3470 ideo
2373 3437 2470 3490 per

210 3496 525 3566 prophetam
561 3496 608 3547 ei
645 3495 868 3549 dicitur:
908 3515 1070 3569 super
1098 3509 1330 3550 montem
1360 3498 1627 3550 excelsum
1657 3499 1882 3551 ascende
1917 3511 1977 3551 tu
2009 3501 2228 3572 quidem
2258 3519 2470 3571 evange-

215 3578 394 3629 lizans
428 3577 566 3630 Sion
582 3598 606 3640 ,·
644 3589 706 3630 ut
741 3579 854 3631 01115
891 3579 996 3638 vita
1032 3580 1100 3632 ab
1137 3580 1251 3632 imis
1286 3592 1642 3652 sequestrata,
1691 3600 1830 3653 quae
1866 3600 2073 3636 sursum
2109 3594 2235 3636 sunt
2269 3583 2466 3653 sapiat,

213 3680 323 3715 11011
362 3679 501 3732 quae
536 3680 698 3733 super
734 3673 957 3729 terram3
998 3663 1124 3734 quia
1148 3664 1301 3718 cuius
1323 3665 1430 3718 vita
1455 3663 1743 3735 despicitur
1759 3706 1773 3731 ,
1802 3677 1964 3719 restat
1987 3678 2046 3720 ut
2070 3677 2123 3719 et
2146 3663 2468 3738 praedicatio

211 3756 636 3816 contempnatur.

323 3846 409 3896 27.
453 3827 681 3900 Oportet
715 3839 890 3884 autem
914 3829 1222 3903 episcopum
1258 3842 1310 3887 et
1341 3830 1549 3886 assidua
1586 3831 1814 3887 lectione
1849 3834 2189 3901 instructum,
2230 3842 2281 3885 et
2304 3831 2466 3903 longo

1115 3944 1135 3958 t

2518 1096 2527 1108 ·
2544 1095 2612 1124 cod.
2636 1095 2793 1133 inqluvies.

2512 1675 2582 1706 cod.
2601 1677 2622 1705 f.
2644 1680 2685 1704 15.
2702 1675 2734 1705 b.
