2944 4426
1158 248 1204 286 ΙΝ
1236 247 1503 280 rnovlzmssu.

201 348 395 379 messem.
422 337 474 380 Et
486 367 498 390 ‚
519 341 663 393 parate
684 335 928 380 alimoniam
949 338 1046 377 ante
1073 338 1295 378 venturam

196 409 285 451 irae
316 407 514 452 hiemem.
547 407 796 464 Symbolum
834 417 937 448 vero
975 409 1075 449 sunt
1111 406 1295 450 choero-

196 480 343 535 gryllii
373 479 559 522 fidelium
588 479 632 520 in
670 466 779 519 vinae
809 481 931 532 petra
960 476 1129 520 Christo
1162 478 1291 521 habi-

195 553 392 594 tantium.
427 551 540 604 Quae
569 553 708 592 autem
739 547 1035 591 intellectualis
1061 549 1293 592 Pharaonis

194 636 373 679 regnum
410 620 615 664 destruxit
655 620 832 662 ecclesia
866 633 917 662 cx
952 621 1150 677 gentibus
1183 634 1291 665 con-

191 695 290 737 ssata
305 726 318 749 ,
345 693 534 736 locustae
552 696 730 746 propter
747 691 970 734 hominum
998 697 1289 748 contemptum

195 769 439 821 comparata
459 794 471 816 ,
503 763 659 806 ducatu
691 764 781 805 eius
810 767 962 806 contra
991 763 1166 806 artificia
1203 764 1293 806 dia-

191 836 281 879 boli
313 834 485 886 militat,
518 838 562 876 et
580 828 903 890 ‚Aegyptiorum
932 825 1102 877 labores
1133 834 1287 878 difflat.

193 905 309 948 Idem
328 917 432 946 vero
451 917 501 946 ex
517 904 696 947 ethnicis
714 904 901 959 populus
917 935 928 957 ,
952 918 1058 948 voce
1078 906 1263 950 absonus
1275 938 1287 960 ,

190 976 321 1019 veluti
340 976 478 1018 stellio
497 1008 509 1030 ,
527 975 571 1018 id
588 980 652 1018 est
672 981 854 1019 mentem
868 977 1091 1021 confusam
1114 990 1286 1033 gerenS,

188 1048 420 1092 barbarum
455 1048 613 1092 idioma
649 1049 861 1106 loquenS,
896 1053 995 1106 quia
1030 1056 1170 1094 tamen
1199 1052 1288 1094 vir-

186 1121 352 1164 tutibus
389 1121 612 1176 innititur,
642 1123 688 1164 in
716 1123 927 1166 caelorum
956 1136 1088 1179 regno
1124 1124 1287 1167 incola—

189 1197 280 1233 tum
313 1190 490 1233 tenebit.

247 1261 421 1317 Absque
451 1275 551 1317 rege
571 1267 634 1306 est
652 1263 843 1316 locusta3
868 1277 963 1307 nam
985 1278 1038 1307 ne
1058 1265 1164 1308 haec
1187 1267 1286 1320 qui-

189 1332 314 1384 dem,
349 1346 484 1388 aeque
512 1338 640 1389 atque
670 1347 798 1389 apes,
831 1335 982 1377 ducem
1021 1336 1177 1389 habct3
1213 1336 1289 1379 sed

187 1411 468 1458 unaquaeque
508 1404 590 1445 sibi
627 1404 738 1447 dux:
772 1406 874 1459 quia
912 1411 1084 1460 sponte‘
1107 1409 1287 1462 quisque

186 1487 265 1517 sua
284 1480 532 1530 moventur,
557 1477 629 1530 qui
651 1489 780 1530 supra
799 1481 960 1519 terrena
979 1491 1022 1520 se
1040 1479 1288 1523 extollentes

190 1545 246 1587 ad
275 1546 541 1600 propositam
571 1547 651 1587 iter
680 1546 839 1589 faciunt
867 1547 1016 1589 vitam.

249 1618 355 1660 Cum
383 1617 548 1659 accedis
578 1617 632 1660 ad
670 1617 870 1661 virtutem
909 1620 1074 1675 Deique
1103 1622 1287 1676 agnitio-

189 1700 311 1740 nem,
348 1687 608 1742 isagogicum
650 1690 937 1743 magisterium
968 1703 1140 1746 quaere.
1181 1694 1286 1735 Nam

188 1763 415 1814 postquam
444 1759 555 1801 lacte
578 1764 750 1814 potatus
768 1761 899 1804 fueris
914 1793 926 1814 ,
950 1762 1079 1818 idque
1099 1765 1200 1805 satis
1219 1764 1285 1806 di-

188 1831 399 1883 gesseris,
433 1830 514 1872 erit
542 1830 622 1872 tibi
653 1831 773 1874 cibus
802 1832 979 1875 solidus.
1013 1834 1083 1875 Sin
1102 1834 1287 1877 elemen-

186 1901 242 1942 tis
264 1901 451 1954 omissis,
475 1901 530 1943 ad
551 1901 805 1956 perfectiora
824 1903 1032 1946 violenter
1051 1904 1280 1960 irruperis,

187 1971 352 2014 animae
380 1976 562 2014 mortem
593 1986 673 2028 pro
705 1986 797 2015 esca
825 1974 1025 2018 invenies.

245 2041 391 2096 Scito,
423 2043 561 2098 inquit
577 2074 590 2097 ‚
623 2044 742 2099 quod
761 2046 835 2100 qui
856 2048 1082 2090 committit
1104 2021 1285 2103 gloriam

184 2113 317 2155 stulto
331 2145 343 2168 ,
367 2114 677 2171 principatum,
699 2122 772 2160 aut
794 2117 1055 2173 dynastiam,
1082 2120 1198 2163 idem
1219 2122 1285 2164 fa·-

185 2183 246 2225 cit
272 2184 311 2226 ei
341 2185 415 2239 qui
445 2185 583 2239 ligans
609 2187 654 2228 in
675 2187 806 2230 funda
835 2189 1020 2244 lapidem
1038 2221 1051 2244 ,
1085 2195 1127 2233 et
1152 2193 1196 2234 in
1217 2193 1282 2235 al-

183 2258 278 2297 tum
293 2254 476 2310 iactans,
496 2256 578 2298 sibi
604 2261 647 2300 01
666 2258 758 2301 01115
779 2259 857 2301 1100
877 2272 983 2302 vana
1001 2263 1282 2306 ostentatione

112 2325 119 2331 ”
184 2325 294 2369 male
321 2326 440 2370 facit.
554 2370 557 2373 .

243 2397 516 2442 Frauduleuti
546 2399 909 2445 heterodoxorum
939 2417 1153 2448 sermones
1182 2420 1281 2450 sua·
1335 2439 1338 2442 Δ

183 2468 299 2510 soria
328 2470 370 2511 vi
400 2475 623 2525 penetrant
650 2472 695 2514 111
716 2473 1020 2528 simpliciorum
1043 2477 1216 2519 animas.

243 2539 382 2594 Rogat
408 2554 488 2583 1105
512 2543 682 2585 Satanas
703 2543 833 2586 modo
853 2545 1280 2602 impuriscogitatio-

185 2608 310 2652 nibus
339 2624 418 2654 1105
447 2613 644 2667 titillans,
678 2619 721 2656 et
750 2616 982 2671 voluptatis
1011 2619 1189 2662 mollitie
1212 2626 1280 2663 at-

184 2679 381 2722 trahens:
402 2682 532 2725 modo
550 2684 677 2727 etiam
697 2686 960 2729 articulatam
981 2689 1016 2730 si
1033 2690 1170 2732 victus
1186 2690 1279 2733 fue-

185 2751 242 2791 rit
262 2762 411 2793 vocem
437 2754 652 2797 emittens:
676 2756 747 2798 cui
764 2757 1042 2800 resistendum
1066 2765 1130 2804 est
1145 2791 1157 2814 ,
1180 2761 1277 2805 bel-

182 2820 272 2863 lum
287 2822 542 2877 inexpiabile
570 2831 717 2870 eontra
745 2840 824 2870 nos
854 2828 1045 2873 habenti.

247 2893 396 2935 Anima
424 2894 583 2937 munda
601 2926 614 2948 ‚
639 2896 806 2941 divinac
826 2900 1025 2943 scientiae
1041 2902 1274 2959 confidens,

183 2967 260 3005 aut
285 2975 332 3005 ea
362 2963 505 3006 fruens
520 2997 533 3019 ,
567 2971 756 3017 externas
776 2970 936 3013 litteras
955 2985 1043 3014 non
1061 2978 1110 3015 ut
1131 2975 1278 3018 alimo-

183 3033 297 3076 niam
314 3035 390 3077 sed
409 3040 458 3077 ut
476 3035 650 3079 bellaria
666 3040 808 3082 sumit.
826 3041 999 3096 Impura
1021 3048 1162 3086 autem
1187 3047 1277 3087 ani-

182 3115 250 3146 ma
263 3135 274 3156 ,
295 3105 445 3148 falsam
469 3108 594 3148 etiam
614 3109 829 3152 scientiam
844 3141 856 3164 ,
885 3125 1029 3156 veram
1052 3115 1273 3159 existimat.

241 3177 513 3231 Hypocrisim
544 3180 654 3235 eius,
683 3181 758 3235 qui
781 3182 824 3223 111
852 3182 1108 3229 indumentis
1131 3190 1276 3231 ovium

181 3244 309 3299 lupus
347 3251 409 3289 est
426 3280 440 3302 ,
478 3250 756 3304 reprehende.
797 3253 903 3294 Nam
946 3259 1286 3302 contumeliosus·

177 3314 381 3358 adversus
398 3319 644 3374 veritatem,
666 3321 806 3364 alienis
826 3323 979 3366 ovibus
999 3331 1140 3368 nocet.
1169 3330 1271 3383 Vel,

179 3387 377 3441 reliquias
399 3389 601 3433 virtutum
621 3405 672 3436 00
692 3394 886 3436 scientiae
905 3394 991 3438 ab
979 3396 1031 3438 115
1050 3397 1172 3452 10110,
1199 3402 1274 3455 qui

181 3457 291 3500 male
321 3458 480 3502 eisdem
509 3454 702 3507 utuntur.

239 3529 321 3582 Qui
350 3537 572 3585 peccatum
603 3547 727 3578 suum
761 3537 868 3580 celat
883 3569 895 3591 ,
928 3551 1014 3580 non
1042 3543 1091 3581 nt
1120 3542 1273 3595 poeni-

179 3604 287 3654 teat,
316 3601 391 3644 sed
420 3607 467 3644 ut
491 3603 597 3646 clam
615 3612 814 3662 peragat,
834 3609 905 3652 hic
926 3610 1043 3652 bono
1061 3624 1148 3654 non
1173 3617 1272 3655 ute-

179 3675 252 3713 tur
274 3683 494 3727 successu,
522 3674 598 3717 sed
627 3677 736 3719 male
763 3691 928 3735 semper
963 3681 1093 3722 vitam
1126 3681 1268 3736 deget.

182 3743 238 3783 At
265 3741 337 3784 ille
368 3744 442 3798 qui
469 3744 522 3787 ad
547 3748 850 3800 poenitentiam
881 3751 1270 3808 confessionemque

181 3814 370 3866 venerit,
402 3815 734 3860 misericordiam
764 3827 1059 3877 consequetur.

262 3881 290 3921 1)
311 3882 539 3918 Animadverte
559 3886 781 3921 testimonium
802 3898 861 3931 pro
881 3894 1088 3933 peccatorum
1108 3893 1318 3928 confessione.

2394 240 2463 286 79

1363 355 1436 421 ραι
1461 356 1558 401 προς
1590 333 1784 402 θερισμόν.
1815 359 1882 387 και
1919 335 2184 400 ἑτοιμάζεσθε
2222 359 2291 391 την
2322 338 2466 407 τροφὴν

1366 425 1437 470 προ
1471 408 1540 456 τοῦ
1562 403 1778 470 μέλλοντος
1806 411 1877 462 τῆς
1903 411 2014 475 ὀργῆς
2039 412 2107 457 τοῦ
2131 413 2339 496 χειμῶνος·
2365 435 2468 475 συμ-

1363 478 1411 535 βο
1396 480 1478 524 ολον
1503 473 1545 526 δε
1569 475 1601 525 οῗ
1628 475 1926 563 χοιρογρνλλιοιΝ
1929 499 2004 527 των
2034 478 2308 530 κατοικούντων
2340 485 2464 539 πιςῶν

1363 546 1406 594 ἐν
1431 569 1479 612 τῃ
1502 549 1573 601 ric
1598 551 1702 603 cmm
1726 569 1850 615 πετρᾳ
1874 551 1929 612 τῷ
1959 551 2133 614 Χριστῷ·
2165 553 2190 601 ἦ
2213 549 2256 599 δὲ
2288 573 2361 604 την
2392 557 2463 603 τοῦ

1363 620 1499 669 νοῃτοῧ
1527 616 1673 685 Φαραω
1702 616 1949 670 ἀθετῆσασα
1979 617 2215 679 βασιλειαν,
2255 622 2299 677 ἐξ
2337 625 2462 672 ἐθνων

1366 685 1574 747 ἑκκλησιά,
1599 687 1723 755 ἀκρῖδι
1757 685 1823 737 διὰ
1855 687 1898 738 to*
1925 687 2019 756 πρὸς
2045 691 2120 738 τῶν
2146 689 2367 778 ἀνὲρῶωων
2391 692 2463 756 μὲν

1363 762 1709 846 καταφρονεῖσθαι
1733 757 2097 826 παραβαλλομένη,
2126 763 2180 823 τῷ
2195 765 2313 811 αὐτου
2331 764 2462 812 κελευ-

1364 850 1487 891 σμᾳτι
1507 826 1613 880 κατὰ
1630 850 1705 879 των
1722 833 1923 894 μεθοδειῶν
1945 851 2147 897 στρατευει
2169 834 2236 878 τοῦ
2257 832 2462 894 διαβόλου,

1361 920 1428 947 και
1452 922 1541 954 τους
1566 903 1640 949 τῶν
1665 900 1899 967 Αἱγυστιων
1919 898 2098 968 ἀφανίζει
2118 898 2273 957 πόνους·
2296 905 2316 951 o‘
2343 902 2462 960 αὐτος

1362 968 1404 1017 δὲ
1424 972 1466 1025 ἐξ
1485 970 1602 1019 ἐθνῶν
1627 970 1725 1027 λαος
1746 992 1870 1039 φωνην
1889 993 2059 1034 ασημον,
2078 973 2207 1038 ὥσπερ
2230 972 2466 1035 ἀσκαλαβω-

1363 1061 1456 1101 της,
1476 1062 1654 1092 τουτεστι
1680 1039 1969 1111 συγκεχυμένην
2002 1039 2158 1102 νόησιν,
2191 1065 2258 1092 και
2290 1042 2465 1129 ἄγροικον

1362 1108 1455 1177 λόγο
1459 1130 1480 1160 ν
1503 1108 1748 1177 προιέμενος,
1776 1115 1875 1162 ὅταν
1893 1115 2040 1180 ἀρετῶν
2059 1111 2244 1201 πράξεσιν
2265 1112 2466 1182 ἐπερειδε-

1362 1204 1441 1239 τοιι,
1455 1186 1492 1231 ἐν
1511 1205 1558 1249 τῃ
1578 1204 1653 1232 των
1667 1187 1832 1251 οὐρανων
1846 1185 2037 1245 βασιλεία
2053 1183 2122 1235 τῆν
2138 1183 2284 1236 οἴκησιν
2301 1183 2463 1249 σχήσει.

1429 1251 1759 1316 Assamevreg‘
1735 1278 1761 1307 n
1783 1253 1908 1319 ἀκρις·
1936 1256 1978 1302 οὐ
2001 1277 2077 1321 γαρ
2100 1255 2237 1318 ἔχουσι
2256 1278 2322 1305 τον
2346 1278 2417 1320 ηγο
2400 1280 2462 1305 ν-

1360 1344 1472 1385 μενον
1505 1326 1555 1379 ὡς
1587 1325 1631 1374 αἶ
1663 1324 1871 1388 μέλιτται,
1905 1326 1992 1387 αλλ’
2026 1323 2167 1378 εκάστη
2201 1328 2324 1394 ἑαυτῇ
2353 1328 2461 1413 nyen-

1360 1415 1441 1444 ται·
1475 1418 1568 1461 προς
1599 1395 1643 1446 τό
1677 1394 1916 1486 ἀσυμφωνως
1948 1401 2146 1445 κινεισθαι
2177 1400 2210 1446 οἶ
2244 1395 2460 1464 προαιρέσει

1358 1466 1599 1533 κουφιζομενο
1603 1491 1614 1514 ι
1662 1472 1735 1516 τῶν
1779 1463 1920 1532 ynam->v
1941 1506 1954 1525 ,
2001 1489 2067 1516 και
2115 1469 2170 1523 εἷς
2213 1467 2461 1534 τεταγμένην

1358 1535 1467 1585 οδεύο
1454 1559 1558 1593 οντες
1591 1558 1661 1590 την
1694 1536 1808 1593 ζωτῖν.

1429 1606 1755 1697 Προσερχομενος
1789 1611 1908 1675 αρετῇ
1937 1632 2004 1657 και
2034 1630 2173 1674 γνωσει
2194 1644 2209 1668 ,
2243 1631 2310 1658 τον
2344 1612 2459 1660 εἱσα-

1359 1701 1497 1743 γωγικο
1480 1698 1520 1726 ν
1554 1678 1662 1734 ζήτεί
1695 1680 1824 1746 λε’γον·
1863 1704 1910 1731 πο
1913 1677 2002 1734 ἓεις
2031 1677 2109 1748 γὰρ
2141 1702 2192 1734 ως
2223 1678 2355 1765 γάλα,
2395 1704 2459 1729 και

1359 1748 1535 1815 meo-&erg
1557 1788 1570 1807 .,
1612 1749 1728 1800 ἐ’σται
1774 1773 1832 1800 σοι
1879 1772 2018 1818 στερεα
2054 1748 2290 1815 spec-13⁸3&
2327 1749 2370 1799 δὲ
2409 1773 2462 1800 τα

1360 1819 1591 1884 στοιχειωόη
1623 1819 1798 1888 ὖπερβοις
1830 1844 1912 1876 τοις
1936 1817 2104 1871 τελειοτὲ
2086 1843 2183 1887 οροις
2208 1819 2460 1888 προσβιάσῃ,

1358 1891 1514 1940 θάνατε
1500 1914 1538 1940 ον
1571 1896 1706 1956 ψυχῆς
1738 1889 1828 1941 ἀντι
1862 1914 2008 1959 τροφης
2042 1889 2232 1990 εὑρήσεις.

1429 2033 1480 2083 Γ
1470 2057 1606 2084 ινωσνε
1645 2056 1722 2100 γαρ
1758 2054 1870 2101 φησιν
1915 2056 1976 2082 οτι
2013 2036 2033 2083 o‘
2072 2031 2295 2100 ἓγχειριζων
2343 2031 2461 2090 δοξαν

1357 2105 1518 2173 ἄφρονι,
1552 2103 1678 2170 ἀρχὴν
1707 2129 1775 2154 και
1815 2103 2087 2164 ὃνναστειαν,
2121 2102 2252 2167 ομοιός
2285 2106 2370 2154 ἐστι
2407 2109 2464 2169 τῷ

1356 2176 1601 2241 ἀποόεσμευο
1603 2199 1664 2226 ντι
1696 2173 1790 2225 λιθο
1777 2198 1814 2224 ν
1840 2177 1878 2223 ἐν
1903 2174 2120 2242 σφενδονῃ,
2152 2198 2251 2225 αυτο
2257 2197 2275 2223 ν
2302 2197 2344 2224 τε
2376 2197 2463 2223 κου-

1356 2245 1501 2314 φίζων,
1535 2247 1600 2296 καὶ
1635 2244 1787 2314 ἑτέρους
1819 2247 1864 2295 δι’
1895 2249 2017 2296 αὐτοῦ
2046 2252 2257 2296 κακοποιῶν
2291 2249 2340 2311 τῇ
2373 2245 2461 2296 τού-

1356 2340 1431 2368 των
1464 2317 1690 2381 ἀλαζονείᾳ.

2503 1260 2533 1283 v.
2556 1259 2598 1285 17.

2503 1290 2539 1320 Α.
2560 1291 2580 1320 s.
2604 1295 2661 1321 114.
2681 1300 2710 1322 a.

2499 1613 2593 1641 v..32

2501 1648 2709 1677 Α.Ι..ΙΠ.Ί.

2503 2036 2578 2100 ἓίᾞῑ
2597 2037 2706 2102 ἑξνέ·
2725 2043 2752 2066 ⁸·

1425 2392 1480 2439 Οἷ
1500 2389 1697 2442 &nar-ak*
1688 2415 1699 2438 ι
1720 2392 1793 2438 τῶν
1816 2387 2041 2458 ετεροόὄξων
2064 2386 2173 2455 λὸγοι
2193 2384 2259 2437 δια
2276 2385 2456 2438 πειθανο-
2521 2413 2528 2421 ·
2586 2414 2593 2421 ·
2632 2432 2657 2456 ,ὑ

1350 2483 1443 2515 ητος
1468 2457 1704 2511 εἷσόυνονσιν
1735 2482 1789 2515 εις
1814 2482 1885 2514 τας
1909 2463 1985 2510 τῶν
2006 2456 2272 2525 αφελεστὲρων
2304 2458 2453 2523 ψυχάς.

1424 2529 1568 2580 Δὲεται
1604 2533 1710 2594 ἦμῶν
1749 2533 1768 2579 ὅ
1806 2534 1989 2586 σατανᾶς
2196 2528 2206 2545 ⁸

1354 2596 1593 2668 ακαὲαρτων
1632 2605 1830 2668 λογισμῶν
1867 2598 2122 2668 γαργαλιζων
2157 2600 2261 2663 ἧμας
2296 2623 2364 2648 και
2403 2604 2458 2665 τῷ

1351 2671 1443 2733 λειῳ
1476 2695 1546 2728 της
1578 2672 1657 2724 ἦδε
1648 2695 1718 2729 νης
1745 2671 2025 2735 ἔπισπωμενος·
2053 2692 2148 2722 ποτε
2173 2669 2211 2720 δε
2238 2694 2306 2719 και
2297 2693 2457 2750 φωνην

2027 2552 2123 2580 ’τοτε
2160 2551 2232 2593 μεν
2278 2526 2346 2578 δια
2382 2534 2455 2579 τῶν
2510 2541 2526 2562 ’·

1350 2743 1470 2798 οὕτως
1495 2743 1707 2811 ἔναρθρον,
1733 2743 1780 2798 ὧς
1803 2740 2002 2796 nttnSecg
2027 2738 2265 2808 προιέμενος·
2291 2738 2323 2805 ᾡ
2345 2744 2455 2792 ἀντι·
2499 2807 2501 2809 ¹

1352 2835 1521 2863 στατεον
1547 2814 1718 2864 ἄσπονόο
1703 2836 1739 2862 ν
1763 2835 1830 2863 τον
1856 2835 1952 2880 προς
1976 2812 2085 2875 τιμᾶς
2109 2811 2241 2875 ἔχοντι
2267 2792 2451 2876 π’ἒλεμον.

1420 2881 1546 2947 Ψυχη
1577 2883 1784 2970 καθαρα,
1789 2881 1910 2937 ἓειας
1942 2882 2119 2947 γνώσεως
2154 2886 2451 2945 κατατολμωσα

1346 2977 1371 3006 n
1385 2957 1704 3041 κατατρυφῶσα,
1721 2977 1810 3008 τους
1832 2975 1906 3003 των
1926 2953 2000 3009 ἔξω
2020 2951 2175 3018 λόγους,
2198 2976 2272 3016 ουχ
2292 2952 2342 3007 ὦς
2345 2976 2448 3039 τρο-

1348 3047 1443 3091 φῆν,
1465 3027 1555 3073 ἀλλ’
1578 3027 1629 3078 ὦς
1656 3046 1870 3091 χαριεντας
1893 3046 2007 3085 μονον
2032 3044 2250 3090 προσιεται·
2280 3020 2451 3090 ἀκαθαρ-

1349 3118 1415 3150 τος
1435 3093 1498 3151 δὲ,
1517 3118 1586 3143 και
1605 3092 1677 3146 τῆν
1698 3092 1943 3158 ψευδωνυμον
1962 3098 2104 3159 γνῶσιν
2125 3095 2252 3145 alne-71
2282 3092 2442 3178 νομιιζει.

1415 3163 1650 3231 ςΨποκρισιν
1678 3188 1756 3216 του
1786 3168 1824 3213 ἐν
1863 3162 2051 3227 ἑνόνμασι
2089 3185 2159 3229 προ
2143 3163 2294 3224 βατων
2331 3163 2445 3215 λυκου

1347 3235 1508 3300 ἔλεγχε·
1544 3233 1732 3301 ὖβριστης
1764 3233 1842 3302 γὰρ
1871 3256 1920 3284 ων
1954 3239 2026 3290 τῆς
2051 3233 2248 3291 ἀληθείας
2231 3273 2271 3294 ,
2298 3256 2351 3284 τα
2373 3239 2446 3285 αλ-

1346 3303 1481 3373 λότρια
1513 3303 1750 3369 λυμαίνεται
1788 3302 1998 3374 ωροβατα·
2033 3328 2058 3358 η
2099 3328 2152 3356 τα
2190 3328 2263 3354 των
2299 3309 2446 3372 ἀρετων

1344 3375 1549 3440 λειψανα,
1587 3400 1653 3427 και
1691 3380 1763 3432 τῆς
1798 3376 1973 3442 γνώσεως
2021 3399 2093 3427 των
2138 3380 2266 3431 κακῶς
2310 3381 2446 3434 αὐτοις

1345 3445 1553 3512 χρωμένων
1585 3447 1783 3511 λάμβανε.

1412 3520 1464 3567 Ὁ
1497 3539 1674 3583 κρυπτων
1708 3538 1779 3570 την
1813 3517 1953 3566 ἑαυτοῦ
1982 3515 2184 3583 ἇμαρτιαν
2216 3519 2281 3567 οὐκ
2306 3517 2407 3569 ἐπι
2391 3522 2445 3583 τῷ

1343 3591 1623 3652 μεταγνῶναι,
1656 3590 1747 3636 ἀλλ’
1779 3585 1844 3638 ἐπι
1871 3592 1925 3653 τῷ
1949 3586 2207 3638 λανθανοντα
2232 3611 2439 3656 πραττειν,

1343 3663 1454 3711 οὕτος
1487 3681 1553 3707 ουκ
1583 3681 1645 3707 ev:
1649 3656 1876 3711 ὂωΞησεται
1903 3697 1917 3719 ,
1950 3661 2042 3708 ἀλλ
2074 3655 2135 3708 ἀει
2174 3682 2293 3715 κακως
2329 3657 2442 3708 odev-

1341 3748 1399 3776 σει
1439 3750 1506 3776 τον
1551 3726 1653 3788 βιον·
1691 3731 1709 3776 o‘
1758 3726 1802 3778 δε
1848 3751 1905 3785 εις
1947 3727 2194 3796 μετάγνωσιν
2233 3728 2441 3795 ἐρχόμενος

1338 3798 1404 3845 καὶ
1437 3797 1778 3866 ἐξομολογούμενος
1813 3797 2240 3869 1)οἷκτειρη3ήσετοιι.

2485 3526 2558 3563 cap
2568 3526 2762 3555 xxv1n.13.

2485 3563 2520 3591 A
2543 3563 2641 3591 [.131.
2655 3561 2685 3590 b.

2847 3560 2864 3586 N
