2996 4432
0 2532 12 2587 i.

1260 247 1502 290 Boiuzoms.
2466 241 2531 288 75

256 349 593 404 ordinatione
629 346 853 407 donata,
895 343 1125 415 qualiter
1162 342 1228 395 ab
1263 342 1523 395 omnibus
1547 340 1739 394 debeat
1774 341 2029 395 honorari
2058 342 2136 393 vel
2166 340 2404 393 venerari
2423 382 2436 406 ‚
2475 351 2530 394 et

259 453 290 485 a
320 433 520 505 quibus
557 429 838 500 sumpserit
869 426 1177 490 exordium,
1219 437 1271 479 et
1315 424 1449 497 quid
1484 425 1654 476 sancti
1691 436 1869 495 patres
1906 424 2168 495 privilegii
2206 424 2293 490 vel*
2314 423 2556 495 dignita-A

261 517 326 568 tis
363 515 575 586 regibus
612 509 994 566 conferendum
1026 509 1375 562 decreverint.
1417 508 1484 559 Et
1519 506 1587 559 de
1623 507 1919 571 iudicibuS,
1962 520 2013 560 et
2051 507 2118 560 de
2152 508 2441 571 militibus,
2478 520 2529 560 et

261 597 412 669 quod
445 597 512 650 ad
543 592 966 666 comprimendos
1004 593 1254 656 rebelles,
1308 598 1492 645 eorum
1537 591 1692 643 nobis
1735 590 1816 642 sit‘
1850 592 2105 642 auxilium
2151 590 2524 662 expetendum.

261 682 328 732 Et
361 679 510 751 quod
549 677 902 749 periculosum
948 677 1014 728 sit
1049 677 1294 728 mulieres
1334 674 1556 727 ducatus
1593 675 1673 726 vel
1715 673 1979 726 iudicatus
2017 686 2197 726 tenere
2233 674 2550 744 populosve,

263 780 459 834 regere.
501 762 634 827 Quis
661 763 792 813 haec
829 761 1026 832 poterit
1061 760 1294 812 breviter
1330 759 1411 811 vel
1449 756 1826 834 compendiose
1873 757 2264 828 perstringere?
2303 759 2379 808 De
2416 758 2528 828 ple-

264 846 345 898 bis
381 864 508 897 vero
555 844 848 907 divisione,
903 842 1050 915 quod
1101 843 1188 894 alii
1235 854 1360 895 sunt
1405 842 1660 907 artifices,
1710 841 1797 893 alii
1846 842 2227 910 negotiatores,
2274 841 2360 892 alii
2405 860 2531 894 vero

267 928 544 998 agricolae.
598 929 664 979 Et
705 926 771 979 de
821 925 1036 979 decimis
1086 924 1295 978 dandiS.
1350 927 1416 977 Et
1457 926 1684 997 qualiter
1731 925 1896 994 legale
1946 925 2251 995 coniugium
2302 925 2533 978 celebra-

263 1011 310 1062 ri
347 1010 568 1072 debeat,
621 1023 673 1063 et
714 1009 863 1081 quod
910 1010 976 1061 sit
1020 1010 1183 1080 legale
1221 1010 1544 1080 coniugium.
1585 1010 1650 1060 Et
1681 1007 1926 1079 ‘qualiter
1975 1006 2259 1058 christiano
2305 1007 2403 1058 sub
2453 1003 2559 1059 sa-'

265 1093 541 1150 cerdotum
575 1093 878 1146 obedientia
921 1094 1031 1146 sine
1069 1093 1283 1164 querela
1318 1094 1498 1144 vivere
1535 1103 1797 1163 oporteat.
1846 1091 1913 1142 Et
1958 1089 2024 1142 de
2061 1101 2260 1161 septem
2300 1091 2534 1142 crimina-

265 1177 395 1228 lium
435 1188 771 1247 peccatorum
806 1177 1157 1247 paenitentia,
1195 1187 1248 1228 et
1283 1176 1512 1247 qualiter
1547 1195 1577 1227 a
1614 1176 1808 1227 sanctis
1844 1175 2086 1244 patribus
2125 1172 2191 1224 de
2224 1173 2418 1224 talibus
2454 1174 2534 1224 iu-

266 1260 494 1312 dicatum
531 1261 612 1312 sit.
654 1262 721 1312 Et
759 1259 824 1312 de
862 1261 1151 1312 multorum
1187 1252 1411 1311 aliorum
1455 1259 1734 1310 criminum
1783 1258 2135 1328 paenitentia,
2189 1268 2241 1307 et
2290 1255 2421 1327 quid
2467 1256 2535 1307 sit

266 1345 612 1415 paenitentia,
648 1356 700 1396 et
739 1342 967 1414 qualiter
1001 1344 1257 1395 veraciter
1293 1343 1376 1413 agi
1414 1341 1620 1395 debeat.
1664 1342 1729 1392 Et
1765 1341 1830 1393 de
1867 1340 2063 1392 iudicio
2090 1339 2459 1391 ordinatorum
2492 1341 2535 1392 si

266 1420 636 1498 peccaverint,
673 1428 794 1499 quis
832 1447 1086 1498 umquam
1121 1428 1269 1479 brevi
1304 1439 1481 1498 potest
1518 1427 1784 1498 explicare
1822 1424 2099 1477 sermone?
2439 1414 2476 1441 ”’

383 1511 498 1562 161.
540 1510 787 1562 Ceterum
823 1521 1007 1580 pectus
1045 1522 1197 1561 tuum
1246 1529 1511 1562 sacrarum
1558 1509 1839 1561 armarium
1878 1508 2292 1578 seripturarum,
2344 1526 2409 1585 ex
2454 1507 2536 1557 his

270 1611 409 1665 quae
447 1594 641 1664 scripta
667 1595 755 1645 hic
788 1594 1082 1655 invenerit,
1125 1594 1321 1645 sollerti
1357 1594 1552 1665 poterit
1589 1591 1986 1664 deprehendere
2024 1591 2267 1661 ingeniO,
2310 1590 2537 1661 qualiter

270 1677 336 1729 de
374 1676 640 1728 similibus
667 1676 857 1728 debeat
892 1676 1145 1728 iudicare.
1187 1677 1272 1728 Tu
1300 1696 1427 1728 vero
1460 1678 1502 1729 si
1535 1675 1668 1748 quid
1703 1675 2107 1745 incompositum
2130 1714 2142 1735 ,
2185 1678 2228 1727 si
2266 1674 2396 1745 quid
2443 1674 2536 1724 mi-

269 1779 372 1811 nus
408 1761 730 1812 conveniens
754 1760 1047 1823 inveneris,
1077 1760 1228 1811 amici
1253 1761 1482 1812 nominis
1509 1761 1688 1812 favore
1721 1758 1975 1811 defende:
2008 1777 2105 1810 nec
2135 1757 2266 1828 quid
2299 1757 2497 1809 dictum
2517 1798 2530 1819 ,

269 1842 360 1895 sed
386 1862 449 1895 ex
477 1855 677 1914 quanta
703 1843 928 1914 prodeat
955 1844 1171 1895 caritate
1187 1883 1202 1906 ,
1232 1862 1478 1915 repensa3
1509 1856 1560 1895 et
1585 1844 1965 1903 aemulatorum
1990 1843 2266 1894 latratibus
2289 1843 2534 1913 clypeum

269 1928 570 1979 orationum
608 1946 852 1999 oppone,
894 1946 1087 1978 canens
1125 1946 1246 1978 cum
1281 1929 1608 1997 propheta*:
1650 1928 1888 1980 Domine
1928 1927 2089 1978 libera
2124 1928 2372 1978 animam
2409 1927 2538 1977 servi

274 2011 357 2062 tui
384 2031 419 2062 α
460 2011 619 2062 labiis
656 2010 862 2081 iniquis
890 2022 940 2061 et
973 2030 1007 2061 a
1048 2011 1239 2081 lingua
1276 2010 1480 2063 dolosa.

1273 2156 1505 2190 EXPLICIT
1514 2176 1525 2189 ι

1082 2285 1636 2364 E'PIMETRON
1694 2322 1732 2364 I.

385 2424 437 2464 In
467 2424 596 2463 codiee
618 2426 800 2464 vaticano
822 2426 1114 2477 antiquissimo,
1142 2437 1259 2477 quem
1280 2426 1466 2466 haetenus
1487 2439 1512 2466 a
1535 2429 1688 2466 nemine
1710 2426 1948 2478 descriptum
1978 2430 2094 2478 puto,
2123 2427 2298 2478 leqeham
2329 2437 2426 2477 opus
2447 2438 2547 2467 ano-

269 2507 454 2548 nymum,
476 2500 517 2536 et
525 2495 699 2546 sortasse
711 2497 972 2547 ineoqnitum,
994 2496 1044 2536 de
1069 2499 1157 2537 iure
1183 2500 1383 2548 canonico,
1410 2498 1454 2538 in
1475 2502 1646 2549 quatuor
1656 2502 1795 2549 partes
1817 2498 2008 2549 divisum,
2033 2499 2343 2538 etacolleetione
2363 2499 2548 2537 canoniea

272 2567 396 2611 (Βανά.
422 2567 640 2607 Deusdedit
656 2580 795 2619 parem
825 2567 1054 2608 divisionem
1085 2568 1251 2608 habente
1278 2580 1442 2620 prorsus
1463 2569 1683 2620 diversum5
1710 2581 1803 2608 nam
1822 2571 1961 2620 etipse
1984 2568 2216 2620 praedictus
2237 2568 2361 2607 codex
2381 2571 2547 2607 aetatem

271 2639 498 2678 Cardinalis
520 2639 644 2690 plane
672 2643 849 2690 superat.
877 2640 1008 2678 Huius
1030 2652 1124 2691 erqo
1153 2642 1308 2691 operis,
1336 2641 1410 2680 etsi
1425 2641 1506 2680 alio
1538 2644 1708 2692 tempore
1739 2644 1928 2680 rationem
1958 2652 2045 2679 sum
2074 2639 2306 2690 habiturus,
2334 2651 2437 2678 nunc
2465 2639 2545 2678 sal-

272 2715 348 2750 tem
378 2713 559 2750 notitiam
594 2710 765 2749 tradam.
794 2712 896 2750 Pars
927 2711 1012 2749 eius
1042 2711 1081 2750 Ι.
1116 2710 1165 2750 de
1189 2713 1371 2762 primatu
1401 2723 1586 2751 romanae
1617 2712 1815 2752 eeclesiae.
1851 2712 1914 2752 II.
1948 2712 1998 2751 de
2027 2714 2230 2762 episcopis.
2263 2711 2352 2750 III.
2389 2711 2448 2749 De
2477 2722 2545 2761 sy-

270 2781 399 2822 nod-is.
434 2782 508 2821 IV.
544 2781 592 2820 (le
624 2781 790 2820 diversis
819 2781 1012 2832 qradibus
1039 2783 1121 2821 sive
1150 2782 1355 2822 ordinibus
1383 2782 1654 2822 ministrorum
1685 2783 1883 2822 ecelesiae.
1920 2784 2055 2823 Utitur
2084 2787 2220 2822 auctor
2251 2781 2306 2821 acl
2337 2784 2547 2821 tractatum

272 2864 390 2892 saum
423 2852 697 2892 instruendum
735 2853 773 2892 l.
807 2853 996 2903 Epistobis
1026 2854 1290 2904 Pontificum,
1322 2855 1426 2892 inter
1455 2865 1554 2904 quas
1592 2857 1722 2892 tamen
1755 2854 1959 2893 abundant
1994 2854 2249 2894 isidorianae.
2293 2853 2335 2892 2.
2371 2852 2551 2903 Reqistro

272 2925 316 2964 S.
346 2924 531 2974 Greqorii
550 2925 643 2963 PP.
673 2924 714 2964 3.
738 2925 913 2964 Novellis
941 2925 1239 2975 imperatorum.
1274 2924 1326 2963 In
1348 2925 1432 2974 sine
1462 2928 1594 2963 aulem
1624 2927 1762 2964 tertiae
1786 2925 1944 2976 partis,
1973 2937 2074 2976 quae
2095 2929 2153 2964 est
2173 2928 2219 2964 ut
2240 2924 2332 2974 dixiv
2356 2923 2406 2963 cle
2427 2934 2546 2975 syno-

271 2997 333 3035 dis
349 3027 360 3046 ,
389 2997 568 3047 synopsis
597 2996 787 3036 historica
809 2995 1052 3035 adscribitur
1071 2995 1115 3045 s.
1147 2996 1242 3036 113.
1269 2996 1305 3046 b,
1342 3007 1460 3047 quam
1490 2995 1577 3035 heic
1606 3008 1801 3048 eatponere
1824 2997 1974 3048 placet.

1023 3112 1081 3148 DE
1111 3113 1188 3142 SEX
1220 3113 1404 3143 SYNODIS
1434 3113 1789 3144 PRINCIPALIBUS.

393 3207 532 3249 Prima
556 3207 747 3262 synodus
770 3207 813 3248 in
837 3207 991 3248 Nicaea
1017 3206 1310 3249 ccc-XVIII·
1333 3211 1502 3262 patrum
1526 3211 1676 3249 contra
1698 3208 1871 3250 Arrium
1893 3208 2209 3251 alexandrinum
2231 3208 2543 3264 presbyterum,

275 3279 349 3333 qui
379 3282 464 3320 tres
495 3278 651 3332 gradus
679 3279 724 3319 iu
754 3278 958 3320 Trinitate
990 3277 1228 3330 asserebat,
1253 3279 1426 3320 Patrem
1456 3279 1616 3320 scilicet
1645 3280 1874 3333 maiorem,
1906 3281 2059 3322 Filium
2089 3281 2295 3322 minorem
2314 3311 2326 3333 ,
2347 3280 2547 3337 Spiritum

273 3354 464 3392 sanctum
495 3354 756 3402 creaturam3
790 3349 1057 3404 temporibus
1088 3349 1354 3391 Constantini
1387 3350 1589 3405 principis
1610 3381 1621 3401 ,
1655 3351 1842 3392 Silvestri
1874 3363 2007 3406 papae
2038 3352 2232 3406 romani,
2256 3351 2428 3393 Macarii
2456 3351 2548 3392 hie-

275 3420 570 3475 rosolymitani
587 3451 598 3471 ‚
625 3419 850 3462 Alexandri
882 3419 1168 3473 alexandrini3
1194 3420 1268 3474 qui
1289 3420 1568 3464 condemnata
1589 3421 1737 3464 eadem
1758 3422 1920 3464 haeresi
1938 3426 2177 3465 statuerunt
2199 3434 2382 3465 canones
2414 3422 2542 3474 ·XX-,

274 3503 461 3545 quorum
492 3495 642 3532 auctor
671 3491 851 3532 maxime
881 3490 1094 3545 praefatus
1125 3495 1293 3532 sanctus
1325 3491 1563 3535 Alexander
1594 3494 1820 3548 episcopus
1858 3493 1955 3535 fuit.
1998 3494 2188 3536 Secunda
2226 3495 2269 3536 in
2300 3492 2545 3536 Constanti-

273 3560 422 3616 nopoli
446 3561 543 3603 ·CL·
571 3566 741 3615 patrum
772 3565 931 3603 contra.
949 3561 1251 3604 Macedonium
1282 3564 1796 3618 constantinopolitanum
1827 3567 2074 3621 episcopum
2094 3597 2106 3620 ,
2131 3567 2205 3620 qui
2234 3565 2417 3619 negabat
2447 3565 2544 3619 Spi-

275 3633 405 3674 ritum
434 3635 627 3673 sanctum
657 3633 794 3674 Deum
825 3645 937 3686 esse3
971 3633 1236 3687 temporibus
1266 3634 1452 3676 Gratiani
1484 3639 1526 3677 et
1555 3634 1786 3677 Theodosii
1815 3636 2086 3692 principum,
2110 3636 2278 3678 Damasi
2308 3647 2444 3690 papae
2474 3647 2546 3677 ro-

236 3730 242 3732 -
277 3702 415 3755 mani,
448 3701 598 3757 cyrilli
626 3702 1018 3758 hierosolymitani,
1042 3703 1255 3746 Timothei
1278 3705 1560 3760 alexandrini,
1585 3707 1659 3761 qui
1681 3706 1961 3750 condemnata
1983 3708 2172 3764 praefata
2190 3707 2351 3749 haeresi
2382 3710 2545 3748 statue-

276 3777 377 3814 runt
407 3785 590 3815 canones
619 3777 705 3815 tres
726 3805 738 3826 ,
772 3770 958 3829 quorur'n
987 3779 1137 3817 auctor
1167 3776 1346 3819 maxime
1375 3776 1524 3819 heatus
1554 3777 1775 3821 Nectarius
1806 3779 2290 3834 constantinopolitanus
2319 3778 2546 3832 episcopus

279 3843 375 3901 fuit,
409 3843 551 3886 Tertia
581 3844 624 3886 in
655 3845 826 3900 Epheso
851 3846 947 3889 ·CC·
975 3849 1145 3902 patrum
1175 3851 1326 3890 contra
1356 3849 1598 3892 Nestorium
1629 3851 2136 3906 constantinopolitanum
2166 3850 2441 3904 episcopum,
2473 3849 2547 3903 qui
2580 3879 2583 3882 ,

2399 3918 2416 3937 ἡ

2583 1943 2599 1961 *
2615 1943 2667 1975 Ps.
2678 1943 2781 1973 CXIX.
2798 1948 2825 1972 2.
