2996 4432
263 1188 333 1218 cod.
351 1187 374 1219 f.
392 1191 437 1219 ⁶4.
454 1187 489 1218 b.

265 1680 333 1710 cod.
357 1681 377 1711 f.
398 1685 443 1711 65.
461 1688 492 1712 a.
531 1695 534 1697 *

251 2767 269 2785 ²*
289 2767 357 2798 cod.
378 2767 495 2797 choros.

274 3353 342 3383 eod.
362 3353 383 3383 f.
404 3356 449 3383 ⁶5.
466 3351 499 3381 b.

524 246 587 300 (574
1503 256 1561 287 Ex
1594 256 1725 289 1111110
1758 257 1822 289 ix.

528 354 582 394 et
618 342 661 392 si
698 340 786 391 illa
822 338 1034 410 eligitur
1069 356 1099 389 a
1134 337 1250 389 viro
1288 355 1425 409 quae
1461 337 1716 411 diligitur.
1759 338 1967 393 Deinde
2002 341 2046 393 si
2081 341 2180 395 hae
2218 360 2351 415 quas
2387 345 2632 415 superius
2675 346 2807 399 dixi·

528 442 646 476 mus
691 424 830 493 leges
869 440 982 474 non
1026 419 1430 487 contradicunt,
1483 434 1697 494 oportet
1738 434 1800 475 ut
1842 423 1910 475 sit
1947 423 2142 477 tradita
2179 444 2210 478 a
2251 427 2598 498 parentibuS,
2646 431 2729 482 vel
2775 449 2807 483 a

527 504 859 560 mondoaldis
894 505 962 573 1),
1002 515 1055 560 et.
1090 503 1271 557 dotata
1297 505 1515 569 tabulis,
1543 518 1596 559 et
1619 525 1650 559 a
1669 504 1938 558 sacerdote
1967 505 2266 572 benedicta,
2293 520 2345 562 et
2368 528 2400 562 a
2422 513 2806 583 paranymphis

530 588 811 642 custodita.
853 589 918 639 Et
953 599 1081 659 post
1113 588 1371 660 nuptialia
1406 589 1524 641 iura
1559 590 1642 642 his
1679 588 1867 640 diebus
1904 589 2102 660 quibus
2134 597 2375 663 oportet,
2417 594 2615 664 quibus
2639 595 2805 647 inter-

530 672 731 725 dictum
766 690 879 723 non
917 682 1023 736 est,
1064 689 1094 722 a
1131 671 1394 741 pronubis
1429 672 1544 724 viro
1581 672 1886 725 coniuncta.
1926 672 2089 739 Quod
2125 674 2169 725 si
2204 675 2333 729 haec
2360 677 2537 729 omnia
2567 678 2669 729 rite
2695 678 2804 731 fue-

531 756 639 807 rint
677 754 965 818 celebrata,
1014 764 1066 806 61
1101 753 1392 825 aliquando
1436 755 1521 806 vel
1563 753 1865 806 infirmitate
1912 765 2164 820 naturae,
2214 758 2298 809 vel
2339 758 2517 829 aliquo
2562 760 2799 812 humano

530 838 790 891 maleficio
833 855 946 890 non
982 837 1180 908 poterit
1204 837 1415 889 evenire
1439 837 1757 889 concubitus
1775 877 1788 901 ,
1817 837 2186 907 expectabitur
2211 858 2382 911 usque
2405 840 2464 892 in
2486 843 2795 895 triennium.

530 921 732 974 Forsan
768 921 872 975 1106
908 920 1184 973 intervallo
1220 919 1503 990 temporiS‚
1545 919 1629 971 vel
1666 930 1858 971 natura
1890 920 2110 992 recipiet
2132 922 2368 993 vigorem
2393 942 2574 988 suum,
2604 925 2685 977 vel
2710 926 2804 977 hu-

533 1023 690 1056 mana
726 1003 978 1056 maleficia
1002 1003 1099 1055 Dei
1125 1001 1384 1055 beneficio
1407 1001 1778 1054 cassabuntur.
1807 1002 1970 1068 Quod
1995 1003 2038 1056 si
2062 1005 2422 1075 separaverint
2445 1025 2500 1058 se
2515 1046 2529 1068 ,
2558 1020 2803 1061 maneant

535 1087 752 1158 utrique
788 1087 1029 1158 innupti3
1070 1098 1162 1138 aut
1199 1086 1241 1137 si
1277 1085 1570 1150 voluerint,
1610 1086 2067 1150 reconcilientur
2053 1087 2295 1140 invicem.

650 1170 764 1240 137.
805 1170 1003 1226 Bonizo
1041 1170 1339 1240 episcopus.
1382 1167 1722 1221 Admonendi
1758 1180 1883 1222 sunt
1919 1188 2043 1239 ergo
2080 1170 2289 1234 fideles,
2337 1182 2398 1222 ut
2430 1173 2665 1265 genuina
2701 1183 2803 1226 sta-

537 1265 654 1306 tuta
689 1272 802 1306 non
836 1253 1131 1317 violentur,
1171 1262 1224 1303 et
1259 1262 1322 1303 ut
1357 1251 1769 1323 sollempnitates
1805 1248 2139 1318 sanctorum,
2181 1266 2233 1307 et
2267 1256 2553 1326 praecipue
2588 1254 2806 1311 domini-

539 1355 630 1388 cos
666 1335 777 1388 dies
814 1337 1126 1398 observent,
1166 1346 1228 1386 ut
1262 1334 1320 1386 in
1357 1335 1430 1387 eis
1466 1335 1672 1388 servilia
1707 1354 1872 1407 opera
1906 1355 2019 1389 non
2053 1349 2360 1403 exerceant,
2407 1349 2469 1390 ut
2503 1338 2801 1391 liberalitati

541 1417 785 1471 studeant
804 1459 818 1482 ,
858 1430 922 1471 ut
957 1419 1136 1470 missas
1172 1437 1272 1489 pro
1308 1418 1475 1471 salute
1510 1418 1745 1471 virorum
1782 1430 1835 1471 et
1869 1420 2054 1491 requie
2089 1432 2423 1473 mortuorum
2447 1421 2711 1475 celebrare
2736 1422 2804 1474 fa-

541 1502 713 1565 ciant,
753 1513 806 1554 61
842 1513 904 1554 111
940 1500 1302 1559 sacerdotibus
1337 1511 1576 1572 pareant.

1247 1585 1330 1636 Ex
1362 1584 1590 1638 concilio
1627 1585 1980 1638 aurelianensi
2017 1586 2088 1656 2).

654 1669 770 1721 138.
812 1669 947 1736 Cum
975 1667 1309 1739 exigentibus
1331 1668 1559 1739 peccatis
1577 1709 1590 1734 ,
1619 1668 1912 1721 Galliarum
1939 1668 2128 1740 populi
2158 1669 2411 1740 luporum
2434 1668 2581 1722 rabie
2615 1671 2806 1723 acriter

539 1752 993 1814 interimerentur,
1034 1770 1132 1804 1166
1167 1751 1307 1803 1111115
1344 1750 1536 1821 flagelli
1571 1751 1793 1823 aliquod
1829 1751 2119 1805 remedium
2160 1752 2387 1805 inveniri
2427 1763 2637 1824 posset,
2678 1772 2806 1806 con-

539 1834 738 1906 gregati
768 1834 1056 1887 traduntur
1089 1835 1382 1887 Galliarum
1417 1835 1653 1906 episcopi
1690 1835 1836 1906 apud
1871 1835 2132 1887 Viennam
2157 1835 2372 1901 urbem,
2405 1847 2566 1907 atque
2590 1837 2647 1888 in
2672 1855 2808 1889 com-

538 1936 703 1970 mune
739 1929 1067 1981 statuerunt,
1106 1929 1165 1970 ut
1206 1916 1514 1970 triduanum
1548 1919 1807 1970 ieiunium
1843 1918 2092 1970 facerent.
2135 1919 2377 1990 Cumque
2413 1919 2672 1972 Dominus
2705 1938 2808 1991 *pe-

540 2012 671 2054 stem
714 2000 1120 2053 misericorditer
1158 2001 1485 2063 abstulisset,
1526 2001 1583 2053 hi
1626 2000 1738 2053 dies
1773 2001 1831 2052 in
1876 2000 2315 2053 consuetudinem
2351 2020 2560 2054 annuae
2595 2002 2809 2055 celebri-

538 2085 661 2136 tatis
696 2095 982 2147 venerunt,
1011 2095 1071 2135 ut
1094 2102 1193 2155 per
1217 2084 1509 2136 Galliarum
1537 2084 1866 2154 provinciaS,
1896 2095 2018 2136 ante
2047 2084 2366 2136 ascensionis
2390 2085 2604 2138 Domini
2636 2084 2805 2151 diem,

539 2166 954 2219 celebrarentur.
997 2167 1229 2237 Agamus
1259 2178 1311 2219 et
1345 2185 1445 2218 nos
1468 2167 1568 2218 hos
1593 2165 1702 2219 dies
1727 2185 1848 2218 cum
1873 2185 2072 2218 summa
2096 2167 2389 2219 reverentia
2413 2178 2467 2219 et
2500 2166 2802 2231 devotione,

540 2269 662 2301 611111
698 2249 1014 2302 abstinentia
1039 2250 1210 2302 carnis
1236 2260 1287 2302 et
1311 2238 1603 2301 humilitate
1639 2248 1840 2314 cordiS,
1881 2268 1994 2301 non
2030 2262 2092 2302 ut
2127 2250 2410 2302 visibilium
2446 2250 2695 2322 luporum
2730 2270 2809 2303 ra-

538 2332 682 2384 biem
721 2331 1033 2396 evadamus,
1074 2332 1166 2384 sed
1203 2343 1265 2384 ut
1306 2332 1647 2384 invisibilium
1687 2330 1744 2384 id
1781 2343 1859 2384 est
1894 2332 2178 2403 spirituum
2212 2331 2608 2384 immundorum
2638 2344 2809 2404 temp-

541 2426 775 2466 tamenta
821 2416 1029 2467 vincere
1074 2415 1354 2467 valeamus,
1397 2415 1586 2466 Nullus
1629 2426 1805 2467 autem
1845 2414 1929 2466 his
1977 2412 2164 2466 diebus
2202 2413 2524 2466 vestimentis
2566 2415 2810 2486 pretiosis

541 2496 826 2561 induatur,
876 2499 1004 2568 quia
1040 2500 1095 2551 in
1133 2516 1285 2551 sacco
1321 2509 1375 2550 et
1410 2498 1585 2550 cinere
1627 2497 1806 2568 lugere
1845 2495 2125 2548 debemus:
2173 2496 2560 2567 prohibeantur
2593 2497 2809 2550 ebrieta-

542 2592 621 2632 tes
646 2592 699 2633 et
733 2583 1136 2634 comessationes
1172 2599 1310 2653 quae
1345 2580 1482 2633 fiunt
1517 2581 1575 2633 111
1611 2580 1813 2651 vulgari
1847 2579 2022 2651 plebe.
2063 2579 2231 2635 Nemo
2267 2579 2343 2631 ibi
2379 2581 2620 2652 equitare
2655 2599 2810 2652 prae·-

544 2675 746 2728 sumat,
785 2665 877 2717 sed
914 2664 1235 2718 discalceatis
1268 2663 1495 2737 pedibus
1531 2681 1714 2717 omnes
1749 2661 2015 2715 incedant.
2069 2662 2422 2734 Nequaquam
2468 2663 2810 2716 mulierculae

544 2747 796 2800 choreas't
832 2747 1058 2813 ducant,
1087 2748 1179 2801 sed
1215 2765 1397 2800 omnes
1433 2747 1491 2799 in
1526 2764 1805 2799 commune
1842 2746 1984 2816 kyrie
2019 2746 2218 2798 eleison
2255 2745 2563 2810 decantent,
2600 2758 2653 2798 et
2687 2759 2808 2799 cum

545 2832 863 2904 contritione
899 2831 1074 2884 cordis
1111 2833 1209 2884 Dei
1244 2830 1657 2884 misericordiam
1693 2841 1915 2883 exorent
1942 2848 2050 2901 'pro
2086 2829 2343 2900 peccatiS,
2383 2848 2485 2901 pro
2521 2848 2677 2901 pace,
2706 2848 2810 2901 pro

544 2926 719 2985 peste,
759 2934 860 2987 pro
898 2916 1299 2969 conservatione
1336 2915 1577 2985 frugum,
1617 2925 1670 2966 et
1704 2931 1806 2986 pro
1843 2912 2031 2966 ceteris
2064 2911 2492 2978 necessitatibus3
2533 2911 2644 2965 dies
2669 2912 2808 2965 enim

548 3009 672 3050 sunt
695 2999 1043 3052 abstinentiae
1078 3018 1191 3053 non
1221 2998 1462 3051 laetitiae.

802 3168 882 3213 EX
913 3167 1086 3214 LIBRO
1119 3168 1199 3222 IX,
1232 3167 1340 3223 QUI
1372 3167 1475 3224 EST
1506 3164 1880 3214 MEDICINALIS
1914 3164 2041 3210 SIVE
2073 3162 2559 3210 PAENITENTIALIS.

664 3329 777 3399 139.
797 3274 1004 3384 Liber
1027 3330 1122 3382 iste
1148 3328 1470 3383 medicinalis
1494 3328 1833 3393 inscribitur,
1866 3347 1930 3382 eo
1956 3327 2106 3400 quod
2131 3328 2511 3398 aegrotantium
2542 3327 2810 3380 contineat

550 3412 693 3464 varia
731 3410 1107 3483 medicamenta
1145 3402 1458 3466 animarum.
1504 3413 1565 3465 Et
1590 3412 1725 3464 sieut
1747 3412 2041 3483 peritorum
2064 3409 2388 3463 medicorum
2417 3421 2496 3463 651
2519 3408 2588 3462 ad
2611 3420 2809 3462 tactum
2838 3446 2840 3448 ·

552 3506 604 3548 et
646 3493 955 3565 adspectum
991 3495 1177 3548 urinae
1213 3495 1429 3548 morbos
1465 3515 1787 3567 cognoscere
1830 3492 2190 3567 singulorum,
2243 3495 2316 3547 sic
2358 3493 2686 3566 prudentum
2732 3504 2809 3547 est

635 3616 670 3659 1)
695 3613 776 3652 Sive
795 3612 1068 3658 mundualdis,
1083 3624 1170 3651 nam
1186 3618 1349 3663 utroque
1367 3614 1477 3687 modo
1493 3614 1671 3653 scribitur
1686 3613 1784 3664 apud
1801 3614 1997 3663 cangium.
2014 3614 2131 3652 Erant
2145 3613 2185 3651 hi
2204 3618 2328 3651 autem
2347 3617 2601 3662 procuratores
2615 3612 2812 3661 praecipuo

551 3672 598 3710 ad
619 3673 770 3721 nuptias
797 3671 1080 3710 contrahendas.

633 3735 669 3776 2)
695 3733 797 3769 Haec
825 3741 883 3768 res
911 3731 1040 3779 paucis
1066 3731 1184 3769 verbis
1210 3737 1522 3771 commemoratur
1551 3734 1593 3770 in
1617 3714 1778 3771 concilio
1807 3733 2057 3771 aurelianensi
2082 3733 2112 3770 1.
2135 3742 2255 3771 novae
2279 3731 2538 3771 Maurinorum
2563 3734 2710 3778 coeptae
2728 3727 2807 3765 edi·
2833 3777 2836 3783 s

553 3790 665 3828 tionis
693 3796 795 3829 tomo
822 3791 854 3837 1,
883 3795 920 3827 et
947 3790 1126 3827 hactenus
1153 3792 1291 3838 unico,
1322 3803 1359 3840 p.
1389 3796 1471 3829 842.
1481 3793 1668 3841 Itemque
1694 3792 1735 3829 in
1765 3792 1896 3832 eodem
1926 3798 2026 3832 tomo
2058 3795 2096 3842 p.
2126 3796 2212 3832 643.
2246 3772 2319 3831 ubi
2342 3790 2388 3831 de
2419 3790 2576 3829 concilio
2602 3787 2806 3827 viennensi.

552 3851 821 3892 Verumtamen
844 3818 931 3889 'heic
959 3849 1059 3899 apud
1084 3859 1154 3889 nos
1180 3849 1348 3900 loquitur
1370 3852 1494 3901 potius
1518 3851 1596 3900 ipse
1622 3851 1774 3891 Bonizo.
