2944 4426
1167 331 1170 334 .
1206 280 1254 312 m
1285 277 1552 314 raovmu.
2474 274 2504 320 5

303 364 398 410 Hoc
427 365 591 424 lignum
623 366 723 423 post
754 364 1133 420 transgressionem
1166 368 1337 422 gustare

243 435 431 482 Adamas
462 436 746 495 prohibunt-3
778 436 942 492 quippe
971 436 1075 493 quia
1102 449 1127 481 a
1152 438 1336 482 iustitiae

244 510 454 554 fructibus
481 509 668 553 nascitur
688 506 817 551 arbor
836 507 964 551 vitae.
989 508 1133 552 Arbor
1153 522 1257 553 vero
1274 511 1339 552 vi-

244 585 330 636 tae,
362 581 566 637 sapientia
594 579 671 622 Dei
700 582 778 621 est.
811 579 964 623 Merito
994 584 1136 623 autem
1164 584 1338 636 tangere

243 651 405 707 lignum
430 651 514 694 hoc
531 648 798 692 interdicitur
826 649 976 705 iniquo
1007 650 1158 694 cuivis.

254 762 260 767 ,
299 724 413 764 Deus
429 720 634 775 sapientia
655 732 732 763 sua
752 724 905 763 terram
921 728 1095 777 quoque
1114 722 1335 779 fundavit,

242 795 288 834 et
313 803 438 834 sensu
465 791 554 833 eius
574 795 806 846 eruperunt
822 789 990 846 abyssi,
1012 796 1063 835 et
1084 792 1218 836 nubes
1239 806 1338 839 rore

240 865 475 903 manarunt.
497 861 634 914 Quam
647 872 751 916 ergo
769 861 866 904 heic
885 862 1085 906 Salomon
1100 867 1254 907 terram
1269 864 1338 908 di-

223 930 324 984 ,xit,
343 930 500 974 Paulus
521 930 790 974 latitudinem
807 931 1064 987 appellavit:
1089 938 1132 976 et
1153 934 1230 991 qui
1252 934 1337 978 hoc

237 1001 338 1045 loco
359 1003 464 1046 caeli
480 1003 680 1047 dicuntur
696 1034 709 1058 ,
741 1004 1005 1048 altitudinem
1036 1006 1107 1050 ille
1136 1012 1265 1051 vocat
1289 1008 1336 1051 in

237 1074 417 1130 epistola
449 1075 504 1118 ad
535 1075 742 1131 Ephesios
762 1089 772 1116 :
800 1080 843 1118 et
864 1089 973 1132 quae
995 1078 1161 1133 tropice
1182 1078 1335 1122 dicun-

236 1148 309 1188 tur
339 1145 510 1202 abyssi,
544 1159 617 1190 eas
645 1146 981 1202 profunditatem
1018 1148 1142 1193 dicit:
1176 1150 1335 1193 rorife-

236 1227 302 1258 ras
322 1214 507 1272 denique
531 1216 690 1269 nubes,
711 1217 1037 1272 longitudinem.
1065 1220 1180 1263 Haec
1200 1233 1332 1276 porro

239 1287 383 1330 omnia
405 1287 675 1331 rationalium
697 1286 942 1332 naturarum
976 1290 1172 1346 symbola
1202 1297 1301 1335 sunt
1317 1323 1331 1347 ,

234 1369 343 1413 quae
383 1347 537 1402 ornatu
569 1363 612 1401 et
642 1371 824 1414 corpore
862 1360 1067 1403 differunt
1101 1362 1334 1405 secundum

234 1430 434 1484 propriae
469 1431 786 1473 constitutionis
823 1432 1077 1486 analogiam.
1125 1434 1333 1487 Congruit

231 1501 462 1555 sapientiae
479 1513 636 1544 nomen
652 1501 780 1546 etiam
802 1503 884 1545 Dei
901 1502 1008 1546 filio.
1031 1503 1111 1546 Sed
1131 1509 1174 1547 et
1193 1505 1333 1548 anima

232 1569 397 1624 fidelis,
439 1575 553 1614 terra
587 1577 652 1615 est
685 1574 964 1630 centuplicem
1000 1575 1189 1618 fructum
1229 1577 1331 1620 red-

237 1641 364 1685 dens:
391 1655 501 1698 quae
529 1644 702 1699 quidem
722 1658 772 1688 ex
794 1646 1077 1702 pinguedine,
1101 1648 1146 1691 id
1176 1653 1240 1691 est
1259 1662 1329 1692 sa-

233 1715 392 1769 pientia
407 1745 419 1767 ,
444 1717 612 1772 sapiens
634 1716 715 1771 fit;
740 1719 832 1771 Deo
864 1720 1112 1775 sapientiam
1134 1732 1262 1777 super
1283 1734 1332 1765 ea

232 1787 452 1830 fundante.
486 1788 602 1831 Facit
634 1790 743 1831 enim
771 1789 883 1833 hanc
904 1791 1088 1834 animam
1110 1793 1330 1837 doctrinae

231 1858 452 1901 cumulum
470 1891 482 1914 ,
522 1860 755 1915 sapientiae
792 1861 994 1915 cinnum;
1036 1867 1165 1919 atque
1195 1877 1245 1908 ex
1282 1878 1330 1908 ea

227 1939 398 1983 semper
433 1929 710 1984 proficiente,
750 1932 914 1974 caelum
952 1932 1108 1988 efficit,
1148 1936 1327 1990 purissi-

228 2009 343 2039 mam
385 2003 622 2042 creaturam
641 2032 653 2054 ,
696 2002 947 2055 angelorum
986 2008 1114 2059 atque
1156 2005 1326 2049 intelle-

224 2068 432 2111 ctualium
452 2069 786 2114 substantiarum
803 2072 1094 2117 habitaculum
1111 2108 1123 2130 ‚
1146 2077 1328 2120 existen-

224 2138 283 2180 tis
312 2139 391 2181 Dei
421 2152 546 2183 sensu
581 2140 816 2195 praeditam
835 2173 847 2196 ,
873 2155 1016 2186 rerum
1048 2146 1221 2189 intimae
1250 2160 1327 2190 na-

226 2214 348 2252 turae
367 2211 551 2265 peritam
569 2243 582 2265 ,
603 2215 645 2254 et
671 2201 889 2256 variorum
916 2215 995 2257 Dei
1023 2215 1294 2261 iudiciorum.

285 2282 516 2337 Sapientiae
535 2283 830 2327 tantummodo
848 2286 1327 2343 praevalere'nequeunt

225 2352 454 2396 daemones
469 2386 481 2407 ,
511 2355 585 2408 qui
608 2362 760 2408 pravas
780 2357 1061 2410 cogitationes
1092 2358 1137 2400 in
1157 2371 1235 2401 cor
1256 2373 1326 2403 sa-

223 2423 378 2478 pientis
416 2436 504 2466 non
535 2425 731 2467 sinuntur
754 2426 943 2468 iniicere.
970 2428 1075 2471 Nam
1101 2441 1219 2472 mens
1251 2443 1323 2473 sa-

225 2495 408 2549 pientiae
444 2496 873 2550 contemplationibus
915 2498 1077 2541 intenta
1093 2530 1105 2553 ,
1145 2501 1324 2556 impuris

224 2565 552 2619 cogitationibus
579 2566 629 2608 fit
661 2567 1065 2622 impervia—Mens
1099 2583 1209 2626 pura
1250 2586 1323 2629 ap·

226 2637 488 2693 propinquat
517 2639 768 2694 sapientiae,
794 2640 893 2694 quia
915 2641 1034 2695 quod
1066 2646 1230 2685 rectum
1260 2649 1323 2686 est

224 2709 430 2760 agnoscit.
462 2709 588 2751 Secus
606 2722 710 2752 vero
729 2710 897 2765 impura
927 2724 1045 2755 mens
1064 2725 1088 2755 a
1117 2714 1321 2769 sapientia

225 2777 354 2831 longe
383 2777 576 2822 discedit.
1259 2836 1261 2838 ,

283 2847 530 2893 scandalum
563 2851 780 2894 rationalis
808 2856 983 2895 naturae
1023 2857 1086 2896 est
1115 2856 1319 2909 cogitatio

224 2919 423 2974 impura,
455 2919 525 2961 vel
543 2920 651 2964 falsa
680 2923 890 2977 cognitio.
924 2922 1007 2976 Qui
1038 2930 1180 2968 autem
1214 2926 1321 2969 divi-

225 3002 280 3031 na
301 2989 520 3031 voluntate
543 2990 889 3036 circummunitus
919 2999 1005 3048 est,
1028 2995 1074 3038 in
1093 3000 1188 3038 ante
1207 2996 1321 3040 dicta

223 3071 311 3101 non
340 3059 534 3101 incurrit.
882 3065 886 3081 ¹

280 3130 453 3185 Neque
441 3131 627 3172 incursio
644 3162 656 3184 ,
680 3131 818 3186 inquit
833 3162 846 3185 ‚
869 3135 1074 3179 malarum
1094 3138 1319 3192 cogitatio-

218 3214 324 3244 num
354 3203 584 3256 sapientem
613 3203 912 3258 terrefacient;
935 3218 1074 3262 neque
1102 3209 1224 3264 impii
1245 3223 1319 3252 ex-

221 3274 351 3314 terius
373 3273 597 3326 irruentes,
619 3273 822 3315 virtutem
842 3274 932 3317 eius
952 3276 1201 3333 infringent,
1215 3279 1318 3323 dum

221 3355 319 3386 eum
349 3343 611 3385 naturalibus
639 3342 765 3386 bonis
787 3344 973 3398 spoliare
995 3347 1164 3392 volunt.
1188 3351 1319 3394 Nam-

221 3425 305 3469 que
344 3413 714 3468 inexpugnabilem
753 3414 847 3469 quis
881 3418 1127 3470 expugnet?
1159 3419 1318 3472 Quam-

220 3495 350 3538 quam
372 3496 522 3526 revera
542 3483 675 3539 impio
697 3483 872 3526 homine
888 3485 996 3528 nihil
1014 3491 1078 3529 est
1092 3486 1312 3532 audacius.

219 3554 332 3607 Quin
350 3554 458 3597 adeo
475 3556 611 3610 ipsam
629 3567 804 3610 quoque
822 3556 1162 3601 immanissimam
1183 3559 1317 3602 feram

219 3625 436 3680 superabis
456 3656 468 3679 ,
499 3626 612 3668 mitis
648 3627 684 3667 si
717 3626 847 3670 fueris
883 3632 924 3670 et
958 3627 1191 3684 benignus,
1223 3632 1314 3674 Deo

219 3695 298 3738 tibi
327 3696 567 3739 adsistente.
601 3697 712 3740 Hinc
729 3698 1002 3755 intelligimus
1020 3730 1032 3752 ,
1055 3700 1108 3742 ab
1130 3701 1314 3744 eleemo-

221 3779 328 3822 syna
348 3768 537 3823 extingui
566 3768 699 3822 malas
718 3769 1022 3824 cogitationes,
1048 3783 1157 3826 quae
1182 3777 1313 3815 noctu

212 3837 342 3889 „nobis
373 3839 604 3895 eveniunt,
636 3838 706 3882 vel
733 3851 811 3896 per
848 3840 1127 3896 phantasiam.
1162 3845 1308 3899 Neque

1477 361 1630 416 Τούτου
1648 367 1716 416 τοῦ
1735 363 1852 422 ξύλου
1869 367 1977 430 μετὰ
1995 368 2064 423 τὴν
2084 368 2356 440 παράβασιν“
2337 395 2356 421 ο
2375 371 2510 437 Ἀδὰμ

1405 430 1734 499 μεταλαμβάνειν
1758 433 1978 487 κωλῦεται·
2014 442 2125 508 εἴπερ
2155 440 2234 494 ἀπὸ
2248 464 2420 532 καρπων
2452 447 2510 494 δι·-

1407 503 1615 562 καιοσύνης
1640 502 1847 574 φυτεῦεται
1878 506 2007 595 δένδρε
2011 532 2031 557 ν
2063 515 2180 567 ζωῆς·
2217 510 2260 562 r&
2287 511 2330 562 δὲ
2354 511 2509 580 δένδρον

1409 578 1535 636 ζωῆς,
1569 599 1595 628 η
1628 581 1698 627 τοῦ
1728 580 1818 626 θεοῦ
1830 575 1964 660 σοφιά
1995 577 2097 629 ἐστι·
2124 580 2286 638 δικαίως
2319 582 2362 632 δὲ
2394 586 2508 650 ἅψα-

1391 650 1512 697 -σθαι
1541 644 1753 698 κεκωλυται
1777 669 1914 698 τουτου
1938 654 2007 698 τοῦ
2028 649 2144 705 ξυλου
2168 657 2244 708 πᾶς
2267 652 2507 742 παράνομος

1477 719 1531 766 Ὁ
1555 715 1640 773 θεδς
1663 721 1716 784 τῇ
1737 739 1820 806 μεν
1834 740 1952 786 σοφιᾳ
1971 741 2036 768 και
2069 741 2138 773 την
2163 726 2236 786 γῆν
2259 721 2508 787 ἐθεμελιωσε·

1408 782 1474 835 διᾶ
1503 783 1548 836 δὲ
1577 791 1651 874 ιτῆς
1689 786 1923 844 αἱσθησεως
1960 792 2082 841 αὐτοῦ
2119 790 2336 858 ἑρῤαγησοιν
2373 794 2511 855 ἄβυσ-

1408 877 1504 915 σοι,
1538 879 1592 909 τα
1622 856 1663 907 δὲ
1696 855 1790 936 νέφη
1825 857 2015 927 ε’ῥρυησαν
2047 859 2224 928 δροσους·
2262 884 2311 914 ην
2343 886 2407 912 ουν
2445 869 2511 915 ε’ν-

1407 929 1550 977 ταῦθα
1580 932 1653 995 γῆν
1687 934 1805 991 εἰπε,
1838 933 2004 987 Παυλος
2041 931 2062 979 ὅ
2096 933 2207 998 ἅγιος
2239 931 2390 989 πλάτος
2420 936 2513 986 ὧνδ-

1405 1016 1528 1059 μοισε·
1564 1020 1631 1048 και
1669 1021 1763 1054 τους
1806 1003 1988 1050 ἐνταῦθα
2025 1000 2201 1069 οὖρανους
2246 1001 2475 1069 λεγομενους
2496 1045 2511 1068 ‚

1405 1069 1501 1132 υψος
1536 1070 1675 1125 ἐκεινος
1718 1071 1759 1118 ἑν
1797 1074 1848 1138 τῇ
1892 1069 1994 1137 ωρδς
2030 1070 2233 1141 Ἐφεσιους
2269 1078 2399 1123 καλει·
2444 1098 2509 1126 και

1405 1161 1480 1194 τας
1511 1138 1729 1205 λεγομένας
1763 1145 1947 1207 τροπικῶς
1976 1143 2203 1205 ἀβύσσους,
2229 1143 2409 1211 ὀνομαζει
2432 1146 2512 1206 βοΐ-

1403 1215 1497 1265 θος·
1532 1208 1587 1260 τὰ
1616 1208 1886 1277 δεδροσωμένα
1925 1213 2042 1280 νέφη,
2081 1218 2204 1278 μῆκος
2243 1219 2373 1264 καλεῖ·
2415 1221 2512 1265 ταῦ-

1405 1301 1459 1329 τα
1482 1281 1524 1329 δὲ
1547 1303 1681 1332 παντα
1703 1286 1905 1347 λογικῶν’
1891 1305 1979 1334 εστι
2003 1306 2155 1371 φυσεων
2174 1283 2381 1349 συμβολα,
2410 1290 2512 1335 διαι-

1401 1349 1596 1417 ρουμὲνων
1641 1350 1801 1416 κόσμοις
1845 1377 1911 1403 και
1959 1377 2110 1418 σωματι
2147 1354 2255 1405 κατὰ
2289 1355 2509 1423 ἀναλογίαν

1404 1443 1480 1476 της
1513 1420 1812 1478 καταστάσεως·
1848 1422 2007 1490 οἷρμὸζει
2034 1430 2146 1476 τοῦτο
2169 1449 2236 1475 και
2261 1431 2327 1475 ν’ὖν
2362 1432 2417 1492 τῷ
2438 1429 2510 1493 υἷῷ

1402 1495 1472 1541 τοῦ
1504 1496 1616 1542 θεοῦ·
1651 1492 1761 1542 ἀλλα
1782 1517 1847 1543 και
1880 1495 1905 1543 ἦ
1939 1493 2050 1560 ψυχη
2079 1496 2104 1549 ἦ
2130 1519 2254 1550 πιστη
2275 1536 2287 1558 ,
2319 1501 2372 1563 γῆ
2400 1521 2508 1549 εστιν

1404 1562 1747 1614 ἑκατονταπλασιο
1733 1587 1771 1612 ν
1802 1570 2113 1652 καρποφοροῦσα·
2148 1591 2248 1619 αυτη
2286 1573 2328 1618 δὲ
2362 1571 2403 1617 ἑκ
2435 1573 2508 1626 τῆς

1402 1631 1622 1722 πιᾶτητος,
1652 1637 1741 1690 ἥτις
1775 1634 1860 1685 ἐστι
1894 1658 2042 1704 σοφια,
2076 1659 2193 1705 σοφη·
2237 1643 2416 1703 θεμελιο
2376 1661 2508 1696 υντος

1402 1702 1529 1757 αὐτην
1559 1706 1622 1756 ἐπ’
1652 1708 1758 1772 αὐτῇ
1782 1709 1848 1754 τοῦ
1871 1711 1984 1756 θεοῦ·
2012 1707 2161 1774 ἓδραζει
2186 1731 2262 1775 γαρ
2286 1708 2409 1762 αὐτην
2439 1731 2507 1761 την

1402 1796 1639 1841 συναγωγην
1673 1779 1744 1831 τῆς
1778 1776 2065 1837 διδασκαλιας,
2090 1803 2158 1828 και
2191 1783 2304 1835 πηξιν
2335 1779 2411 1831 ἀπδ
2439 1803 2507 1830 σο-

1401 1842 1496 1926 φίας
1527 1845 1774 1909 ωοιοῦμενος·
1806 1870 1871 1896 και
1917 1846 1980 1897 ἀει
2016 1870 2304 1915 προκοπτουσης
2338 1850 2504 1935 οὐρανὸν

1400 1914 1698 1982 ἀπεργαζεται,
1724 1915 2011 1985 καθαρωτατον
2040 1942 2214 1983 κτισμα,
2250 1918 2426 1987 ἀγγέλων
2459 1920 2505 1972 τὲ

1398 2006 1465 2033 και
1499 2008 1576 2036 των
1606 2009 1746 2055 νοηρων
1779 1990 1916 2038 ουσιῶν
1949 1987 2160 2056 οἶκητηριον
2183 2029 2195 2050 ,
2230 1994 2435 2051 λαβοῦσαν
2461 1991 2504 2041 τὲ

1399 2055 1599 2108 αισθησιν
1632 2080 1674 2107 το
1678 2081 1702 2106 υ
1732 2080 1876 2120 οντος,
1907 2083 1973 2109 και
2004 2082 2151 2111 κατανο
2155 2083 2277 2110 ουσαν
2316 2085 2389 2114 την
2427 2083 2504 2112 των

1397 2126 1641 2194 πραγμάτων
1675 2127 1905 2194 ἀκρίβειαν,
1943 2127 2054 2180 οἶονει
2089 2130 2134 2182 τὸ
2166 2128 2387 2195 πολνμυθον
2425 2156 2503 2184 των

1397 2200 1467 2246 τοῦ
1495 2202 1593 2247 θεοῦ
1614 2220 1822 2265 κριματων.

1468 2266 1580 2335 Πρδς
1603 2267 1722 2333 μόνην
1748 2269 1818 2322 τὴν
1844 2293 1987 2361 σοφιαν
2014 2262 2276 2323 ἀδυνατοῦσιν
2301 2277 2335 2322 οἷ
2361 2272 2504 2338 δαίμο-

1396 2359 1460 2393 νες
1481 2377 1494 2396 ,
1529 2339 1740 2406 λογισμους
1778 2338 1996 2405 ἓμβαλλειν
2028 2364 2085 2398 εις
2123 2365 2194 2394 την
2231 2342 2394 2411 καρδιαν
2431 2349 2501 2394 τοῦ

1395 2409 1677 2485 σεσοφισμένου
1707 2435 1763 2475 μη
1788 2434 2110 2481 συγχωρουμενοι·
2144 2416 2164 2462 o‘
2198 2436 2272 2482 γαρ
2304 2437 2342 2464 νο
2346 2420 2388 2470 ῦς
2420 2439 2501 2471 τοις

1397 2501 1470 2535 της
1509 2503 1644 2547 σοφιας
1677 2483 1987 2547 ἀντιποιουμενος
2024 2482 2277 2551 θεωρήμασιν
2299 2523 2312 2542 ,
2357 2507 2498 2536 ανεπι-

1394 2552 1527 2606 δεκτος
1560 2549 1714 2617 γῖνεται
1738 2558 1934 2620 λογισμῶν
1965 2553 2219 2643 ἀκαθαρτων.
2223 2560 2404 2613 -Νοῧς
2427 2581 2500 2606 κα-

1394 2620 1513 2687 θαρδς
1545 2622 1691 2689 ἐγγίζει
1724 2646 1861 2692 σοφιοι,
1890 2623 2023 2676 ἐπειδὴ
2054 2623 2095 2676 τδ
2124 2631 2164 2675 εἰ)
2187 2647 2377 2692 γινωσκει·
2404 2627 2423 2675 ὅ
2457 2626 2500 2676 δὲ

1394 2692 1644 2760 ἁιᾶθαρτος
1659 2692 1978 2760 μακρννθησεται
2012 2697 2069 2747 ἀπ
2108 2701 2248 2753 αὐτῆς.

1461 2832 1715 2919 Πρὸσκομμα
1765 2839 1926 2901 λογικῆς
1966 2859 2118 2905 φυσεως
2172 2835 2260 2888 ἐστι
2310 2838 2498 2905 ὶογισμδς

1392 2903 1623 2972 ἀκάθαρτος
1643 2943 1657 2962 ,
1689 2900 1715 2957 ἦ
1745 2927 1890 2970 γνωσις
1922 2906 2085 2971 ψευδής·
2120 2907 2141 2956 o‘
2173 2907 2215 2957 δε
2249 2912 2296 2974 τῇ
2321 2932 2388 2958 του
2411 2915 2499 2959 θεον

1390 2975 1515 3038 βουλῇ
1551 2996 1706 3040 περιστε
1712 2997 1808 3039 ιχειο
1811 2997 1949 3041 υμενος
1972 3015 1985 3038 ,
2023 2999 2064 3025 εν
2102 2976 2214 3028 τούτο
2217 3002 2253 3034 ις
2296 3001 2339 3027 ου
2373 3002 2498 3047 προσ-

1389 3041 1541 3094 κε’πτει.

1406 3107 1414 3114 .
1461 3114 1569 3166 Ου’τε
1601 3112 1753 3182 ἔφοδος,
1779 3139 1889 3204 φησι,
1914 3139 2082 3185 πονηρων
2108 3123 2305 3184 λογισμων
2331 3120 2496 3187 φοβησει

1391 3181 1458 3233 τδν
1489 3186 1678 3250 γεγονότα
1711 3185 1860 3253 σοφδν,
1894 3210 1985 3238 ουτε
2011 3191 2171 3250 ἀσεβεις
2198 3189 2337 3245 ἔξωθεν
2370 3191 2499 3242 ἔπιον·-

1391 3276 1457 3310 τες
1490 3278 1560 3308 την
1594 3258 1716 3306 αὖτοῧ
1746 3255 1968 3342 καθαιρησο
1971 3282 2034 3309 υσι
2071 3257 2267 3323 δύναμιν,
2304 3264 2496 3326 ἐρημωσαι

1387 3322 1578 3381 θέλοντες
1616 3330 1690 3376 τῶν
1728 3350 1838 3394 φυσει
1881 3333 2028 3378 καλῶν·
2075 3328 2140 3381 τέν
2177 3353 2252 3420 γαρ
2295 3329 2497 3384 ἀναλωτον

1387 3394 1512 3451 οὐδεις
1545 3395 1758 3448 δυνησεται
1790 3403 1948 3462 λαβεῖν·
1982 3397 2050 3449 καί
2083 3423 2176 3461 τοι,
2211 3424 2250 3450 τι
2291 3406 2359 3451 τοῦ
2394 3406 2496 3454 οἶσε-

1385 3468 1482 3524 βοῦς
1519 3465 1847 3559 αυθαδέστερονς
1886 3466 1992 3518 ἀλλα
2026 3493 2093 3519 και
2139 3476 2260 3521 αὐτοῦ
2297 3478 2496 3560 φησιτοῦ

1387 3538 1654 3586 παντοδαποῦ
1684 3536 1824 3603 θηριου
1864 3560 2124 3607 ωεριγενησ-ῃ,
2168 3546 2306 3609 ωρᾷος
2337 3565 2387 3592 ων
2423 3567 2491 3592 και

1387 3602 1557 3660 ἐπιεικής
1581 3644 1593 3665 ,
1628 3628 1695 3655 του
1729 3607 1858 3675 κυρίου
1894 3631 2008 3665 οντος
2043 3634 2151 3674 μετα
2184 3616 2266 3662 σοῧ·
2308 3614 2492 3663 ἐντενθεν

1386 3674 1429 3722 δὲ
1461 3673 1719 3740 μανθάνομεν
1738 3716 1751 3737 ,
1785 3702 1837 3734 ως
1868 3678 1894 3730 ἧ
1925 3680 2164 3745 ἓλεημοσννη
2196 3703 2380 3748 περιαιρει
2420 3705 2492 3748 φο-

1383 3743 1506 3830 βερας
1538 3768 1767 3813 φαντασιας
1788 3786 1804 3808 ,
1843 3771 1933 3799 νυι·
1919 3772 1988 3816 ωρ
2023 3751 2121 3802 austu
2160 3750 2372 3815 ovpssacvc‘
2355 3775 2454 3807 υσας
2475 3790 2488 3811 ,

1382 3836 1408 3866 η
1438 3838 1506 3866 και
1538 3822 1790 3884 θεωρητικῶς·
1831 3823 1873 3869 οὐ
1907 3819 2002 3884 με’νο
2005 3843 2025 3870 ν
2063 3821 2104 3870 δε
2125 3859 2137 3883 ,
2176 3820 2284 3870 ἀὶλα
2315 3845 2379 3870 και
2414 3844 2487 3872 των

2550 376 2635 404 v.18.

2550 409 2620 440 cod.
2640 410 2660 441 t.
2682 413 2724 441 ts.
2746 417 2775 440 a.

2574 768 2582 776 .
2602 751 2646 776 19.

2542 2284 2629 2310 v..18

2544 2316 2721 2347 cod..117.

2544 2581 2613 2610 cod.
2631 2581 2652 2610 f.
2676 2585 2717 2611 17.
2739 2582 2767 2610 b.

2539 2853 2569 2877 V.

2539 2882 2608 2912 cod.
2628 2882 2650 2912 f.
2672 2886 2714 2912 19.
2733 2889 2761 2911 a.

2540 3153 2570 3176 V·

2589 2850 2634 2876 23.

2589 3149 2634 3175 25.
