2996 4432
1271 238 1512 273 nomzoms.
1745 235 1749 241 ·
1925 213 1928 217 ’
2467 228 2530 276 73

259 332 477 388 habent.
523 330 724 386 Caritas
758 345 885 380 vero
921 326 964 379 si
999 322 1302 378 inordinata
1338 336 1416 378 est
1436 365 1450 388 ,
1491 325 1678 377 caritas
1714 344 1826 378 non
1854 338 1947 379 est.
1991 325 2056 378 Et
2080 325 2201 380 ideo
2227 327 2286 379 in
2310 328 2529 380 canticis

261 418 589 471 canticorum
618 413 872 485 gloriatur
907 410 1123 463 ecclesia
1141 410 1183 475 ⁴²,
1225 407 1471 462 ordinata
1504 409 1718 460 caritate
1750 429 1847 480 ego
1886 430 2018 462 sum.
2051 411 2250 472 Caritas
2276 412 2416 462 enim
2441 431 2531 464 or·-

260 500 443 552 dinata
479 510 588 560 est,
633 507 695 547 ut
731 495 851 565 plus
894 493 1170 564 diligamus
1205 494 1378 544 Deum
1414 509 1574 563 quam
1609 510 1732 554 nOS,
1780 505 1831 544 et
1871 494 2176 564 proximum
2222 494 2357 546 sicut
2404 513 2523 547 nos.

259 582 398 644 Sunt
439 582 578 634 enim
615 577 830 650 quidam
868 577 961 648 qui
999 578 1170 628 Deum
1206 574 1423 646 quidem
1460 573 1718 644 diligunt,
1772 575 1863 627 sed
1900 577 2018 646 plus
2062 596 2152 642 se3
2209 589 2269 629 ut
2311 578 2387 629 illi
2434 580 2530 649 qui

260 664 532 717 mundana
567 661 785 733 quidem
824 671 1109 731 spernunt,
1150 670 1202 711 et
1237 657 1305 710 ad
1342 658 1780 728 contemplativae
1817 659 1956 710 vitae
1979 673 2275 730 properant
2305 661 2528 731 pulchri-

261 745 538 808 tudinem,
581 756 632 797 et
669 745 770 796 hoc
808 744 909 795 sibi
945 754 1137 814 petunt
1172 743 1230 794 in
1259 741 1574 793 monasterio
1600 740 1714 793 dari
1746 740 1894 811 quod
1920 761 2209 813 numquam
2236 745 2292 795 in
2318 746 2527 798 saeculo

262 830 586 882 habuerunt.
629 828 699 879 Hi
733 846 832 898 pro
864 839 1009 879 certo
1039 827 1160 898 plus
1197 844 1250 877 se
1287 824 1515 895 diligunt
1545 843 1706 895 quam
1745 826 1943 885 Deum,
1992 824 2119 878 (lum
2154 846 2332 878 curam
2359 830 2531 881 carnis

264 913 544 979 facientes,
581 911 735 963 lautis
772 910 902 962 cibis
939 909 1294 971 delectantur,
1336 908 1578 979 pretiosis
1613 907 1849 960 vestibus
1885 908 2005 959 licet
2030 909 2188 978 pullis
2213 910 2525 980 gloriantur.

265 998 334 1048 Et
363 1007 489 1048 sunt
527 994 773 1047 nonnulli
804 994 898 1064 qui
934 994 1239 1063 proximum
1276 992 1398 1062 plus
1423 1011 1478 1043 sc
1513 1003 1567 1043 et
1603 1009 1764 1061 quam
1801 992 1974 1042 Deum
2012 990 2268 1062 diligunt,
2310 1005 2371 1045 ut
2408 1009 2532 1047 sunt

262 1080 298 1130 ii
337 1079 430 1150 qui
469 1078 631 1130 flebili
667 1096 911 1130 carorum
948 1094 1125 1128 amore
1162 1075 1377 1127 sauciati
1414 1075 1517 1126 illis
1552 1073 1860 1144 indulgent,
1913 1073 2005 1126 sed
2046 1075 2317 1128 laboribus
2360 1089 2411 1129 et
2455 1099 2531 1131 ae-

262 1163 502 1232 rumpnis
533 1173 584 1214 et
620 1161 811 1231 vigiliis
849 1159 1040 1211 diebus
1065 1159 1201 1211 vitae
1238 1177 1362 1210 suae
1394 1176 1448 1210 se
1483 1169 1780 1220 macerant,
1822 1169 1874 1209 et
1910 1159 2080 1208 Deum
2118 1158 2391 1212 offendere
2420 1181 2532 1214 non

261 1255 537 1308 metuunt,
580 1243 868 1314 dummodo
906 1261 995 1294 eos
1032 1241 1218 1294 divites
1253 1242 1478 1306 faciant3
1530 1260 1667 1312 quos
1715 1260 1862 1293 senes
1912 1253 1964 1292 et
2000 1240 2227 1304 debiles,
2271 1242 2530 1297 derisores

264 1330 525 1380 sustinent
553 1340 605 1380 et
642 1328 1069 1379 subsannatores,
1113 1325 1222 1377 Nec
1258 1325 1293 1375 ii
1331 1325 1531 1376 habent
1566 1325 1868 1387 caritatem,
1917 1326 2012 1395 qui
2038 1326 2294 1395 proximis
2325 1329 2433 1379 suis
2479 1341 2532 1380 et

263 1411 475 1481 collegis
495 1452 507 1475 ,
549 1412 590 1463 si
627 1411 683 1462 in
720 1411 885 1470 malo,
925 1409 1072 1460 velut
1096 1408 1238 1460 fures
1262 1408 1471 1460 furibus
1492 1448 1505 1471 ,
1535 1420 1774 1478 raptores
1809 1408 2144 1478 raptoribus,
2186 1410 2367 1461 molles
2401 1413 2532 1463 mol-

260 1493 400 1545 libus
423 1536 435 1559 ,
477 1513 667 1565 agapas
704 1492 1063 1556 distribuunt3
1105 1491 1197 1544 sed
1235 1510 1294 1543 ea
1333 1502 1411 1543 est
1446 1491 1678 1562 perfecta
1715 1492 1901 1543 caritas
1933 1510 2071 1562 quae
2097 1493 2269 1561 operit
2295 1494 2532 1546 multitu-

262 1576 437 1628 dinem
476 1588 848 1647 peccatorum,
890 1577 1061 1627 Deum
1099 1574 1316 1644 diligere
1353 1576 1490 1626 ultra
1526 1593 1624 1626 nos
1647 1615 1661 1637 ,
1702 1587 1755 1626 et
1791 1575 2091 1645 proximum
2131 1576 2265 1627 sicut
2305 1596 2416 1629 nos.

379 1663 495 1714 158.
538 1663 615 1713 De
646 1662 1098 1731 eleemosynarum
1124 1678 1251 1710 vero
1290 1658 1694 1721 distributione,
1733 1657 1866 1728 quid
1891 1657 2037 1708 aliud
2063 1659 2394 1711 sentiendum
2428 1674 2523 1726 est,

262 1762 422 1815 quam
460 1744 607 1814 quod
641 1744 900 1796 Dominus
926 1745 982 1795 in
1007 1743 1278 1813 evangelio
1305 1742 1534 1795 declarat
1563 1742 1773 1794 dicens*
1795 1762 1806 1792 ε
1846 1761 1964 1792 cum
1991 1742 2116 1793 facis
2143 1743 2528 1815 eleemosynam

261 1827 457 1879 nesciat
496 1828 708 1878 sinistra
749 1838 839 1878 tua
877 1825 1009 1897 quid
1045 1826 1202 1878 faciat
1238 1824 1452 1877 dextera
1489 1838 1598 1877 tua.
1648 1825 1701 1876 Si
1745 1825 1884 1877 enim
1923 1825 2284 1896 eleemosynae
2331 1847 2525 1882 vacuae

261 1910 332 1962 ob
354 1909 536 1962 mundi
561 1929 672 1962 non
699 1910 885 1961 fierent
911 1910 1149 1979 gloriam,
1180 1927 1518 1979 nequaquam
1541 1909 1780 1960 Salvator
1804 1905 2083 1960 adiecisset
2103 1909 2336 1962 dicens*:
2368 1933 2527 1965 amen

261 2013 420 2045 amen
460 1994 577 2045 dieo
615 1993 780 2054 vobis,
828 2005 1131 2063 receperant
1168 1993 1448 2044 mercedem
1484 2011 1664 2043 suam.
1705 1992 1805 2044 Sed
1844 2005 1896 2044 et
1928 1993 2259 2063 eleemosyna
2283 1995 2403 2047 licet
2427 2016 2526 2066 pro

263 2076 450 2128 mundi
489 2095 598 2127 non
635 2076 791 2128 detur
827 2076 990 2145 gloria
1011 2116 1024 2138 ,
1066 2087 1280 2146 oportet
1311 2087 1488 2145 tamen
1524 2087 1585 2126 ut
1609 2075 1849 2127 ordinate
1887 2075 2265 2140 distribuatur,
2296 2091 2354 2130 ut
2378 2081 2525 2149 prius

260 2180 290 2212 a
328 2160 622 2212 domesticis
658 2159 781 2211 fidei
824 2159 1141 2229 incipiatur,
1183 2171 1234 2210 et
1271 2160 1338 2211 ab
1376 2160 1458 2210 his
1494 2159 1820 2229 pauperibus
1857 2160 2054 2229 quibus
2092 2160 2362 2212 intellectu
2389 2182 2526 2233 opus

258 2255 339 2295 est
360 2284 374 2307 ,
416 2243 484 2296 de
521 2243 718 2314 quibus
743 2242 1000 2311 scriptum
1026 2242 1168 2294 est*:
1205 2243 1388 2294 beatus
1412 2244 1508 2313 qui
1540 2242 1796 2313 intelligit
1822 2261 1986 2312 saper
2011 2263 2231 2314 egenum
2257 2257 2306 2295 ec
2326 2265 2530 2317 palipe-

256 2328 500 2389 rem,'in
538 2327 624 2377 die
650 2326 800 2377 mala
830 2325 1072 2377 liberabit
1101 2345 1222 2377 eum
1253 2327 1549 2378 Dominus.
1585 2326 1815 2396 Oportet
1847 2344 1973 2377 vero
2009 2338 2070 2377 ut
2106 2339 2157 2378 et
2195 2329 2528 2399 propinquos

261 2412 465 2482 generis
501 2411 578 2461 tui
615 2429 726 2461 non
763 2410 1065 2460 horrescas:
1092 2421 1250 2480 turpe
1276 2420 1352 2461 est
1378 2410 1518 2460 enim
1542 2409 1642 2460 illis
1667 2409 1972 2478 egentibus,
2003 2410 2117 2460 aliis
2144 2410 2528 2482 eleemosynam

262 2494 526 2557 tribuere;
562 2494 632 2544 ita
671 2492 969 2556 dumtaxat,
1008 2504 1067 2543 ut
1105 2493 1179 2544 eis
1217 2504 1460 2563 sumptus
1498 2491 1815 2544 necessarios
1852 2511 1964 2543 non
2002 2511 2182 2563 neges,
2226 2505 2277 2545 et
2310 2513 2372 2546 ex
2403 2497 2529 2548 elee-

262 2577 496 2647 mosynis
532 2594 623 2627 eos
651 2574 838 2628 divites
876 2594 987 2627 non
1025 2575 1202 2627 facias.

377 2662 491 2730 159.
535 2659 769 2719 Afflictio
806 2678 933 2710 vero
969 2660 1209 2728 corporis
1244 2671 1297 2711 et
1336 2659 1511 2712 cordis
1548 2678 1608 2711 ea
1645 2671 1722 2711 est
1759 2678 1894 2730 quae
1932 2660 2291 2712 remissionem
2338 2663 2526 2715 tribuit

260 2754 593 2813 peccatorum
613 2783 626 2804 ,
657 2741 875 2813 quando
912 2742 1032 2812 quis
1057 2742 1130 2794 sic
1155 2742 1300 2812 luget
1323 2744 1602 2813 praeterita
1620 2784 1632 2807 ,
1662 2754 1722 2793 ut
1747 2742 1813 2794 de
1838 2743 2030 2793 talibus
2052 2762 2119 2794 ne
2139 2745 2288 2795 iteret
2322 2756 2521 2797 caveat.

261 2826 366 2891 Qui
405 2827 542 2878 enim
576 2825 955 2895 paenitentiam
992 2825 1076 2876 sic·
1102 2826 1231 2895 agit,
1273 2837 1332 2877 ut
1359 2826 1594 2895 praefixa
1632 2826 1732 2876 sibi
1768 2826 2123 2896 paenitentiae
2147 2831 2398 2897 'tempora
2432 2848 2525 2880 an-

260 2910 380 2961 xius
417 2920 646 2979 spectet,
683 2908 805 2959 licet
835 2908 1001 2959 multo
1040 2919 1092 2959 et
1129 2926 1320 2977 magno
1358 2908 1540 2960 labore
1578 2909 1922 2978 corporisque
1960 2920 2011 2959 et
2047 2909 2249 2961 animae
2290 2910 2524 2963 afflictio-

263 3011 343 3061 ne!
366 2992 433 3043 sit
466 3003 719 3052 vexatus,
760 2992 815 3041 in
853 3009 1057 3061 cassum
1088 2991 1351 3042 laborabit
1379 3031 1392 3054 ,
1429 2992 1470 3042 si
1503 2991 1570 3042 ad
1606 2990 1884 3061 repudiata
1914 2992 2063 3061 cupit
2093 2991 2363 3062 repedare.
2398 2994 2519 3046 Non

260 3076 401 3126 enim
441 3075 703 3144 temporis
740 3073 1046 3143 prolixitate
1092 3084 1397 3143 acceptatur
1441 3075 1799 3144 paenitentia,
1841 3073 1932 3125 sed
1981 3074 2269 3140 fructibus;
2323 3076 2525 3129 fructus

259 3170 430 3210 autem
463 3157 608 3227 digni
648 3157 1033 3226 paenitentiae,
1062 3168 1170 3208 este
1201 3157 1357 3208 beato
1395 3158 1684 3227 Gregorio,
1714 3159 1769 3208 hi
1807 3169 1962 3208 sunt:
1999 3169 2060 3208 ut
2097 3159 2338 3229 quisquis
2376 3162 2525 3212 novit

260 3260 315 3293 se
364 3241 543 3292 illicita
581 3250 942 3309 perpetrasse,
983 3258 1014 3290 a
1053 3239 1204 3291 licitis
1245 3241 1525 3292 abstineat.
1567 3240 1729 3305 Quod
1772 3241 1813 3292 si
1859 3241 2231 3293 abstinendum
2271 3261 2301 3293 a
2338 3243 2520 3309 licitis,

262 3335 464 3394 quanto
501 3323 664 3391 magis
701 3322 767 3372 ab
806 3322 1031 3373 illicitis?
1067 3323 1359 3375 Paenitenti
1396 3324 1537 3375 enim
1565 3324 1785 3394 publico
1824 3343 1936 3375 non
1969 3325 2090 3376 lieet
2115 3327 2523 3396 negotiationem

260 3423 540 3467 exercere,
590 3424 734 3455 arma
779 3416 1009 3473 gestare,
1064 3423 1285 3457 uxorem
1337 3405 1566 3468 ducere,
1622 3406 1925 3458 forensibus
1970 3409 2192 3478 negotiis
2240 3410 2515 3479 implicari.

261 3487 423 3554 Quod
449 3490 490 3538 si
515 3488 882 3558 proximorum
907 3505 988 3538 res
1019 3487 1240 3539 mobiles
1268 3488 1350 3540 vel
1378 3488 1669 3541 immobiles
1694 3489 1826 3541 clam
1852 3490 2087 3560 palamve
2115 3493 2379 3563 rapuerit,
2409 3511 2521 3544 non

261 3583 439 3643 potest
472 3570 538 3622 ad
572 3571 950 3640 paenitentiam·
977 3569 1209 3633 admitti,
1251 3571 1351 3622 nisi
1389 3572 1538 3642 prius
1578 3573 1755 3623 omnia
1797 3573 2030 3643 spoliatis
2063 3575 2143 3626 vel
2183 3574 2343 3625 multa
2380 3575 2519 3625 rein-

261 3664 551 3723 tegrentur,
587 3653 630 3703 si
662 3653 821 3704 fuerit
854 3651 997 3704 unde
1023 3654 1189 3723 possit
1221 3652 1392 3705 reddi.
1425 3653 1591 3705 Simili
1625 3654 1784 3708 modo
1815 3656 2144 3727 pensandum
2172 3657 2194 3680 ⁴‘
2224 3667 2301 3707 est
2338 3655 2404 3707 de
2438 3656 2519 3707 his

261 3818 356 3889 qui
372 3818 619 3870 avaritiae
641 3829 890 3889 quaestU,
925 3829 986 3870 ut
1008 3818 1140 3871 alios
1171 3818 1465 3891 decipiant,
1498 3820 1772 3890 periurare
1796 3841 1907 3874 non
1932 3833 2194 3874 metuunt.
2235 3821 2301 3872 Et
2329 3819 2395 3872 de
2437 3821 2518 3873 his

2309 3905 2344 3944 K

509 4000 526 4020 l

2582 428 2598 445 *¹
2614 427 2701 457 Cant.
2722 427 2760 457 11.
2780 431 2806 457 4.

2578 1757 2711 1788 *Mattm
2735 1759 2788 1805 Vl.
2812 1764 2842 1789 α.

2583 2262 2598 2279 *
2617 2262 2666 2291 Ρ5.
2696 2266 2759 2294 XL.
2781 2266 2807 2291 2.

2571 3010 2640 3040 cod.
2660 3011 2682 3040 f.
2702 3015 2746 3041 82.
2766 3018 2794 3040 a.

2567 3676 2581 3694 ⁴
2601 3675 2644 3705 ita
2661 3676 2730 3707 cod.
