2996 4432
409 1687 422 1702 ‘⁹
441 1686 482 1714 ita
499 1684 565 1714 cod.

350 2268 417 2296 cod.
437 2268 456 2297 f.
476 2272 516 2297 18.
538 2267 567 2296 Ι).

604 255 665 300 20
1564 264 1625 295 Ex
1659 264 1788 296 mimo
1819 265 1871 296 11.

610 361 760 402 canat
793 349 890 400 hos
920 347 1175 418 psalmos:
1214 346 1445 399 miserere
1482 348 1584 398 mei
1618 349 1783 401 Deus.
1823 349 1978 400 Deus·
1997 348 2055 400 in
2084 349 2299 402 nomine
2325 361 2432 404 tao.
2463 351 2709 406 Miserere
2733 356 2834 406 mei

607 435 784 494 Deus,
820 431 1053 499 miserere
1091 430 1210 480 mei.
1239 431 1387 482 Deus
1425 430 1483 483 in
1519 431 1849 483 adiutorium
1888 448 2077 483 meum.
2120 433 2215 484 His
2244 433 2431 496 finitis,
2469 436 2705 506 sequitur
2742 437 2835 489 do-

608 515 795 567 minica
829 514 995 567 oratio
1016 554 1028 577 ‚
1073 532 1191 565 cum
1231 514 1472 583 capitulis
1511 514 1944 582 orationibusque
1984 517 2343 586 sequentibus.
2375 517 2544 570 xTunc
2583 518 2835 572 diaconus

608 617 675 650 ex
705 608 854 668 parte
896 596 1271 668 paenitentium
1313 595 1449 648 dicat
1481 596 1555 667 ad
1595 598 1927 668 episcopum:
1971 597 2266 670 redintegra
2306 602 2362 652 in
2403 601 2476 653 eis
2496 642 2509 666 ,
2550 603 2837 674 apostolice

609 681 878 753 pontifex,
911 680 1170 751 quicquid
1203 679 1414 732 diabolo
1451 678 1703 732 suadente
1729 691 2035 750 corruptum
2066 692 2171 745 est,
2208 693 2260 735 et
2291 684 2588 736 orationum
2623 696 2835 738 tuarum

609 763 1060 834 patrocinantibus
1096 763 1292 815 meritis
1328 781 1425 833 per
1461 761 1665 814 divinae
1704 763 2140 816 reconciliationis
2180 766 2428 835 gratiam,
2470 767 2551 819 fac
2599 768 2838 820 homines

609 848 876 917 proximos
907 848 1020 898 Deo
1039 887 1051 910 ‚
1087 858 1147 898 ut
1177 846 1270 916 qui
1301 856 1453 898 antea
1486 846 1542 896 in
1577 845 1684 896 suis
1709 846 2133 915 perversitatibus
2169 847 2545 918 displicebant,
2579 869 2724 902 nunc
2754 869 2839 902 au·

610 941 713 981 tem
747 948 801 981 se
829 929 1032 1000 placere
1069 929 1122 980 in
1155 929 1366 999 regione
1395 928 1662 989 vivorum,
1700 926 1903 981 devicto
1934 930 2111 981 mortis
2143 948 2266 982 suae
2302 943 2544 997 auctore,
2583 934 2838 1003 gratulen-
2893 940 2895 942 ’

610 1025 716 1064 tur.
755 1012 907 1064 Tunc
940 1013 1215 1083 episcopus
1251 1028 1549 1063 sermonem·
1570 1009 1637 1086 ad
1668 1011 1996 1081 paenitentes
2034 1012 2191 1064 dicat.
2226 1013 2350 1079 Quo
2386 1014 2565 1079 finito,
2600 1012 2836 1087 imponat
2898 1041 2921 1052 -
2983 1042 2993 1044 ⁷*

612 1085 957 1166 antiphona-m
985 1113 1102 1145 cum
1134 1093 1335 1163 psalmo
1367 1092 1528 1144 venite
1539 1113 1562 1155 ,·
1602 1103 1653 1144 et
1687 1095 1969 1146 manuatim
2006 1096 2327 1166 paenitentes
2364 1097 2430 1148 ab
2469 1098 2837 1152 archidiacono
2898 1110 2899 1113 ’

613 1178 801 1230 dentur
837 1179 893 1229 in
923 1195 1104 1228 manus
1134 1176 1399 1246 episcopi:
1433 1186 1484 1227 et
1511 1175 1788 1246 episcopus
1818 1176 2034 1247 singulis
2065 1193 2248 1230 manus
2279 1179 2585 1250 imponenS,
2622 1200 2710 1234 eos
2736 1182 2839 1235 dia·
2883 1234 2886 1236 ,
2944 1245 2949 1247 ,

613 1262 831 1315 conibus
860 1259 1059 1323 tradat3
1096 1271 1147 1312 et
1178 1259 1252 1309 illi
1291 1259 1576 1311 manuatim
1610 1259 1800 1330 singuli
1825 1261 2057 1331 singulos
2088 1260 2430 1322 introducant
2465 1264 2521 1315 in
2550 1265 2833 1318 ecclesiam.

611 1345 678 1395 Et
718 1345 820 1395 hoc
856 1341 1140 1406 secundum
1175 1339 1470 1404 Roma‘nOS,
1511 1361 1648 1413 quos
1678 1358 1855 1395 omnes
1892 1343 2184 1396 Orientales
2216 1356 2268 1397 et
2305 1330 2838 1400 Germanorum‘imi-

614 1438 791 1479 tantur
815 1425 1073 1478 ecclesiae.
1111 1426 1352 1477 Ceterum
1382 1423 1725 1478 occidentales
1748 1426 1806 1477 in
1835 1426 1938 1478 hoc
1967 1426 2350 1496 aliquantulum
2374 1426 2625 1480 videntur
2656 1429 2841 1491 discre-

613 1528 766 1581 pare;
807 1527 924 1559 nam
969 1509 1115 1578 prius
1140 1526 1297 1578 quam
1337 1507 1403 1559 ab
1441 1507 1808 1560 archidiacono
1850 1509 2134 1571 manuatim
2159 1510 2442 1580 susceperit
2472 1512 2828 1581 paenitente5‚

615 1593 761 1645 alteri
791 1590 1126 1643 commendat
1155 1590 1402 1655 diacon0‚
1445 1601 1504 1642 ut
1542 1591 1653 1662 ipse
1693 1609 1872 1644 omnes
1901 1592 2046 1643 iuxta
2085 1593 2293 1643 ianuam
2335 1592 2543 1646 ordinet
2572 1595 2832 1648 ecclesiae.

616 1676 736 1740 Quo
767 1673 901 1726 facto
920 1715 932 1734 ‚
971 1674 1245 1744 episcopus
1268 1673 1539 1743 porrigens
1564 1673 1881 1742 gambuttam
1899 1674 2082 1726 *suam
2110 1675 2524 1744 paenitentibus,
2563 1677 2839 1747 imponens

617 1757 955 1827 antiphonam
985 1775 1073 1807 cor
1103 1756 1365 1807 mandam
1396 1774 1538 1818 crea,
1584 1756 1724 1808 clero
1758 1768 1997 1809 cantante
2030 1757 2312 1828 psalmum,
2350 1759 2500 1810 matri
2547 1759 2719 1811 reddit
2755 1779 2840 1813 ec-

617 1839 1125 1894 clesiae„.Scienduni
1167 1851 1340 1891 tamen
1372 1851 1479 1904 est,
1532 1839 1657 1910 quia
1694 1859 1803 1892 non
1846 1858 2024 1892 omnes
2060 1841 2154 1911 qui
2197 1840 2494 1893 redduntur
2526 1861 2622 1913 per
2654 1862 2840 1896 manus

618 1923 846 1994 episcopi
895 1918 1166 1985 ecclesiae,
1215 1942 1278 1975 eo
1319 1922 1403 1975 die
1440 1941 1618 1974 >sacrae
1660 1924 2040 1976 communionis
2072 1937 2335 1977 merentur
2376 1927 2590 1995 gratiam
2612 1967 2625 1990 ,
2670 1926 2762 1980 sed
2803 1927 2838 1978 ii

615 2017 815 2058 tantum
850 2006 942 2075 qui
972 2017 1180 2076 peracta
1212 2005 1531 2075 paenitentia
1564 2006 1791 2058 caelestis
1817 2024 2022 2058 mensae
2052 2007 2475 2078 redintegrantur
2503 2009 2761 2061 convivio.

719 2091 777 2150 ζμ
793 2130 803 2139 .
833 2087 1082 2159 Superius
1106 2088 1294 2140 dixisse
1319 2107 1399 2140 me
1422 2088 1659 2152 memini,
1689 2089 1754 2142 ab
1779 2089 2027 2160 apostolis
2053 2101 2103 2141 et
2121 2091 2421 2160 apostolicis
2443 2092 2568 2143 viris
2593 2092 2838 2144 ecclesia-e
2895 2122 2897 2124 ·

616 2169 864 2224 traditum
903 2190 1010 2224 esse
1028 2213 1040 2237 ‚
1076 2165 1361 2243 specialiter
1384 2172 1439 2222 in
1463 2190 1620 2223 caena
1645 2173 1856 2224 Domini
1891 2173 2180 2225 chrismatis
2205 2173 2317 2225 fieri
2342 2173 2532 2234 debere
2568 2193 2834 2227 consecra-

617 2257 842 2317 tionem,
881 2265 931 2306 et
960 2255 1338 2325 paenitentium
1374 2254 1878 2320 reconciliationem,
1917 2256 2043 2326 quia
2084 2255 2268 2308 ultimo
2303 2256 2494 2327 pascha
2531 2275 2648 2309 cum
2688 2257 2840 2310 disci-

617 2339 753 2409 pulis
790 2338 1049 2389 celebrato
1068 2377 1081 2400 ‚
1117 2344 1237 2407 p'ost
1269 2337 1409 2388 Petri
1441 2347 1836 2407 ceterorumque
1867 2336 2241 2409 discipulorum
2273 2338 2833 2409 pedumlavationem,

554 2462 559 2472 ,
618 2438 677 2477 ut
709 2425 860 2476 nobis
887 2424 1181 2494 evangelica
1206 2435 1382 2475 narrat
1406 2422 1652 2487 historia,
1686 2424 1876 2476 iterum
1909 2423 2170 2475 Christum
2200 2422 2388 2474 scimus
2417 2422 2716 2475 recubuisse
2735 2464 2747 2488 ,
2785 2436 2837 2475 et

618 2518 932 2559 sacramenta
964 2508 1042 2558 sui
1075 2508 1309 2577 corporis
1343 2518 1394 2558 et
1427 2506 1723 2576 sanguiniS,
1764 2518 1816 2558 et
1850 2505 2088 2558 ordinem
2121 2503 2419 2557 celebrandi
2458 2505 2706 2575 apostolis
2734 2517 2838 2572 trg—

617 2590 806 2644 didisse
840 2589 1093 2642 dicendo:
1136 2590 1231 2641 Ιιοο
1275 2602 1349 2641 est
1393 2608 1582 2660 corpus
1625 2606 1797 2660 meam
1811 2610 1835 2651 ,·
1878 2588 2099 2659 aecipite
2134 2599 2183 2638 et
2220 2587 2556 2639 manducate.
2596 2587 2841 2640 Similiter

616 2687 667 2725 et
704 2674 912 2726 calicem
949 2684 1226 2743 postquam
1267 2673 1501 2725 caenavit
1545 2670 1752 2724 dicens:
1801 2670 1956 2722 bibite
1991 2690 2056 2722 ew
2096 2689 2152 2724 eo
2189 2680 2385 2721 omnes,
2433 2670 2543 2722 Hie
2580 2681 2655 2722 est
2692 2671 2835 2722 enim

617 2756 763 2807 calix
807 2756 923 2806 novi
961 2766 1009 2806 et
1034 2755 1247 2813 ‚aeterni
1288 2756 1619 2817 testamenti,
1672 2747 1984 2824 mysterium*
2004 2754 2170 2825 fidei,
2214 2753 2310 2823 qai
2339 2753 2439 2823 pro
2479 2753 2614 2805 vobis
2654 2765 2704 2805 et
2734 2750 2857 2824 pro'

619 2840 801 2909 multis
837 2839 1150 2908 effundebar
1184 2840 1241 2889 in
1279 2829 1634 2906 remissionem
1663 2849 2017 2908 peccatoram.
2059 2838 2124 2888 Et
2157 2836 2276 2888 ideo
2311 2837 2502 2888 iustum
2536 2837 2726 2888 sanctis
2750 2854 2838 2907 pa·

537 2922 540 2926 ⁴
616 2923 783 2975 tribus
823 2923 991 2974 visum
1027 2934 1133 2985 est,
1171 2941 1232 2974 eo
1265 2922 1348 2974 die
1383 2941 1491 2992 quo
1522 2921 1685 2974 veteri
1714 2921 1908 2974 abolito
1942 2930 2279 2983 testamento,
2314 2930 2751 2981 sacramentorum
2776 2919 2833 2970 in

547 3035 549 3037 ·
617 3024 755 3058 novo
780 3016 1085 3057 testamento
1120 3006 1291 3076 coepit
1315 3004 1617 3068 exordium,
1647 3006 1932 3058 chrismatis
1963 3004 2087 3069 olei,
2116 2998 2267 3056 cuius
2293 3003 2555 3055 infusione
2580 3002 2700 3054 fons
2723 3021 2837 3066 san·

617 3089 869 3141 ctificatur
898 3089 1217 3158 baptismatis
1235 3130 1248 3153 ,
1282 3089 1489 3140 cuiusve
1510 3089 1757 3141 unctione
1787 3088 2029 3140 ecclesiae
2058 3086 2179 3151 filii,
2213 3086 2406 3144 Christi
2437 3085 2649 3155 (uncti)
2675 3087 2832 3138 voca-

617 3172 769 3234 bulo,
804 3173 916 3223 iure
942 3171 1130 3223 debere
1163 3171 1273 3223 fieri
1305 3172 1759 3229 consecrationem.
1792 3172 1941 3236 Quae
1970 3171 2072 3222 hoc
2103 3167 2260 3220 modo
2292 3167 2577 3221 secundum
2606 3168 2836 3220 ecclesia-
2887 3186 2893 3192 ·

620 3255 803 3305 sticum
841 3273 1035 3305 morem
1063 3255 1133 3306 sic
1167 3255 1367 3324 incipit.
1447 3252 1449 3254 ’
1672 3252 1674 3255 ’

722 3337 806 3396 42.
850 3336 993 3386 Hora
1029 3335 1130 3387 diei
1166 3337 1316 3389 tertia
1350 3335 1587 3407 procedit
1620 3335 1858 3407 pontifex
1895 3334 2140 3387 decenter
2162 3333 2409 3396 indutus»,
2437 3345 2498 3385 ut
2533 3351 2644 3385 mos
2668 3344 2746 3384 est
2779 3333 2836 3387 in

613 3418 1074 3487 :sollempnio'ribus
1099 3418 1489 3483 festivitatibuS,
1517 3437 1635 3471 cum
1663 3417 1939 3471 duodecim
1964 3417 2343 3481 sacerdotibUS,
2371 3428 2422 3468 et
2449 3427 2642 3492 septem
2668 3415 2838 3468 diaco·

578 3542 581 3545 .
619 3500 803 3563 nibuS‚
844 3510 894 3552 et
929 3500 1144 3552 totidem
1182 3501 1606 3554 subdiaconibus.
1649 3502 1931 3571 Postquam
1971 3518 2094 3552 vero
2135 3510 2321 3552 cantor
2358 3499 2701 3569 antiphonam
2740 3499 2837 3549 im·—

620 3582 853 3652 posuerit
875 3621 889 3644 ,
931 3581 1185 3651 hymnum
1225 3573 1515 3654 angelicum
1556 3583 1772 3654 incipiat
1791 3624 1803 3647 ,
1850 3594 1902 3635 et
1943 3583 2016 3634 sic
2055 3581 2272 3653 incipiat
2310 3580 2514 3632 missam
2550 3579 2830 3639 celebrare.

620 3666 756 3715 Dum
786 3683 909 3715 vero
940 3665 996 3736 in
1021 3684 1218 3718 canone
1244 3667 1310 3718 ad
1335 3686 1453 3719 eum
1478 3668 1652 3719 locum
1684 3666 1977 3736 pervenerit
2000 3666 2056 3717 in
2088 3683 2196 3736 quo
2227 3665 2299 3716 sic
2322 3664 2538 3734 legitur:
2561 3679 2833 3734 perquem

622 3747 747 3797 lzc'tec
785 3746 968 3797 omnia
1002 3765 1203 3818 semper
1235 3749 1371 3800 hona
1406 3767 1571 3811 ereas,
1600 3747 1973 3800 sacerdotibus
2003 3746 2188 3799 dextra
2218 3747 2470 3818 laevaque
2501 3743 2828 3814 compositis,

619 3830 834 3899 incipiat
875 3824 992 3881 cum
1029 3829 1098 3882 eis
1136 3830 1306 3883 oleum
1343 3820 1652 3905 ‘consacrare
1688 3830 2027 3894 infirmorum.
2072 3831 2369 3901 Postquam
2395 3846 2520 3880 vero
2559 3826 2837 3897 episcopus.
