2944 4426
1185 226 1230 258 ΙΝ
1261 224 1528 258 rnovssmua.

2422 215 2487 262 77

225 318 424 358 ettamen
444 314 501 358 ob
519 327 672 372 operae
689 313 950 358 sedulitatem
967 312 1168 357 laudato·
1186 317 1229 357 et
1243 327 1316 357 cu-
1385 309 1450 366 νὲς
1498 309 1566 361 δια
1600 334 1675 368 της
1715 315 1901 381 ἐργασίας
1941 312 2224 380 ἑπαινουμενεν·
2265 318 2308 365 εὖ
2342 313 2420 385 γὰρ
2459 314 2507 370 δη

221 385 289 428 ius
311 397 399 428 non
419 386 556 429 solum
585 386 687 429 utile
713 388 778 428 est
796 396 934 439 opus,
934 383 1031 427 sed
1050 383 1242 427 mirabile
1265 397 1314 427 ac

222 457 418 512 sapiens:
443 457 636 501 emendat
657 457 768 499 enim
790 460 964 499 naturae
987 455 1227 511 defectum,
1250 469 1318 499 ar-

222 527 277 569 tis
296 528 504 582 sollertia,
531 539 660 582 seque
686 526 938 569 fortioribus
960 528 1194 582 anteponit.
1219 527 1316 580 Vel,

225 611 303 653 per
330 600 550 641 formicam
580 597 754 652 quidem
783 598 1012 653 practicam
1044 597 1216 641 videtur
1248 599 1316 640 in-

220 683 353 714 nuere
379 671 490 712 vitae
517 670 750 723 rationem;
781 682 860 725 per
885 682 1012 725 apem
1039 683 1142 712 vero
1175 683 1317 713 rerum

223 741 622 795 contemplationem
636 772 648 794 ,
670 753 807 796 quam,
816 741 913 796 puri
925 754 1058 802 aeque
1075 754 1124 784 ac
1142 742 1315 797 impuri,

219 812 430 867 sapientes
459 815 502 854 et
526 812 797 867 insipientes,
827 811 882 854 ad
908 812 1070 855 animae
1097 813 1319 855 sanitatem

223 881 428 924 referunt.

277 953 396 1008 Opus
410 942 602 996 naturale
615 957 806 997 nostrum
816 984 829 1006 ,
850 953 1005 996 veritas
1020 957 1147 1009 atque
1165 954 1315 996 virtuS.

218 1023 336 1066 Sicut
367 1035 470 1078 ergo
499 1024 576 1079 qui
599 1023 757 1066 relictis
786 1024 1069 1078 agriculturae
1097 1017 1318 1068 laboribus

217 1098 397 1151 vagatur
411 1125 424 1147 ,
448 1095 508 1138 ita
531 1095 659 1138 etiam
677 1095 746 1137 hic
769 1094 1008 1137 doctrinam
1030 1095 1224 1151 vitaeque
1246 1109 1318 1138 re-

218 1165 360 1220 gulam
389 1166 586 1209 omittens
601 1197 614 1220 ,
641 1171 685 1208 et
702 1167 796 1209 ⁴vias
826 1166 881 1209 ad
909 1167 1211 1210 rectitudinem
1235 1166 1318 1210 du-

218 1239 362 1278 centes
381 1267 394 1288 ,
430 1249 584 1279 vanum
616 1237 810 1280 laborem
839 1238 1041 1280 exantlat.

275 1298 483 1360 Quoniam
501 1310 574 1363 qui
590 1309 792 1368 iustitiam
811 1314 1034 1363 operatur,
1050 1322 1100 1351 ex
1117 1311 1212 1352 Deo
1231 1314 1312 1362 est,

210 1380 328 1425 ,Deus
359 1385 500 1422 autem
531 1382 616 1423 vita
650 1383 743 1434 est;
777 1381 932 1435 impius
966 1372 1066 1424 vero
1098 1381 1235 1424 tendit
1261 1381 1316 1424 ad

220 1456 400 1494 mortem
413 1483 426 1504 ,
441 1465 546 1507 quae
562 1453 674 1495 vitae
692 1453 903 1495 contraria
915 1457 996 1495 est.
1014 1453 1094 1496 Vel
1109 1454 1210 1508 quia
1225 1466 1317 1513 oxm-

216 1523 259 1564 ni
273 1522 415 1565 studio
434 1523 589 1577 impius
603 1522 658 1565 ad
676 1523 896 1578 propriam
911 1527 1092 1566 mortem
1109 1524 1312 1567 decurrit.

271 1593 584 1636 Nonnullorum
614 1593 861 1649 dissipatio,
904 1594 956 1637 fit
986 1594 1198 1639 redituum
1241 1608 1313 1638 ac—

170 1659 176 1663 ’
215 1664 378 1718 cessio,
410 1666 500 1706 Deo
525 1664 610 1707 illis
637 1664 818 1708 addente
848 1678 924 1708 ceu
954 1665 1152 1708 fidelibus
1183 1679 1312 1709 oeco-

214 1735 352 1777 nomis
379 1735 480 1777 alias
510 1747 632 1790 opes.
660 1735 854 1789 Aliorum
879 1741 1018 1778 autem
1045 1738 1310 1790 cocervatio,

215 1804 265 1846 fit
281 1817 406 1847 causa
425 1806 743 1848 deminutionis.
769 1807 912 1861 Neque
927 1807 971 1849 id
989 1809 1190 1850 tamenin
1211 1821 1314 1850 cun-

213 1876 293 1918 ctis
334 1875 486 1918 accidit
501 1907 514 1929 ,
557 1889 611 1918 ne
645 1877 780 1919 virtus
812 1877 888 1920 fiat
928 1883 1074 1921 coacta
1116 1879 1312 1922 Ceterum

214 1948 291 2002 qui
309 1947 531 2002 incorpus
553 1953 810 2002 congregat,
835 1950 1154 2004 corruptionem
1171 1955 1308 2005 parat.

271 2019 366 2061 Pati
381 2019 579 2066 iniuriam
601 2019 761 2062 mavult
780 2051 791 2072 ,
815 2033 943 2075 quam
966 2021 1139 2064 inferre.
1161 2023 1311 2065 Domi-

211 2102 293 2132 nus
313 2090 511 2145 gloriatio
531 2091 620 2133 eius
639 2096 725 2146 est,
757 2091 997 2148 vindexque
1016 2095 1106 2137 eius
1132 2094 1207 2149 fit,
1230 2108 1313 2150 pu·

210 2162 330 2204 niens
359 2162 435 2216 qui
459 2162 580 2204 illum
603 2163 749 2218 inique
776 2163 967 2207 laedunt.

268 2232 528 2275 Affectiones
553 2234 643 2276 eius
667 2238 818 2289 utpote
847 2235 1074 2290 absurdas,
1104 2236 1311 2281 desideria

211 2306 308 2345 non'
332 2303 570 2346 voluntates
597 2305 826 2359 appellavit
841 2337 853 2359 ,
880 2318 986 2361 quas
1009 2308 1165 2350 inertes
1189 2308 1307 2364 dieit3

211 2386 266 2416 ne
293 2375 329 2417 si
351 2375 463 2417 forte
490 2376 732 2431 voluptaria
764 2382 962 2432 optaret,
991 2380 1116 2422 etiam
1147 2379 1202 2422 ad
1229 2380 1310 2423 ho-

206 2449 326 2488 nesta
347 2450 524 2501 torpens
539 2478 552 2500 ,
581 2453 817 2490 necaretur.

265 2517 328 2558 Ne
357 2520 516 2558 temere
551 2518 845 2562 testimonium
875 2519 989 2562 dicas
1017 2521 1134 2576 apud
1169 2524 1306 2577 magi-

207 2589 392 2641 stratus,
416 2588 492 2642 qui
509 2588 670 2643 aliquid
689 2590 842 2632 rescire
867 2592 1043 2634 volunt:
1065 2606 1160 2636 nam
1186 2594 1221 2636 si
1241 2607 1307 2638 res

209 2655 330 2699 aliter
357 2660 620 2713 apparuerit,
638 2659 692 2703 ad
716 2665 760 2703 te
784 2661 976 2704 debitum
1003 2664 1165 2706 recidet
1187 2655 1311 2719 quod

209 2739 297 2768 non
317 2729 475 2782 poteris
499 2730 682 2773 solvere.
711 2733 845 2774 Nemo
875 2733 987 2775 enim
1010 2746 1091 2788 pro
1120 2735 1204 2777 alio
1222 2735 1304 2778 bo-

205 2810 287 2840 nus
301 2828 314 2851 ,
345 2797 422 2840 sed
442 2798 524 2842 sibi
546 2802 627 2844 soli
645 2803 715 2845 vix
732 2803 930 2846 sufficiet.
952 2806 1132 2860 Exigent
1155 2811 1271 2849 certe
1288 2840 1300 2862 ,

206 2881 316 2924 quae
347 2872 397 2911 tu
427 2872 734 2927 spoponderis,
761 2876 1046 2929 magistratus.
1077 2878 1127 2919 In
1155 2890 1301 2921 mora-

203 2939 343 2993 libus,
367 2952 498 2994 opera
520 2942 719 2995 exigitur:
743 2945 788 2986 in
813 2946 1165 2990 intellectualibus
1186 2955 1302 2992 recte

206 3010 260 3053 de
288 3012 380 3052 Deo
408 3015 452 3053 et
478 3011 638 3054 mundo
667 3015 927 3068 opinandum
964 3024 1042 3062 est.
1077 3021 1192 3076 Quae
1223 3022 1300 3064 nisi

205 3081 312 3123 flant
330 3114 342 3135 ,
367 3083 560 3125 auferent
590 3085 898 3138 operimentum
928 3093 1048 3132 tuum
1065 3124 1078 3144 ,
1107 3096 1150 3134 et
1176 3094 1300 3147 spiri-

203 3151 352 3194 talium
378 3154 532 3196 virium
562 3158 733 3196 tuarum
763 3156 962 3200 solamen.
996 3161 1104 3204 Nam
1134 3162 1297 3218 latera,

201 3222 314 3263 vires
349 3222 603 3277 significant.
642 3225 756 3267 Sicut
790 3227 908 3280 apud
933 3229 1087 3274 Iobum
1124 3232 1177 3275 de
1207 3233 1300 3276 dia-

201 3291 304 3334 bolo
322 3306 332 3334 :
357 3293 488 3337 latera
507 3295 596 3338 eius
614 3309 743 3339 aenea
759 3326 771 3348 ,
796 3296 842 3339 id
863 3303 928 3340 est
946 3300 1055 3343 vires
1077 3304 1194 3346 vocis
1216 3306 1298 3347 mi-

200 3362 370 3405 nistrae.
404 3364 567 3407 Montes
589 3366 725 3408 Sionis
750 3367 882 3410 latera
902 3370 1128 3423 aquilonis.
1158 3375 1298 3419 Sancti

199 3437 366 3474 montes
398 3437 497 3475 sunt
528 3435 663 3478 Sionis
694 3441 736 3479 et
763 3436 896 3480 latera
934 3439 1023 3482 eius
1039 3471 1052 3493 ,
1090 3443 1178 3485 sive
1210 3446 1296 3488 vir-

197 3506 311 3546 tutes
321 3534 334 3556 ,
352 3505 574 3558 oppositae
589 3494 854 3551 boreae.'Vel
868 3509 951 3551 sic:
970 3511 1046 3565 qui
1061 3512 1163 3556 olim
1177 3522 1296 3559 erant

197 3573 329 3616 latera
354 3574 534 3628 boreae,
571 3590 684 3620 nunc
710 3579 847 3622 Sionis
872 3586 1039 3624 montes
1067 3589 1181 3627 sunt.

254 3644 453 3689 Invidum
484 3646 588 3690 dicit
608 3648 823 3692 hominem
849 3651 1118 3707 illiberalem,
1155 3659 1199 3696 et
1225 3656 1293 3699 di-

194 3715 318 3757 vinae
353 3717 586 3772 scripturae
622 3724 976 3776 contemptorem.
1019 3724 1129 3767 Cave
1162 3725 1294 3779 igitur

194 3797 250 3829 ne
285 3798 383 3830 cum
418 3787 504 3832 hoc
536 3791 751 3835 mediteris
784 3792 838 3836 de
876 3807 1018 3839 sacrae
1055 3797 1290 3853 scripturae

1387 403 1431 432 το
1447 381 1676 469 χρήσιμον
1712 386 1827 446 μόνεν
1865 384 1950 449 ἔχει
1987 387 2107 442 αυτῆς
2143 388 2188 438 ‘to‘
2222 386 2354 453 ἔργον,
2393 385 2506 436 ἀλλα

1394 473 1459 500 και
1506 451 1552 502 τό
1588 452 1828 517 θαυμαστον
1864 476 1932 504 και
1969 454 2099 523 σοφᾶν·
2139 457 2389 524 διωρθωσατο
2431 456 2508 525 γὰρ

1395 544 1440 572 το
1480 526 1551 579 τῆς
1592 546 1742 592 φυσεως
1781 522 1937 580 ἐλλιπὲς
1974 530 2024 591 τῇ
2061 529 2134 582 τῆς
2171 526 2315 591 τέχνης
2355 528 2506 595 σοφίᾳ,

1371 614 1460 660 ψκαί
1505 613 1580 643 ἴων
1629 617 1802 662 ἰσχυρῶν
1846 593 2120 662 Πρθῖὲθειταῧ
2157 620 2182 648 η
2217 596 2281 646 δια
2323 596 2395 683 μὲν
2438 620 2479 648 t:
2484 623 2508 648 υ

1395 685 1622 728 μυρμηκος,
1657 664 1728 718 τὴν
1761 687 1971 732 πρακτικην
1997 665 2093 715 ἔοικε
2120 669 2262 718 δηλοῦν
2303 666 2407 718 o‘do'w
2440 668 2506 718 διᾶ

1396 730 1436 782 δε
1474 737 1546 790 τῆς
1579 734 1808 797 μελιττης,
1844 758 1917 790 την
1949 758 2025 785 των
2063 735 2185 786 ὅντων
2199 737 2425 824 θεωρίαν,
2456 742 2505 792 ἦν

1395 825 1488 853 τινα
1520 803 1693 892 καθαροι
1724 829 1794 857 και
1825 805 2072 874 ἀκάθαρτοι,
2100 829 2220 893 σοφοι
2239 830 2305 857 και
2327 809 2466 876 ἄσοφοι
2486 848 2500 871 ,

1394 895 1493 941 προς
1529 897 1602 927 την
1637 879 1708 932 τῆς
1741 880 1876 942 ψυχῆς
1909 900 2041 945 υγειαν
2069 875 2370 965 προσφέρονται.

1467 947 1605 1009 Ἡμῶν
1640 969 1716 1015 γαρ
1749 969 1859 1015 εργον
1891 947 1997 1000 κατὰ
2029 944 2138 1016 φύσιν
2169 949 2196 1001 -ἦ
2228 946 2403 1002 ἀλήθεια
2432 973 2499 999 και

1391 1017 1419 1067 τῖ
1457 1015 1592 1080 ἀρετή·
1634 1020 1686 1072 ὦς
1723 1023 1789 1067 οὖν
1825 1022 1845 1068 ὅ
1885 1043 1974 1076 τους
2011 1017 2109 1068 we‘v:
2092 1043 2155 1077 υς
2200 1022 2270 1076 τῆς
2314 1021 2502 1086 γεωργίας

1391 1087 1506 1154 ἀφεις
1538 1091 1766 1150 πλανᾶται,
1800 1092 1923 1146 οὕτως
1945 1114 2006 1140 και
2035 1086 2144 1147 οὗτος
2175 1088 2399 1141 καταλιπων
2431 1113 2501 1142 ττν

1391 1156 1662 1207 διδασκαλίαν
1694 1157 1759 1208 καὶ
1793 1159 2120 1222 πολιτειάν,,καῖ
2146 1160 2221 1215 τὰς
2252 1162 2313 1212 ἐπ’
2346 1163 2499 1211 εὐθεῖαν

1390 1227 1583 1293 φερούσας
1616 1227 1755 1291 ἕδους,
1789 1254 1958 1294 ματαιον
1989 1230 2080 1283 πονο
2082 1253 2102 1280 ν
2140 1234 2293 1282 ἀντλει.

1457 1300 1613 1349 'Emi‘
1596 1323 1615 1348 ο
1638 1305 1754 1352 ,τοιῶν
1781 1324 1853 1355 την
1879 1300 2175 1364 δικαιοσύνην,’
2156 1324 2201 1351 εκ
2223 1307 2310 1351 θεοῦ
2328 1300 2495 1368 γέγονεν,

1387 1369 1407 1415 ὅ
1433 1366 1474 1416 de
1501 1368 1587 1425 θεος
1613 1370 1728 1427 ζωη
1715 1394 1824 1433 εςιν,
1850 1374 1869 1423 ὅ
1896 1372 1939 1423 δε
1963 1370 2116 1434 ἀσεβής
2142 1370 2318 1424 ὂιωκεται
2345 1375 2401 1428 εἷς
2427 1373 2498 1423 θά-

1386 1460 1506 1487 νατον
1528 1425 1594 1490 rev
1615 1446 1686 1496 τῆς
1706 1447 1839 1498 ζωης’
1827 1443 1976 1494 εναντίο
1979 1464 2014 1492 ν·
2035 1441 2060 1497 ὴ
2083 1447 2144 1495 ὅτι
2165 1450 2278 1495 πᾶσα
2302 1468 2327 1496 η
2348 1445 2498 1498 σπουόη

1386 1512 1443 1572 τῷ
1459 1510 1600 1572 οἷσεβει
1618 1536 1684 1562 και
1704 1514 1723 1562 ὅ
1745 1512 1860 1579 δρομο
1866 1539 1884 1570 ς
1905 1538 2001 1582 προς
2027 1512 2192 1566 θανατον
2218 1515 2361 1564 ἑαυτου
2391 1518 2490 1573 εἶς-ιν.

2542 949 2624 1015 av.
2677 954 2735 1016 :r

2538 1304 2613 1367 gups.
2632 1305 2683 1368 31³.
2700 1309 2746 1369 ἐς).

2568 1362 2573 1367 .
2610 1362 2616 1368 .
2637 1353 2660 1367 υ.
2674 1362 2681 1369 .
2722 1364 2729 1370 .

1458 1585 1548 1629 Τῶν
1578 1580 1650 1646 μὲν
1691 1586 1710 1633 ὅ
1717 1607 1992 1683 Οὑσνιορπισιως
2018 1625 2030 1646 ,
2069 1609 2140 1653 προ
2123 1585 2257 1637 οσοόου
2293 1585 2491 1643 ὑπόθεσις
2628 1609 2635 1617 ·

1386 1671 1539 1714 γινεται
1560 1693 1573 1710 .,
1608 1658 1678 1704 τοῦ
1713 1659 1810 1703 &eeu
1845 1679 1912 1723 πρε
1919 1656 2126 1745 otzlfievto3
2163 1659 2298 1710 αὐτοῖς
2334 1680 2385 1712 ως
2423 1682 2493 1708 πι-

1385 1724 1497 1775 στοῖς
1530 1722 1742 1787 οἰκονόμοις
1774 1727 1893 1794 ἔτερα
1916 1725 2130 1795 χρήματα·
2158 1732 2231 1778 τῶν
2258 1725 2301 1775 δὲ
2333 1729 2362 1779 τῖ
2391 1751 2490 1777 συν-

1382 1813 1595 1856 αγωγη,ε
1578 1793 1851 1852 ἐλαττωσεως·
1886 1802 1930 1846 οὐ
1962 1797 2175 1862 συμβαινει
2207 1795 2253 1846 δε
2292 1796 2356 1848 ἐπι
2391 1821 2491 1850 παν-

1383 1883 1459 1909 των
1479 1901 1492 1920 .,
1527 1888 1591 1913 ινα
1621 1865 1677 1928 μὲ
1706 1867 1958 1933 ἀναγκαστον
1995 1868 2158 1934 γένηται
2189 1891 2214 1920 η
2247 1867 2384 1956 ἀρετ-η·
2422 1893 2486 1919 και

1381 1930 1516 1988 ἄλλως
1549 1934 1627 1996 δὲ,
1660 1937 1679 1985 ὃ
1712 1936 1784 2001 μὲν
1818 1962 1873 1995 εις
1906 1963 1951 1990 το
1986 1944 2100 2004 σῶμα
2121 1978 2134 2000 ,
2169 1935 2335 2006 φβεραν.

1450 2006 1710 2060 ’Memfi-RQ.
1742 2032 1816 2078 γαρ
1849 2013 1914 2059 οὐκ
1943 2012 2130 2063 αόικῆσαι
2162 2031 2349 2077 αιρειται·
2389 2011 2407 2060 ὃ
2441 2009 2487 2060 δε

1381 2073 1503 2140 κύριος
1536 2099 1726 2142 καυχημα
1757 2084 1880 2131 αὐτοῧ
1910 2079 1958 2130 ὧν
1980 2122 1993 2140 .,
2028 2080 2231 2136 ἐκδικητης
2261 2084 2382 2130 αὐτοῦ
2412 2081 2484 2147 γί-

1383 2167 1493 2196 νεται
1515 2184 1528 2206 ,
1563 2171 1702 2216 τιμωρο
1687 2173 1842 2214 υμενος
1874 2176 1962 2209 τους
1994 2155 2226 2207 &amabam
2260 2150 2398 2202 αυτόν.

1434 2215 1542 2279 Τὰς
1574 2221 1676 2276 ἕξεις
1709 2223 1804 2271 αὐτο
1808 2246 1831 2270 υ
1866 2225 1918 2278 ὦς
1955 2222 2119 2289 ἀλέγευς
2152 2223 2273 2277 οὔσας
2297 2261 2309 2282 ,
2350 2227 2488 2274 ἐπιθυ-

1379 2311 1476 2350 μιας
1511 2292 1554 2338 οὐ
1583 2290 1792 2352 βουλήσεις
1826 2291 2035 2354 ἐκάλεσεν,
2069 2292 2119 2349 ἃς
2153 2291 2354 2348 ἀκινητους
2388 2290 2487 2344 εἰναι

1382 2379 1493 2424 φησι,
1526 2382 1632 2422 μηπο
1637 2384 1678 2411 τε
1705 2362 1747 2410 cie
1783 2386 1856 2413 των
1887 2363 2010 2416 ἦόεων
2044 2367 2266 2428 ἐπιθυμων,
2299 2387 2365 2413 και
2389 2387 2485 2431 προς

1382 2453 1423 2480 το
1456 2429 1578 2479 καλον
1611 2435 1731 2482 σ’κνῶν
1764 2437 2003 2502 ἀναιρειται.

1450 2500 1526 2554 Mn
1549 2525 1718 2569 μαρτυρε
1703 2528 1734 2552 ει
1758 2527 1828 2570 προ
1812 2528 1959 2560 πετως
1984 2505 2196 2557 ὂιδασκαλο
2181 2529 2270 2561 ις
2259 2528 2347 2573 περι
2375 2527 2486 2555 τινων

1378 2571 1625 2636 βουλομένων
1657 2579 1822 2637 μαθειν
1860 2575 2016 2627 ἀλλοιου
2052 2575 2128 2644 γὰρ
2165 2576 2282 2625 ἐκείνε
2285 2601 2308 2624 υ
2345 2576 2485 2644 φανέν-

1381 2663 1445 2696 τος
1466 2681 1479 2702 ,
1515 2643 1579 2694 ἐπι
1616 2643 1660 2693 σὲ
1695 2669 1740 2695 το
1773 2667 1865 2713 χρεο
1849 2670 1887 2701 ς
1919 2649 2004 2704 ἥξει
2036 2672 2094 2711 μη
2132 2648 2338 2711 ὀυναμενον
2376 2670 2485 2697 αωο-

1379 2733 1510 2762 τισαι·
1550 2715 1675 2771 οὐόεις,
1712 2739 1787 2782 γαρ
1829 2716 1932 2784 ὑπὲρ
1968 2718 2094 2769 αλλου
2136 2715 2316 2784 o'cyoc303·
2357 2718 2485 2782 ἓαυτῷ

1376 2805 1453 2849 γαρ
1483 2807 1598 2849 μογις
1622 2786 1788 2854 ἀρκέσει·
1815 2787 2082 2841 ἀπαιτήσουσι
2108 2788 2150 2838 δὲ
2173 2813 2234 2844 οις
2259 2787 2483 2854 ἐνηγγυῆσω

1376 2852 1622 2904 &damah-1
1658 2861 1697 2905 ἐν
1730 2879 1805 2920 μεν
1834 2859 2012 2918 ἠθικοῖς,
2038 2857 2208 2926 πραξεις·
2245 2862 2284 2907 ἐν
2317 2857 2358 2907 δὲ
2383 2881 2481 2923 γνω-

1375 2927 1504 2984 σεσιν,
1537 2926 1660 2992 &9653-
1692 2950 1778 2995 περι
1811 2932 1902 2976 θεοῦ
1930 2952 1996 2978 και
2027 2929 2176 2992 κόσμου
2199 2948 2313 2978 νοειν·
2346 2925 2399 2976 ὡν
2422 2931 2480 2991 μὴ

1373 2996 1531 3044 ατοόιόο
1518 2995 1681 3058 με’νων
1704 2996 1897 3061 λήψονται
1918 3022 1962 3048 το
1989 2999 2131 3050 σκέπον
2150 3023 2216 3048 και
2238 3003 2454 3049 ὂιανοιπαῧο
2440 3023 2478 3049 ν

1374 3086 1447 3119 τας
1481 3065 1652 3130 ψυχικας
1684 3091 1753 3118 σου
1779 3066 1976 3133 δυναμεις·
2009 3094 2051 3118 αι
2086 3093 2160 3137 γαρ
2193 3067 2476 3157 πλευραιηῃὸυ

1372 3134 1522 3198 νάμεως
1558 3138 1808 3205 ἐμφαντικαῖ·
1842 3142 1889 3194 ὦς
1918 3164 1986 3189 και
2023 3142 2060 3189 ἐν
2095 3145 2149 3205 τῷ
2169 3139 2261 3202 Ἱῶβ
2294 3161 2375 3206 περι
2412 3146 2479 3190 τοῦ

1371 3205 1590 3267 διαβόλου,
1625 3231 1668 3256 αι
1700 3210 1867 3276 πλευραι
1899 3234 1992 3260 αυτο
1996 3216 2042 3269 ὖ
2077 3209 2242 3277 πλευραι
2268 3214 2472 3275 χαλκειαι·

1370 3276 1548 3328 τουτέστι
1585 3277 1761 3344 ὂυναμεις
1796 3285 1923 3348 φωνῆς
1961 3279 2142 3331 διάκονε-ι
2179 3305 2247 3351 ορη
2286 3278 2385 3330 Σιων
2424 3303 2477 3332 τα

1369 3347 1516 3416 πλευρα
1549 3354 1616 3398 τεῧ
1627 3352 1780 3418 βοῤῥᾶ·
1817 3352 1849 3399 οἱ
1892 3355 1993 3418 ἅγιοι
2026 3352 2093 3418 ὅρη
2121 3352 2197 3403 εἰσι
2231 3357 2303 3407 τῆς
2336 3351 2434 3400 Σιων
2457 3391 2470 3412 ‚

1364 3441 1436 3467 και
1472 3418 1636 3485 πλευραι
1675 3425 1814 3476 αυτ-ἦς·
1855 3445 1940 3474 vitot
1983 3421 2165 3486 δυνάμεις
2202 3420 2468 3485 ἀντικεῖμεναι

1369 3493 1423 3552 τῷ
1451 3492 1515 3550 βο’
1483 3493 1589 3556 ρρᾷ.
1602 3489 1664 3540 Ἠ
1688 3495 1826 3547 οὕτως·
1853 3496 1886 3541 οἱ
1911 3490 2084 3543 naiton*
2063 3516 2175 3549 οντες
2208 3490 2374 3561 πλευραι
2403 3516 2469 3544 τευ

1363 3560 1433 3619 β;’
1413 3561 1518 3625 ρρἆ,
1552 3565 1618 3609 νῧν
1652 3559 1726 3611 εἶσι
1760 3566 1832 3618 τῆς
1863 3560 2010 3612 Σιων”
1992 3586 2073 3631 opn-

1435 3626 1613 3679 Βάσκανε
1599 3652 1637 3678 ν
1671 3654 1739 3681 τον
1769 3639 2007 3700 μικροπρεπῆ
2032 3658 2096 3683 και
2124 3656 2194 3682 την
2227 3632 2336 3682 θειαν
2370 3657 2465 3700 γρα-

1365 3719 1439 3765 φην
1471 3699 1687 3756 ἑξευτελιζᾱ
1692 3724 1766 3752 vra
1797 3724 1910 3771 φησι·
1942 3728 1997 3769 μη
2028 3726 2250 3756 συσκεπτου
2282 3727 2344 3752 ουν
2378 3726 2463 3770 περι

1362 3769 1629 3836 ἓεωρηματων
1653 3777 1804 3842 γραφῆς
1839 3797 1894 3829 τω
1923 3798 2103 3839 τοιευτῳ,
2136 3775 2237 3838 μηδὲ
2270 3773 2465 3825 ἀποκαλυ-

2529 2511 2603 2575 fiai}
2623 2511 2717 2575 ΨΧΙΙΧΙΙΕ.
2738 2517 2780 2541 26.

2509 3644 2582 3681 Cap.
2597 3645 2706 3673 xxm.

2453 3703 2461 3719 x
2510 3680 2698 3709 A.r⁹c..l›
