<?xml version="1.0" encoding="UTF-8"?>
<!DOCTYPE html PUBLIC "-//W3C//DTD XHTML 1.0 Transitional//EN"
    "http://www.w3.org/TR/xhtml1/DTD/xhtml1-transitional.dtd">
<html xmlns="http://www.w3.org/1999/xhtml" xml:lang="en" lang="en">
 <head>
  <title>
</title>
<meta http-equiv="Content-Type" content="text/html;charset=utf-8" />
  <meta name='ocr-system' content='tesseract 3.04.00' />
  <meta name='ocr-capabilities' content='ocr_page ocr_carea ocr_par ocr_line ocrx_word'/>
</head>
<body>
  <div class='ocr_page' id='page_1' title='image "./novaepatrumbibli07maiauoft/novaepatrumbibli07maiauoft_0773.png"; bbox 0 0 2996 4432; ppageno 0'>
   <div class='ocr_carea' id='block_1_1' title="bbox 1214 254 2450 302">
    <p class='ocr_par' dir='ltr' id='par_1_1' title="bbox 1214 254 2450 302">
     <span class='ocr_line' id='line_1_1' title="bbox 1214 254 2450 302; baseline 0 -4"><span class='ocrx_word' id='word_1_1' title='bbox 1214 265 1452 302; x_wconf 68' lang='lat' dir='ltr'><strong>noxxzoms.</strong></span> <span class='ocrx_word' id='word_1_2' title='bbox 2393 254 2450 298; x_wconf 78' lang='lat'><strong>21</strong></span> 
     </span>
    </p>
   </div>
   <div class='ocr_carea' id='block_1_2' title="bbox 216 348 2453 1000">
    <p class='ocr_par' dir='ltr' id='par_1_2' title="bbox 216 348 2453 1000">
     <span class='ocr_line' id='line_1_2' title="bbox 216 348 2453 424; baseline -0 -22"><span class='ocrx_word' id='word_1_3' title='bbox 216 350 440 405; x_wconf 80' lang='lat' dir='ltr'><strong>dixerit:</strong></span> <span class='ocrx_word' id='word_1_4' title='bbox 476 363 523 404; x_wconf 86' lang='lat' dir='ltr'><strong>et</strong></span> <span class='ocrx_word' id='word_1_5' title='bbox 551 371 671 424; x_wconf 78' lang='lat' dir='ltr'><strong>pax</strong></span> <span class='ocrx_word' id='word_1_6' title='bbox 700 350 814 403; x_wconf 88' lang='lat' dir='ltr'><strong>eius</strong></span> <span class='ocrx_word' id='word_1_7' title='bbox 837 351 910 402; x_wconf 87' lang='lat' dir='ltr'><strong>sit</strong></span> <span class='ocrx_word' id='word_1_8' title='bbox 938 367 1142 422; x_wconf 82' lang='lat' dir='ltr'><em>semper</em></span> <span class='ocrx_word' id='word_1_9' title='bbox 1167 349 1455 412; x_wconf 80' lang='lat' dir='ltr'><strong>vobiscum,</strong></span> <span class='ocrx_word' id='word_1_10' title='bbox 1498 348 1720 402; x_wconf 85' lang='lat' dir='ltr'><strong>resideat</strong></span> <span class='ocrx_word' id='word_1_11' title='bbox 1754 350 1810 401; x_wconf 93' lang='lat' dir='ltr'><strong>in</strong></span> <span class='ocrx_word' id='word_1_12' title='bbox 1840 348 1991 414; x_wconf 89' lang='lat' dir='ltr'><strong>sede,</strong></span> <span class='ocrx_word' id='word_1_13' title='bbox 2026 360 2334 419; x_wconf 85' lang='lat' dir='ltr'><strong>exspectans</strong></span> <span class='ocrx_word' id='word_1_14' title='bbox 2358 348 2453 401; x_wconf 90' lang='lat' dir='ltr'><strong>do-</strong></span> 
     </span>
     <span class='ocr_line' id='line_1_3' title="bbox 220 429 2452 504; baseline -0.001 -18"><span class='ocrx_word' id='word_1_15' title='bbox 220 453 317 487; x_wconf 89' lang='lat' dir='ltr'><strong>nec</strong></span> <span class='ocrx_word' id='word_1_16' title='bbox 352 435 573 486; x_wconf 84' lang='lat' dir='ltr'>chrisma</span> <span class='ocrx_word' id='word_1_17' title='bbox 605 452 724 486; x_wconf 92' lang='lat' dir='ltr'><strong>cum</strong></span> <span class='ocrx_word' id='word_1_18' title='bbox 759 432 994 504; x_wconf 87' lang='lat' dir='ltr'><strong>plenaria</strong></span> <span class='ocrx_word' id='word_1_19' title='bbox 1030 432 1362 503; x_wconf 67' lang='lat' dir='ltr'><strong>processione</strong></span> <span class='ocrx_word' id='word_1_20' title='bbox 1408 429 1632 495; x_wconf 84' lang='lat' dir='ltr'><strong>ducatur</strong></span> <span class='ocrx_word' id='word_1_21' title='bbox 1670 431 1737 484; x_wconf 93' lang='lat' dir='ltr'><strong>ad</strong></span> <span class='ocrx_word' id='word_1_22' title='bbox 1770 430 2208 484; x_wconf 86' lang='lat' dir='ltr'><strong>benedicendum.</strong></span> <span class='ocrx_word' id='word_1_23' title='bbox 2255 433 2316 483; x_wconf 83' lang='lat' dir='ltr'><strong>ln</strong></span> <span class='ocrx_word' id='word_1_24' title='bbox 2350 433 2452 484; x_wconf 94' lang='lat' dir='ltr'><strong>hoc</strong></span> 
     </span>
     <span class='ocr_line' id='line_1_4' title="bbox 220 513 2451 588; baseline -0.001 -20"><span class='ocrx_word' id='word_1_25' title='bbox 220 517 338 568; x_wconf 90' lang='lat' dir='ltr'><strong>loco</strong></span> <span class='ocrx_word' id='word_1_26' title='bbox 375 516 632 588; x_wconf 85' lang='lat' dir='ltr'><strong>quaedam</strong></span> <span class='ocrx_word' id='word_1_27' title='bbox 674 516 729 568; x_wconf 90' lang='lat' dir='ltr'><strong>in</strong></span> <span class='ocrx_word' id='word_1_28' title='bbox 766 514 1125 574; x_wconf 80' lang='lat' dir='ltr'><strong>consecrando</strong></span> <span class='ocrx_word' id='word_1_29' title='bbox 1158 514 1436 567; x_wconf 89' lang='lat' dir='ltr'><strong>chrismate</strong></span> <span class='ocrx_word' id='word_1_30' title='bbox 1475 513 1612 565; x_wconf 92' lang='lat' dir='ltr'><strong>inter</strong></span> <span class='ocrx_word' id='word_1_31' title='bbox 1642 515 1914 585; x_wconf 88' lang='lat' dir='ltr'><strong>episcopos</strong></span> <span class='ocrx_word' id='word_1_32' title='bbox 1947 513 2196 566; x_wconf 87' lang='lat' dir='ltr'><strong>videntur</strong></span> <span class='ocrx_word' id='word_1_33' title='bbox 2234 515 2451 566; x_wconf 85' lang='lat' dir='ltr'><strong>varieta-</strong></span> 
     </span>
     <span class='ocr_line' id='line_1_5' title="bbox 218 596 2451 667; baseline -0.002 -17"><span class='ocrx_word' id='word_1_34' title='bbox 218 611 326 652; x_wconf 81' lang='lat' dir='ltr'><strong>tes:</strong></span> <span class='ocrx_word' id='word_1_35' title='bbox 366 618 486 652; x_wconf 86' lang='lat' dir='ltr'><strong>nam</strong></span> <span class='ocrx_word' id='word_1_36' title='bbox 519 599 740 651; x_wconf 88' lang='lat' dir='ltr'><strong>Romani</strong></span> <span class='ocrx_word' id='word_1_37' title='bbox 774 609 827 650; x_wconf 93' lang='lat' dir='ltr'><strong>et</strong></span> <span class='ocrx_word' id='word_1_38' title='bbox 859 598 1138 662; x_wconf 87' lang='lat' dir='ltr'>Germani,</span> <span class='ocrx_word' id='word_1_39' title='bbox 1172 596 1430 650; x_wconf 88' lang='lat' dir='ltr'><strong>celebrata</strong></span> <span class='ocrx_word' id='word_1_40' title='bbox 1457 596 1790 667; x_wconf 85' lang='lat' dir='ltr'>processione</span> <span class='ocrx_word' id='word_1_41' title='bbox 1809 635 1822 658; x_wconf 94' lang='lat'><strong>,</strong></span> <span class='ocrx_word' id='word_1_42' title='bbox 1863 607 2144 666; x_wconf 81' lang='lat' dir='ltr'>postquam</span> <span class='ocrx_word' id='word_1_43' title='bbox 2181 596 2247 648; x_wconf 89' lang='lat' dir='ltr'><strong>ab</strong></span> <span class='ocrx_word' id='word_1_44' title='bbox 2283 597 2451 648; x_wconf 89' lang='lat' dir='ltr'><strong>archi-</strong></span> 
     </span>
     <span class='ocr_line' id='line_1_6' title="bbox 220 677 2451 751; baseline -0.002 -17"><span class='ocrx_word' id='word_1_45' title='bbox 220 681 453 734; x_wconf 90' lang='lat' dir='ltr'><strong>diacono·</strong></span> <span class='ocrx_word' id='word_1_46' title='bbox 472 681 760 733; x_wconf 88' lang='lat' dir='ltr'><strong>chrismatis</strong></span> <span class='ocrx_word' id='word_1_47' title='bbox 793 680 1022 751; x_wconf 85' lang='lat' dir='ltr'><strong>ampulla</strong></span> <span class='ocrx_word' id='word_1_48' title='bbox 1056 680 1123 732; x_wconf 86' lang='lat' dir='ltr'><strong>ad</strong></span> <span class='ocrx_word' id='word_1_49' title='bbox 1155 677 1834 749; x_wconf 68' lang='lat' dir='ltr'><strong>benedicendum‚pontifici</strong></span> <span class='ocrx_word' id='word_1_50' title='bbox 1859 679 2016 730; x_wconf 88' lang='lat' dir='ltr'><strong>fuerit</strong></span> <span class='ocrx_word' id='word_1_51' title='bbox 2048 679 2252 742; x_wconf 90' lang='lat' dir='ltr'><strong>oblata,</strong></span> <span class='ocrx_word' id='word_1_52' title='bbox 2287 697 2451 731; x_wconf 90' lang='lat' dir='ltr'><strong>sacer-</strong></span> 
     </span>
     <span class='ocr_line' id='line_1_7' title="bbox 220 759 2453 834; baseline -0.003 -17"><span class='ocrx_word' id='word_1_53' title='bbox 220 764 434 817; x_wconf 91' lang='lat' dir='ltr'><strong>dotibus</strong></span> <span class='ocrx_word' id='word_1_54' title='bbox 470 763 652 816; x_wconf 86' lang='lat' dir='ltr'><strong>dextra</strong></span> <span class='ocrx_word' id='word_1_55' title='bbox 686 764 938 833; x_wconf 83' lang='lat' dir='ltr'><strong>laevaque</strong></span> <span class='ocrx_word' id='word_1_56' title='bbox 962 763 1295 834; x_wconf 79' lang='lat' dir='ltr'><strong>compositiS,</strong></span> <span class='ocrx_word' id='word_1_57' title='bbox 1331 773 1384 814; x_wconf 86' lang='lat' dir='ltr'><strong>et</strong></span> <span class='ocrx_word' id='word_1_58' title='bbox 1410 761 1477 814; x_wconf 89' lang='lat' dir='ltr'><strong>ad</strong></span> <span class='ocrx_word' id='word_1_59' title='bbox 1506 759 1919 814; x_wconf 88' lang='lat' dir='ltr'><strong>consecrandum</strong></span> <span class='ocrx_word' id='word_1_60' title='bbox 1951 761 2178 813; x_wconf 84' lang='lat' dir='ltr'><strong>chrisma</strong></span> <span class='ocrx_word' id='word_1_61' title='bbox 2201 780 2320 813; x_wconf 90' lang='lat' dir='ltr'><strong>cum</strong></span> <span class='ocrx_word' id='word_1_62' title='bbox 2350 762 2453 832; x_wconf 80' lang='lat' dir='ltr'><strong>epi-</strong></span> 
     </span>
     <span class='ocr_line' id='line_1_8' title="bbox 219 843 2452 917; baseline -0.002 -19"><span class='ocrx_word' id='word_1_63' title='bbox 219 864 381 917; x_wconf 87' lang='lat' dir='ltr'><strong>scopo</strong></span> <span class='ocrx_word' id='word_1_64' title='bbox 416 847 641 917; x_wconf 80' lang='lat' dir='ltr'><strong>paratiS,</strong></span> <span class='ocrx_word' id='word_1_65' title='bbox 673 864 783 898; x_wconf 90' lang='lat' dir='ltr'><strong>non</strong></span> <span class='ocrx_word' id='word_1_66' title='bbox 816 846 872 897; x_wconf 91' lang='lat' dir='ltr'><strong>in</strong></span> <span class='ocrx_word' id='word_1_67' title='bbox 899 845 1048 898; x_wconf 88' lang='lat' dir='ltr'><strong>altari</strong></span> <span class='ocrx_word' id='word_1_68' title='bbox 1078 844 1170 898; x_wconf 90' lang='lat' dir='ltr'><strong>sed</strong></span> <span class='ocrx_word' id='word_1_69' title='bbox 1203 843 1527 898; x_wconf 86' lang='lat' dir='ltr'><strong>subdiacono</strong></span> <span class='ocrx_word' id='word_1_70' title='bbox 1562 854 1774 896; x_wconf 90' lang='lat' dir='ltr'><strong>tenente</strong></span> <span class='ocrx_word' id='word_1_71' title='bbox 1805 843 2111 914; x_wconf 85' lang='lat' dir='ltr'><strong>ampullam,</strong></span> <span class='ocrx_word' id='word_1_72' title='bbox 2140 854 2258 895; x_wconf 89' lang='lat' dir='ltr'><strong>ante</strong></span> <span class='ocrx_word' id='word_1_73' title='bbox 2294 862 2452 914; x_wconf 91' lang='lat' dir='ltr'><strong>quam</strong></span> 
     </span>
     <span class='ocr_line' id='line_1_9' title="bbox 219 924 2450 1000; baseline -0.001 -20"><span class='ocrx_word' id='word_1_74' title='bbox 219 927 610 981; x_wconf 90' lang='lat' dir='ltr'><strong>benedictiones</strong></span> <span class='ocrx_word' id='word_1_75' title='bbox 650 929 933 1000; x_wconf 82' lang='lat' dir='ltr'><strong>incipiant,</strong></span> <span class='ocrx_word' id='word_1_76' title='bbox 975 928 1262 981; x_wconf 87' lang='lat' dir='ltr'><strong>balsamum</strong></span> <span class='ocrx_word' id='word_1_77' title='bbox 1296 928 1512 980; x_wconf 90' lang='lat' dir='ltr'><strong>miscent</strong></span> <span class='ocrx_word' id='word_1_78' title='bbox 1546 927 1602 979; x_wconf 89' lang='lat' dir='ltr'><strong>in</strong></span> <span class='ocrx_word' id='word_1_79' title='bbox 1644 926 1888 998; x_wconf 89' lang='lat' dir='ltr'><strong>ampulla.</strong></span> <span class='ocrx_word' id='word_1_80' title='bbox 1925 924 2290 987; x_wconf 89' lang='lat' dir='ltr'><strong>Occidentales</strong></span> <span class='ocrx_word' id='word_1_81' title='bbox 2324 945 2450 978; x_wconf 88' lang='lat' dir='ltr'><strong>vero</strong></span> 
     </span>
    </p>
   </div>
   <div class='ocr_carea' id='block_1_3' title="bbox 179 1009 2492 1083">
    <p class='ocr_par' dir='ltr' id='par_1_3' title="bbox 179 1009 2492 1083">
     <span class='ocr_line' id='line_1_10' title="bbox 179 1009 2492 1083; baseline -0.001 -21"><span class='ocrx_word' id='word_1_82' title='bbox 179 1058 182 1061; x_wconf 89' lang='lat'>.</span> <span class='ocrx_word' id='word_1_83' title='bbox 216 1030 375 1083; x_wconf 88' lang='lat' dir='ltr'><strong>super</strong></span> <span class='ocrx_word' id='word_1_84' title='bbox 409 1012 571 1064; x_wconf 86' lang='lat' dir='ltr'><strong>altare</strong></span> <span class='ocrx_word' id='word_1_85' title='bbox 606 1011 929 1065; x_wconf 87' lang='lat' dir='ltr'><strong>benedicunt</strong></span> <span class='ocrx_word' id='word_1_86' title='bbox 963 1012 1215 1075; x_wconf 88' lang='lat' dir='ltr'><strong>chrisma,</strong></span> <span class='ocrx_word' id='word_1_87' title='bbox 1253 1023 1306 1063; x_wconf 91' lang='lat' dir='ltr'><strong>et</strong></span> <span class='ocrx_word' id='word_1_88' title='bbox 1342 1011 1631 1072; x_wconf 83' lang='lat' dir='ltr'><strong>balsamum</strong></span> <span class='ocrx_word' id='word_1_89' title='bbox 1659 1010 1877 1062; x_wconf 89' lang='lat' dir='ltr'><strong>miscent</strong></span> <span class='ocrx_word' id='word_1_90' title='bbox 1910 1009 1967 1060; x_wconf 91' lang='lat' dir='ltr'><strong>in</strong></span> <span class='ocrx_word' id='word_1_91' title='bbox 2006 1027 2068 1060; x_wconf 90' lang='lat' dir='ltr'><strong>eo</strong></span> <span class='ocrx_word' id='word_1_92' title='bbox 2099 1009 2216 1060; x_wconf 91' lang='lat' dir='ltr'><strong>loco</strong></span> <span class='ocrx_word' id='word_1_93' title='bbox 2248 1009 2342 1059; x_wconf 92' lang='lat' dir='ltr'><strong>ubi</strong></span> <span class='ocrx_word' id='word_1_94' title='bbox 2379 1009 2451 1059; x_wconf 91' lang='lat' dir='ltr'><strong>sic</strong></span> <span class='ocrx_word' id='word_1_95' title='bbox 2489 1073 2492 1075; x_wconf 82' lang='lat'>.</span> 
     </span>
    </p>
   </div>
   <div class='ocr_carea' id='block_1_4' title="bbox 215 1091 2450 1495">
    <p class='ocr_par' dir='ltr' id='par_1_4' title="bbox 215 1091 2450 1495">
     <span class='ocr_line' id='line_1_11' title="bbox 215 1091 2449 1166; baseline -0.002 -20"><span class='ocrx_word' id='word_1_96' title='bbox 215 1093 439 1146; x_wconf 88' lang='lat' dir='ltr'><strong>dicitur:</strong></span> <span class='ocrx_word' id='word_1_97' title='bbox 475 1107 524 1147; x_wconf 91' lang='lat' dir='ltr'><strong>et</strong></span> <span class='ocrx_word' id='word_1_98' title='bbox 550 1096 791 1166; x_wconf 77' lang='lat' dir='ltr'><strong>Spiritus</strong></span> <span class='ocrx_word' id='word_1_99' title='bbox 821 1095 999 1147; x_wconf 85' lang='lat' dir='ltr'><strong>sancti</strong></span> <span class='ocrx_word' id='word_1_100' title='bbox 1023 1094 1308 1146; x_wconf 82' lang='lat' dir='ltr'><strong>admiscere</strong></span> <span class='ocrx_word' id='word_1_101' title='bbox 1336 1094 1592 1145; x_wconf 77' lang='lat' dir='ltr'><strong>virtutem.</strong></span> <span class='ocrx_word' id='word_1_102' title='bbox 1621 1091 1783 1158; x_wconf 75' lang='lat' dir='ltr'><strong>Quod</strong></span> <span class='ocrx_word' id='word_1_103' title='bbox 1815 1110 1940 1144; x_wconf 88' lang='lat' dir='ltr'><strong>vero</strong></span> <span class='ocrx_word' id='word_1_104' title='bbox 1971 1091 2027 1142; x_wconf 89' lang='lat' dir='ltr'><strong>in</strong></span> <span class='ocrx_word' id='word_1_105' title='bbox 2058 1109 2122 1143; x_wconf 93' lang='lat' dir='ltr'><strong>eo</strong></span> <span class='ocrx_word' id='word_1_106' title='bbox 2151 1091 2270 1142; x_wconf 93' lang='lat' dir='ltr'><strong>loco</strong></span> <span class='ocrx_word' id='word_1_107' title='bbox 2297 1091 2449 1142; x_wconf 89' lang='lat' dir='ltr'><strong>bene·</strong></span> 
     </span>
     <span class='ocr_line' id='line_1_12' title="bbox 219 1173 2444 1248; baseline -0.002 -20"><span class='ocrx_word' id='word_1_108' title='bbox 219 1176 481 1229; x_wconf 88' lang='lat' dir='ltr'><strong>nedicitur</strong></span> <span class='ocrx_word' id='word_1_109' title='bbox 499 1178 722 1230; x_wconf 87' lang='lat' dir='ltr'><strong>chrisma</strong></span> <span class='ocrx_word' id='word_1_110' title='bbox 740 1219 753 1242; x_wconf 96' lang='lat'><strong>,</strong></span> <span class='ocrx_word' id='word_1_111' title='bbox 781 1177 876 1229; x_wconf 91' lang='lat' dir='ltr'><strong>ubi</strong></span> <span class='ocrx_word' id='word_1_112' title='bbox 900 1196 1004 1248; x_wconf 82' lang='lat' dir='ltr'><strong>pax</strong></span> <span class='ocrx_word' id='word_1_113' title='bbox 1031 1175 1372 1228; x_wconf 90' lang='lat' dir='ltr'><strong>denuntiatur</strong></span> <span class='ocrx_word' id='word_1_114' title='bbox 1395 1176 1668 1238; x_wconf 88' lang='lat' dir='ltr'><strong>ecclesiae,</strong></span> <span class='ocrx_word' id='word_1_115' title='bbox 1702 1186 1822 1229; x_wconf 89' lang='lat' dir='ltr'><strong>ante</strong></span> <span class='ocrx_word' id='word_1_116' title='bbox 1848 1193 2005 1245; x_wconf 87' lang='lat' dir='ltr'><strong>quam</strong></span> <span class='ocrx_word' id='word_1_117' title='bbox 2030 1173 2415 1225; x_wconf 81' lang='lat' dir='ltr'><strong>communicent</strong></span> <span class='ocrx_word' id='word_1_118' title='bbox 2431 1214 2444 1236; x_wconf 90' lang='lat'>‚</span> 
     </span>
     <span class='ocr_line' id='line_1_13' title="bbox 218 1254 2447 1330; baseline -0.003 -19"><span class='ocrx_word' id='word_1_119' title='bbox 218 1260 321 1311; x_wconf 88' lang='lat' dir='ltr'><strong>hoc</strong></span> <span class='ocrx_word' id='word_1_120' title='bbox 344 1279 448 1330; x_wconf 86' lang='lat' dir='ltr'><strong>pro</strong></span> <span class='ocrx_word' id='word_1_121' title='bbox 477 1271 621 1312; x_wconf 91' lang='lat' dir='ltr'><strong>certo</strong></span> <span class='ocrx_word' id='word_1_122' title='bbox 652 1259 937 1329; x_wconf 82' lang='lat' dir='ltr'><strong>significat,</strong></span> <span class='ocrx_word' id='word_1_123' title='bbox 971 1277 1126 1311; x_wconf 91' lang='lat' dir='ltr'><strong>omne</strong></span> <span class='ocrx_word' id='word_1_124' title='bbox 1149 1270 1529 1310; x_wconf 90' lang='lat' dir='ltr'><strong>sacramentum</strong></span> <span class='ocrx_word' id='word_1_125' title='bbox 1552 1258 1608 1309; x_wconf 91' lang='lat' dir='ltr'><strong>in</strong></span> <span class='ocrx_word' id='word_1_126' title='bbox 1637 1275 1768 1328; x_wconf 91' lang='lat' dir='ltr'><strong>pace</strong></span> <span class='ocrx_word' id='word_1_127' title='bbox 1797 1257 1968 1308; x_wconf 84' lang='lat' dir='ltr'><strong>valere</strong></span> <span class='ocrx_word' id='word_1_128' title='bbox 1998 1255 2270 1319; x_wconf 87' lang='lat' dir='ltr'><strong>ecclesiae;</strong></span> <span class='ocrx_word' id='word_1_129' title='bbox 2300 1254 2447 1325; x_wconf 90' lang='lat' dir='ltr'><strong>quod</strong></span> 
     </span>
     <span class='ocr_line' id='line_1_14' title="bbox 218 1337 2450 1412; baseline -0.002 -19"><span class='ocrx_word' id='word_1_130' title='bbox 218 1341 261 1393; x_wconf 91' lang='lat' dir='ltr'><strong>si</strong></span> <span class='ocrx_word' id='word_1_131' title='bbox 286 1342 340 1392; x_wconf 92' lang='lat' dir='ltr'><strong>in</strong></span> <span class='ocrx_word' id='word_1_132' title='bbox 365 1360 493 1412; x_wconf 88' lang='lat' dir='ltr'><strong>pace</strong></span> <span class='ocrx_word' id='word_1_133' title='bbox 529 1360 639 1394; x_wconf 89' lang='lat' dir='ltr'><strong>non</strong></span> <span class='ocrx_word' id='word_1_134' title='bbox 670 1342 828 1393; x_wconf 88' lang='lat' dir='ltr'><strong>fuerit</strong></span> <span class='ocrx_word' id='word_1_135' title='bbox 859 1341 1038 1393; x_wconf 92' lang='lat' dir='ltr'><strong>datum</strong></span> <span class='ocrx_word' id='word_1_136' title='bbox 1074 1341 1316 1393; x_wconf 89' lang='lat' dir='ltr'><strong>ecclesiae</strong></span> <span class='ocrx_word' id='word_1_137' title='bbox 1334 1381 1347 1405; x_wconf 94' lang='lat'><strong>,</strong></span> <span class='ocrx_word' id='word_1_138' title='bbox 1379 1340 1502 1392; x_wconf 89' lang='lat' dir='ltr'><strong>licet</strong></span> <span class='ocrx_word' id='word_1_139' title='bbox 1530 1359 1640 1392; x_wconf 92' lang='lat' dir='ltr'><strong>non</strong></span> <span class='ocrx_word' id='word_1_140' title='bbox 1674 1337 1973 1391; x_wconf 89' lang='lat' dir='ltr'><strong>iterandum</strong></span> <span class='ocrx_word' id='word_1_141' title='bbox 2002 1349 2222 1409; x_wconf 88' lang='lat' dir='ltr'><strong>propter</strong></span> <span class='ocrx_word' id='word_1_142' title='bbox 2251 1338 2355 1389; x_wconf 90' lang='lat' dir='ltr'><strong>vim</strong></span> <span class='ocrx_word' id='word_1_143' title='bbox 2379 1356 2450 1389; x_wconf 88' lang='lat' dir='ltr'><strong>sa-</strong></span> 
     </span>
     <span class='ocr_line' id='line_1_15' title="bbox 219 1419 2450 1495; baseline -0.002 -20"><span class='ocrx_word' id='word_1_144' title='bbox 219 1425 500 1490; x_wconf 85' lang='lat' dir='ltr'><strong>cramenti,</strong></span> <span class='ocrx_word' id='word_1_145' title='bbox 531 1425 931 1495; x_wconf 86' lang='lat' dir='ltr'><strong>suscipientibus</strong></span> <span class='ocrx_word' id='word_1_146' title='bbox 949 1435 1135 1476; x_wconf 83' lang='lat' dir='ltr'><strong>tamen</strong></span> <span class='ocrx_word' id='word_1_147' title='bbox 1165 1423 1238 1474; x_wconf 88' lang='lat' dir='ltr'><strong>nil</strong></span> <span class='ocrx_word' id='word_1_148' title='bbox 1268 1421 1548 1493; x_wconf 85' lang='lat' dir='ltr'><strong>prodesse,</strong></span> <span class='ocrx_word' id='word_1_149' title='bbox 1585 1422 1686 1474; x_wconf 90' lang='lat' dir='ltr'><strong>nisi</strong></span> <span class='ocrx_word' id='word_1_150' title='bbox 1717 1421 1786 1474; x_wconf 92' lang='lat' dir='ltr'><strong>ad</strong></span> <span class='ocrx_word' id='word_1_151' title='bbox 1810 1422 2066 1481; x_wconf 83' lang='lat' dir='ltr'><strong>unitatem</strong></span> <span class='ocrx_word' id='word_1_152' title='bbox 2095 1419 2344 1472; x_wconf 86' lang='lat' dir='ltr'><strong>redierint</strong></span> <span class='ocrx_word' id='word_1_153' title='bbox 2376 1438 2450 1471; x_wconf 90' lang='lat' dir='ltr'><strong>ec-</strong></span> 
     </span>
    </p>
   </div>
   <div class='ocr_carea' id='block_1_5' title="bbox 146 1507 418 1559">
    <p class='ocr_par' dir='ltr' id='par_1_5' title="bbox 146 1507 418 1559">
     <span class='ocr_line' id='line_1_16' title="bbox 146 1507 418 1559; baseline 0 -1"><span class='ocrx_word' id='word_1_154' title='bbox 146 1540 151 1544; x_wconf 85' lang='lat'><strong>·</strong></span> <span class='ocrx_word' id='word_1_155' title='bbox 219 1507 418 1559; x_wconf 90' lang='lat' dir='ltr'><strong>clesiae.</strong></span> 
     </span>
    </p>
   </div>
   <div class='ocr_carea' id='block_1_6' title="bbox 161 1586 2450 3891">
    <p class='ocr_par' dir='ltr' id='par_1_6' title="bbox 161 1586 2450 3891">
     <span class='ocr_line' id='line_1_17' title="bbox 323 1586 2448 1660; baseline -0.002 -19"><span class='ocrx_word' id='word_1_156' title='bbox 323 1590 548 1652; x_wconf 66' lang='lat' dir='ltr'><strong>43.&#39;Cur</strong></span> <span class='ocrx_word' id='word_1_157' title='bbox 583 1591 707 1642; x_wconf 85' lang='lat' dir='ltr'><strong>vero</strong></span> <span class='ocrx_word' id='word_1_158' title='bbox 743 1609 838 1660; x_wconf 90' lang='lat' dir='ltr'><strong>per</strong></span> <span class='ocrx_word' id='word_1_159' title='bbox 874 1590 1040 1641; x_wconf 88' lang='lat' dir='ltr'><strong>olivae</strong></span> <span class='ocrx_word' id='word_1_160' title='bbox 1076 1589 1336 1659; x_wconf 89' lang='lat' dir='ltr'><strong>liquorem</strong></span> <span class='ocrx_word' id='word_1_161' title='bbox 1372 1588 1475 1640; x_wconf 92' lang='lat' dir='ltr'><strong>hoc</strong></span> <span class='ocrx_word' id='word_1_162' title='bbox 1511 1599 1886 1641; x_wconf 88' lang='lat' dir='ltr'><strong>sacramentum</strong></span> <span class='ocrx_word' id='word_1_163' title='bbox 1922 1586 2294 1658; x_wconf 85' lang='lat' dir='ltr'><strong>significantius</strong></span> <span class='ocrx_word' id='word_1_164' title='bbox 2329 1604 2448 1637; x_wconf 90' lang='lat' dir='ltr'><strong>san-</strong></span> 
     </span>
     <span class='ocr_line' id='line_1_18' title="bbox 216 1671 2448 1744; baseline -0.002 -20"><span class='ocrx_word' id='word_1_165' title='bbox 216 1673 312 1739; x_wconf 82' lang='lat' dir='ltr'><strong>ctis</strong></span> <span class='ocrx_word' id='word_1_166' title='bbox 347 1673 590 1743; x_wconf 89' lang='lat' dir='ltr'><strong>patribus</strong></span> <span class='ocrx_word' id='word_1_167' title='bbox 619 1673 876 1744; x_wconf 90' lang='lat' dir='ltr'><strong>placuerit</strong></span> <span class='ocrx_word' id='word_1_168' title='bbox 906 1672 1195 1743; x_wconf 86' lang='lat' dir='ltr'><strong>designari,</strong></span> <span class='ocrx_word' id='word_1_169' title='bbox 1230 1672 1360 1724; x_wconf 91' lang='lat' dir='ltr'><strong>haec</strong></span> <span class='ocrx_word' id='word_1_170' title='bbox 1396 1672 1497 1724; x_wconf 87' lang='lat' dir='ltr'><strong>fuit</strong></span> <span class='ocrx_word' id='word_1_171' title='bbox 1529 1691 1703 1724; x_wconf 90' lang='lat' dir='ltr'><strong>causa.</strong></span> <span class='ocrx_word' id='word_1_172' title='bbox 1738 1672 1978 1742; x_wconf 85' lang='lat' dir='ltr'><strong>Legimus</strong></span> <span class='ocrx_word' id='word_1_173' title='bbox 2015 1671 2072 1721; x_wconf 91' lang='lat' dir='ltr'><strong>in</strong></span> <span class='ocrx_word' id='word_1_174' title='bbox 2107 1671 2268 1721; x_wconf 86' lang='lat' dir='ltr'><strong>veteri</strong></span> <span class='ocrx_word' id='word_1_175' title='bbox 2304 1680 2448 1721; x_wconf 90' lang='lat' dir='ltr'><strong>testa-</strong></span> 
     </span>
     <span class='ocr_line' id='line_1_19' title="bbox 219 1754 2450 1826; baseline -0.001 -20"><span class='ocrx_word' id='word_1_176' title='bbox 219 1767 396 1809; x_wconf 89' lang='lat' dir='ltr'><strong>mento</strong></span> <span class='ocrx_word' id='word_1_177' title='bbox 429 1775 566 1826; x_wconf 87' lang='lat' dir='ltr'><strong>aqua</strong></span> <span class='ocrx_word' id='word_1_178' title='bbox 607 1755 813 1808; x_wconf 89' lang='lat' dir='ltr'><strong>vindice</strong></span> <span class='ocrx_word' id='word_1_179' title='bbox 843 1755 1027 1807; x_wconf 91' lang='lat' dir='ltr'><strong>mundi</strong></span> <span class='ocrx_word' id='word_1_180' title='bbox 1064 1754 1231 1807; x_wconf 88' lang='lat' dir='ltr'><strong>deleta</strong></span> <span class='ocrx_word' id='word_1_181' title='bbox 1258 1755 1504 1820; x_wconf 90' lang='lat' dir='ltr'><strong>crimina,</strong></span> <span class='ocrx_word' id='word_1_182' title='bbox 1536 1766 1590 1806; x_wconf 91' lang='lat' dir='ltr'><strong>et</strong></span> <span class='ocrx_word' id='word_1_183' title='bbox 1621 1765 1742 1806; x_wconf 92' lang='lat' dir='ltr'><strong>octo</strong></span> <span class='ocrx_word' id='word_1_184' title='bbox 1776 1765 1989 1824; x_wconf 20' lang='lat' dir='ltr'><strong>tantum*</strong></span> <span class='ocrx_word' id='word_1_185' title='bbox 2017 1754 2264 1817; x_wconf 88' lang='lat' dir='ltr'><strong>salvatos,</strong></span> <span class='ocrx_word' id='word_1_186' title='bbox 2310 1771 2450 1822; x_wconf 74' lang='lat' dir='ltr'><strong>quosv</strong></span> 
     </span>
     <span class='ocr_line' id='line_1_20' title="bbox 217 1836 2446 1909; baseline -0.002 -19"><span class='ocrx_word' id='word_1_187' title='bbox 217 1837 416 1890; x_wconf 90' lang='lat' dir='ltr'><strong>mundo</strong></span> <span class='ocrx_word' id='word_1_188' title='bbox 441 1850 694 1909; x_wconf 90' lang='lat' dir='ltr'><strong>pereunte</strong></span> <span class='ocrx_word' id='word_1_189' title='bbox 722 1859 842 1891; x_wconf 90' lang='lat' dir='ltr'><strong>arca</strong></span> <span class='ocrx_word' id='word_1_190' title='bbox 868 1838 1150 1890; x_wconf 88' lang='lat' dir='ltr'><strong>custodivit</strong></span> <span class='ocrx_word' id='word_1_191' title='bbox 1172 1838 1418 1890; x_wconf 63' lang='lat' dir='ltr'><strong>inclusos</strong></span> <span class='ocrx_word' id='word_1_192' title='bbox 1448 1838 1652 1889; x_wconf 91' lang='lat' dir='ltr'><strong>Dehinc</strong></span> <span class='ocrx_word' id='word_1_193' title='bbox 1687 1837 1946 1890; x_wconf 87' lang='lat' dir='ltr'><strong>volentem</strong></span> <span class='ocrx_word' id='word_1_194' title='bbox 1977 1836 2091 1887; x_wconf 69' lang='lat' dir='ltr'><strong>Noe</strong></span> <span class='ocrx_word' id='word_1_195' title='bbox 2115 1836 2244 1887; x_wconf 89' lang='lat' dir='ltr'><strong>scire</strong></span> <span class='ocrx_word' id='word_1_196' title='bbox 2269 1846 2446 1886; x_wconf 86' lang='lat' dir='ltr'><strong>utrum</strong></span> 
     </span>
     <span class='ocr_line' id='line_1_21' title="bbox 216 1918 2445 1994; baseline -0.001 -22"><span class='ocrx_word' id='word_1_197' title='bbox 216 1934 498 1974; x_wconf 87' lang='lat' dir='ltr'><strong>cessassent</strong></span> <span class='ocrx_word' id='word_1_198' title='bbox 519 1941 688 1994; x_wconf 90' lang='lat' dir='ltr'><strong>aquae</strong></span> <span class='ocrx_word' id='word_1_199' title='bbox 704 1964 717 1987; x_wconf 93' lang='lat'>‚</span> <span class='ocrx_word' id='word_1_200' title='bbox 741 1923 961 1974; x_wconf 89' lang='lat' dir='ltr'><strong>emisisse</strong></span> <span class='ocrx_word' id='word_1_201' title='bbox 986 1940 1201 1973; x_wconf 89' lang='lat' dir='ltr'><strong>corvum</strong></span> <span class='ocrx_word' id='word_1_202' title='bbox 1221 1921 1314 1991; x_wconf 91' lang='lat' dir='ltr'><strong>qui</strong></span> <span class='ocrx_word' id='word_1_203' title='bbox 1334 1920 1696 1991; x_wconf 88' lang='lat' dir='ltr'><strong>egrediebatur</strong></span> <span class='ocrx_word' id='word_1_204' title='bbox 1712 1931 1764 1972; x_wconf 89' lang='lat' dir='ltr'><strong>et</strong></span> <span class='ocrx_word' id='word_1_205' title='bbox 1786 1939 1895 1971; x_wconf 91' lang='lat' dir='ltr'><strong>non</strong></span> <span class='ocrx_word' id='word_1_206' title='bbox 1918 1919 2288 1971; x_wconf 86' lang='lat' dir='ltr'><strong>revertebatur.</strong></span> <span class='ocrx_word' id='word_1_207' title='bbox 2313 1918 2445 1984; x_wconf 86' lang='lat' dir='ltr'><strong>Qui-</strong></span> 
     </span>
     <span class='ocr_line' id='line_1_22' title="bbox 217 2003 2444 2074; baseline -0.001 -20"><span class='ocrx_word' id='word_1_208' title='bbox 217 2022 324 2074; x_wconf 86' lang='lat' dir='ltr'><strong>que</strong></span> <span class='ocrx_word' id='word_1_209' title='bbox 353 2016 533 2074; x_wconf 90' lang='lat' dir='ltr'><strong>postea</strong></span> <span class='ocrx_word' id='word_1_210' title='bbox 564 2005 731 2057; x_wconf 88' lang='lat' dir='ltr'><strong>emisit</strong></span> <span class='ocrx_word' id='word_1_211' title='bbox 755 2005 1048 2057; x_wconf 89' lang='lat' dir='ltr'><strong>columbam</strong></span> <span class='ocrx_word' id='word_1_212' title='bbox 1067 2044 1080 2068; x_wconf 92' lang='lat'><strong>,</strong></span> <span class='ocrx_word' id='word_1_213' title='bbox 1110 2021 1246 2073; x_wconf 93' lang='lat' dir='ltr'><strong>quae</strong></span> <span class='ocrx_word' id='word_1_214' title='bbox 1280 2021 1399 2054; x_wconf 91' lang='lat' dir='ltr'><strong>cum</strong></span> <span class='ocrx_word' id='word_1_215' title='bbox 1429 2021 1539 2054; x_wconf 90' lang='lat' dir='ltr'><strong>non</strong></span> <span class='ocrx_word' id='word_1_216' title='bbox 1573 2004 1832 2055; x_wconf 86' lang='lat' dir='ltr'><strong>inveniret</strong></span> <span class='ocrx_word' id='word_1_217' title='bbox 1855 2003 1950 2054; x_wconf 91' lang='lat' dir='ltr'><strong>ubi</strong></span> <span class='ocrx_word' id='word_1_218' title='bbox 1978 2003 2327 2072; x_wconf 87' lang='lat' dir='ltr'><strong>requiesceret</strong></span> <span class='ocrx_word' id='word_1_219' title='bbox 2350 2019 2444 2072; x_wconf 91' lang='lat' dir='ltr'><strong>pes</strong></span> 
     </span>
     <span class='ocr_line' id='line_1_23' title="bbox 216 2077 2441 2159; baseline -0 -23"><span class='ocrx_word' id='word_1_220' title='bbox 216 2087 358 2150; x_wconf 92' lang='lat' dir='ltr'><strong>eius,</strong></span> <span class='ocrx_word' id='word_1_221' title='bbox 395 2105 602 2139; x_wconf 91' lang='lat' dir='ltr'><strong>reversa</strong></span> <span class='ocrx_word' id='word_1_222' title='bbox 635 2099 713 2139; x_wconf 90' lang='lat' dir='ltr'><strong>est</strong></span> <span class='ocrx_word' id='word_1_223' title='bbox 742 2086 810 2138; x_wconf 93' lang='lat' dir='ltr'><strong>ad</strong></span> <span class='ocrx_word' id='word_1_224' title='bbox 835 2105 952 2138; x_wconf 91' lang='lat' dir='ltr'><strong>eum</strong></span> <span class='ocrx_word' id='word_1_225' title='bbox 983 2077 1264 2149; x_wconf 58' lang='lat' dir='ltr'><strong>in&#39;arcam3</strong></span> <span class='ocrx_word' id='word_1_226' title='bbox 1294 2104 1453 2159; x_wconf 91' lang='lat' dir='ltr'><strong>quam</strong></span> <span class='ocrx_word' id='word_1_227' title='bbox 1490 2087 1645 2138; x_wconf 89' lang='lat' dir='ltr'><strong>etiam</strong></span> <span class='ocrx_word' id='word_1_228' title='bbox 1680 2088 1962 2158; x_wconf 85' lang='lat' dir='ltr'><strong>expectatis</strong></span> <span class='ocrx_word' id='word_1_229' title='bbox 1996 2087 2201 2156; x_wconf 89' lang='lat' dir='ltr'><strong>aliquot</strong></span> <span class='ocrx_word' id='word_1_230' title='bbox 2232 2083 2441 2146; x_wconf 88' lang='lat' dir='ltr'><strong>diebus,</strong></span> 
     </span>
     <span class='ocr_line' id='line_1_24' title="bbox 216 2159 2445 2240; baseline -0.001 -21"><span class='ocrx_word' id='word_1_231' title='bbox 216 2170 354 2220; x_wconf 89' lang='lat' dir='ltr'><strong>misit</strong></span> <span class='ocrx_word' id='word_1_232' title='bbox 388 2171 593 2221; x_wconf 74' lang='lat' dir='ltr'><strong>iterum·</strong></span> <span class='ocrx_word' id='word_1_233' title='bbox 636 2171 705 2221; x_wconf 91' lang='lat' dir='ltr'><strong>At</strong></span> <span class='ocrx_word' id='word_1_234' title='bbox 741 2169 827 2221; x_wconf 89' lang='lat' dir='ltr'><strong>illa</strong></span> <span class='ocrx_word' id='word_1_235' title='bbox 861 2180 1080 2240; x_wconf 90' lang='lat' dir='ltr'><strong>portans</strong></span> <span class='ocrx_word' id='word_1_236' title='bbox 1117 2188 1318 2220; x_wconf 91' lang='lat' dir='ltr'><strong>ramum</strong></span> <span class='ocrx_word' id='word_1_237' title='bbox 1342 2159 1510 2221; x_wconf 83' lang='lat' dir='ltr'><strong>olivae</strong></span> <span class='ocrx_word' id='word_1_238' title='bbox 1531 2169 1823 2221; x_wconf 89' lang='lat' dir='ltr'><strong>virentibus</strong></span> <span class='ocrx_word' id='word_1_239' title='bbox 1849 2168 1983 2220; x_wconf 92' lang='lat' dir='ltr'><strong>foliis</strong></span> <span class='ocrx_word' id='word_1_240' title='bbox 2008 2186 2152 2220; x_wconf 91' lang='lat' dir='ltr'><strong>more</strong></span> <span class='ocrx_word' id='word_1_241' title='bbox 2178 2186 2273 2219; x_wconf 90' lang='lat' dir='ltr'><strong>suo</strong></span> <span class='ocrx_word' id='word_1_242' title='bbox 2309 2165 2445 2218; x_wconf 89' lang='lat' dir='ltr'><strong>redit</strong></span> 
     </span>
     <span class='ocr_line' id='line_1_25' title="bbox 216 2251 2442 2323; baseline -0.001 -21"><span class='ocrx_word' id='word_1_243' title='bbox 216 2251 284 2303; x_wconf 89' lang='lat' dir='ltr'><strong>ad</strong></span> <span class='ocrx_word' id='word_1_244' title='bbox 321 2271 440 2304; x_wconf 91' lang='lat' dir='ltr'><strong>eum</strong></span> <span class='ocrx_word' id='word_1_245' title='bbox 477 2252 543 2304; x_wconf 92' lang='lat' dir='ltr'><strong>ad</strong></span> <span class='ocrx_word' id='word_1_246' title='bbox 578 2271 862 2323; x_wconf 87' lang='lat' dir='ltr'><strong>vesperam.</strong></span> <span class='ocrx_word' id='word_1_247' title='bbox 903 2252 1161 2303; x_wconf 81' lang='lat' dir='ltr'><strong>Intellexit</strong></span> <span class='ocrx_word' id='word_1_248' title='bbox 1197 2252 1440 2322; x_wconf 89' lang='lat' dir='ltr'><strong>protinus</strong></span> <span class='ocrx_word' id='word_1_249' title='bbox 1464 2253 1543 2303; x_wconf 88' lang='lat' dir='ltr'><strong>vir</strong></span> <span class='ocrx_word' id='word_1_250' title='bbox 1564 2251 1762 2322; x_wconf 84' lang='lat' dir='ltr'><strong>Spiritu</strong></span> <span class='ocrx_word' id='word_1_251' title='bbox 1786 2262 1966 2303; x_wconf 88' lang='lat' dir='ltr'><strong>sancto</strong></span> <span class='ocrx_word' id='word_1_252' title='bbox 2002 2251 2188 2321; x_wconf 90' lang='lat' dir='ltr'><strong>plenus</strong></span> <span class='ocrx_word' id='word_1_253' title='bbox 2213 2268 2243 2300; x_wconf 90' lang='lat' dir='ltr'><strong>a</strong></span> <span class='ocrx_word' id='word_1_254' title='bbox 2266 2267 2442 2319; x_wconf 90' lang='lat' dir='ltr'><strong>vespe-</strong></span> 
     </span>
     <span class='ocr_line' id='line_1_26' title="bbox 218 2330 2444 2406; baseline -0.003 -19"><span class='ocrx_word' id='word_1_255' title='bbox 218 2330 450 2388; x_wconf 82' lang='lat' dir='ltr'><strong>rascente</strong></span> <span class='ocrx_word' id='word_1_256' title='bbox 494 2335 694 2388; x_wconf 92' lang='lat' dir='ltr'><strong>mundo</strong></span> <span class='ocrx_word' id='word_1_257' title='bbox 715 2377 728 2400; x_wconf 96' lang='lat'><strong>,</strong></span> <span class='ocrx_word' id='word_1_258' title='bbox 777 2354 871 2406; x_wconf 90' lang='lat' dir='ltr'><strong>per</strong></span> <span class='ocrx_word' id='word_1_259' title='bbox 907 2354 1050 2387; x_wconf 86' lang='lat' dir='ltr'><strong>avem</strong></span> <span class='ocrx_word' id='word_1_260' title='bbox 1097 2347 1234 2406; x_wconf 86' lang='lat' dir='ltr'><strong>quae</strong></span> <span class='ocrx_word' id='word_1_261' title='bbox 1278 2346 1419 2388; x_wconf 89' lang='lat' dir='ltr'><strong>caret</strong></span> <span class='ocrx_word' id='word_1_262' title='bbox 1459 2334 1605 2396; x_wconf 91' lang='lat' dir='ltr'><strong>felle,</strong></span> <span class='ocrx_word' id='word_1_263' title='bbox 1653 2351 1817 2404; x_wconf 85' lang='lat' dir='ltr'><strong>genus</strong></span> <span class='ocrx_word' id='word_1_264' title='bbox 1861 2334 2150 2384; x_wconf 89' lang='lat' dir='ltr'><strong>humanum</strong></span> <span class='ocrx_word' id='word_1_265' title='bbox 2194 2331 2444 2400; x_wconf 81' lang='lat' dir='ltr'><strong>sanguine</strong></span> 
     </span>
     <span class='ocr_line' id='line_1_27' title="bbox 217 2413 2444 2489; baseline -0.004 -19"><span class='ocrx_word' id='word_1_266' title='bbox 217 2420 409 2471; x_wconf 87' lang='lat' dir='ltr'><strong>Christi</strong></span> <span class='ocrx_word' id='word_1_267' title='bbox 438 2419 575 2489; x_wconf 86' lang='lat' dir='ltr'><strong>patr-i</strong></span> <span class='ocrx_word' id='word_1_268' title='bbox 611 2418 1069 2471; x_wconf 88' lang='lat' dir='ltr'><strong>reconciliandum.</strong></span> <span class='ocrx_word' id='word_1_269' title='bbox 1101 2419 1162 2469; x_wconf 91' lang='lat' dir='ltr'><strong>In</strong></span> <span class='ocrx_word' id='word_1_270' title='bbox 1199 2417 1457 2488; x_wconf 90' lang='lat' dir='ltr'><strong>baptismo</strong></span> <span class='ocrx_word' id='word_1_271' title='bbox 1493 2428 1668 2468; x_wconf 90' lang='lat' dir='ltr'><strong>autem</strong></span> <span class='ocrx_word' id='word_1_272' title='bbox 1698 2415 1896 2468; x_wconf 91' lang='lat' dir='ltr'><strong>domini</strong></span> <span class='ocrx_word' id='word_1_273' title='bbox 1920 2415 2086 2467; x_wconf 89' lang='lat' dir='ltr'><strong>nostri</strong></span> <span class='ocrx_word' id='word_1_274' title='bbox 2111 2415 2225 2465; x_wconf 91' lang='lat' dir='ltr'><strong>Iesu</strong></span> <span class='ocrx_word' id='word_1_275' title='bbox 2254 2413 2444 2465; x_wconf 87' lang='lat' dir='ltr'><strong>Christi</strong></span> 
     </span>
     <span class='ocr_line' id='line_1_28' title="bbox 219 2496 2439 2571; baseline -0.003 -19"><span class='ocrx_word' id='word_1_276' title='bbox 219 2520 315 2571; x_wconf 91' lang='lat' dir='ltr'><strong>per</strong></span> <span class='ocrx_word' id='word_1_277' title='bbox 350 2501 561 2554; x_wconf 86' lang='lat' dir='ltr'><strong>similem</strong></span> <span class='ocrx_word' id='word_1_278' title='bbox 597 2519 744 2553; x_wconf 89' lang='lat' dir='ltr'><strong>avem</strong></span> <span class='ocrx_word' id='word_1_279' title='bbox 780 2500 1029 2571; x_wconf 87' lang='lat' dir='ltr'><strong>Spiritum</strong></span> <span class='ocrx_word' id='word_1_280' title='bbox 1065 2511 1301 2551; x_wconf 85' lang='lat' dir='ltr'><strong>sanctum</strong></span> <span class='ocrx_word' id='word_1_281' title='bbox 1338 2518 1498 2571; x_wconf 90' lang='lat' dir='ltr'><strong>super</strong></span> <span class='ocrx_word' id='word_1_282' title='bbox 1540 2517 1662 2551; x_wconf 88' lang='lat' dir='ltr'><strong>eum</strong></span> <span class='ocrx_word' id='word_1_283' title='bbox 1703 2496 2024 2550; x_wconf 89' lang='lat' dir='ltr'><strong>descendisse</strong></span> <span class='ocrx_word' id='word_1_284' title='bbox 2068 2496 2439 2566; x_wconf 87' lang='lat' dir='ltr'><strong>cognovimus,</strong></span> 
     </span>
     <span class='ocr_line' id='line_1_29' title="bbox 161 2579 2432 2654; baseline -0.003 -19"><span class='ocrx_word' id='word_1_285' title='bbox 161 2596 164 2599; x_wconf 74' lang='grc'>’</span> <span class='ocrx_word' id='word_1_286' title='bbox 217 2585 451 2635; x_wconf 87' lang='lat' dir='ltr'><strong>Iohanne</strong></span> <span class='ocrx_word' id='word_1_287' title='bbox 485 2584 710 2654; x_wconf 87' lang='lat' dir='ltr'><strong>baptista</strong></span> <span class='ocrx_word' id='word_1_288' title='bbox 734 2582 966 2635; x_wconf 89' lang='lat' dir='ltr'><strong>dicente:</strong></span> <span class='ocrx_word' id='word_1_289' title='bbox 1008 2594 1056 2634; x_wconf 91' lang='lat' dir='ltr'><strong>et</strong></span> <span class='ocrx_word' id='word_1_290' title='bbox 1087 2602 1175 2654; x_wconf 78' lang='lat' dir='ltr'><strong>ego</strong></span> <span class='ocrx_word' id='word_1_291' title='bbox 1208 2583 1649 2634; x_wconf 68' lang='lat' dir='ltr'><strong>nesciebam‘eum</strong></span> <span class='ocrx_word' id='word_1_292' title='bbox 1663 2594 1694 2644; x_wconf 82' lang='lat'><strong>;&#39;</strong></span> <span class='ocrx_word' id='word_1_293' title='bbox 1712 2581 1805 2633; x_wconf 86' lang='lat' dir='ltr'><strong>sed</strong></span> <span class='ocrx_word' id='word_1_294' title='bbox 1823 2583 1919 2651; x_wconf 83' lang='lat' dir='ltr'><strong>qui</strong></span> <span class='ocrx_word' id='word_1_295' title='bbox 1955 2580 2101 2631; x_wconf 80' lang='lat' dir='ltr'><strong>misit</strong></span> <span class='ocrx_word' id='word_1_296' title='bbox 2134 2579 2432 2650; x_wconf 79' lang='lat' dir='ltr'><strong>baptizare,</strong></span> 
     </span>
     <span class='ocr_line' id='line_1_30' title="bbox 220 2660 2444 2736; baseline -0.003 -19"><span class='ocrx_word' id='word_1_297' title='bbox 220 2667 312 2718; x_wconf 86' lang='lat' dir='ltr'><strong>ille</strong></span> <span class='ocrx_word' id='word_1_298' title='bbox 349 2665 486 2717; x_wconf 76' lang='lat' dir='ltr'><strong>mihi</strong></span> <span class='ocrx_word' id='word_1_299' title='bbox 514 2666 688 2718; x_wconf 71' lang='lat' dir='ltr'><strong>dixit:</strong></span> <span class='ocrx_word' id='word_1_300' title='bbox 722 2684 881 2736; x_wconf 81' lang='lat' dir='ltr'><strong>super</strong></span> <span class='ocrx_word' id='word_1_301' title='bbox 906 2684 1059 2736; x_wconf 82' lang='lat' dir='ltr'><strong>quem</strong></span> <span class='ocrx_word' id='word_1_302' title='bbox 1094 2664 1278 2716; x_wconf 74' lang='lat' dir='ltr'><strong>videris</strong></span> <span class='ocrx_word' id='word_1_303' title='bbox 1305 2664 1573 2735; x_wconf 79' lang='lat' dir='ltr'><strong>Spiritum</strong></span> <span class='ocrx_word' id='word_1_304' title='bbox 1603 2675 1853 2715; x_wconf 84' lang='lat' dir='ltr'><strong>sanctum</strong></span> <span class='ocrx_word' id='word_1_305' title='bbox 1884 2661 2274 2714; x_wconf 78' lang='lat' dir='ltr'><strong>descendentem</strong></span> <span class='ocrx_word' id='word_1_306' title='bbox 2305 2660 2444 2711; x_wconf 83' lang='lat' dir='ltr'><strong>sicut</strong></span> 
     </span>
     <span class='ocr_line' id='line_1_31' title="bbox 214 2743 2442 2817; baseline -0.004 -17"><span class='ocrx_word' id='word_1_307' title='bbox 214 2748 545 2810; x_wconf 77' lang='lat' dir='ltr'><strong>columbam,</strong></span> <span class='ocrx_word' id='word_1_308' title='bbox 590 2759 640 2798; x_wconf 86' lang='lat' dir='ltr'><strong>et</strong></span> <span class='ocrx_word' id='word_1_309' title='bbox 677 2758 978 2799; x_wconf 86' lang='lat' dir='ltr'><strong>manentem</strong></span> <span class='ocrx_word' id='word_1_310' title='bbox 1012 2765 1172 2817; x_wconf 83' lang='lat' dir='ltr'><strong>super·</strong></span> <span class='ocrx_word' id='word_1_311' title='bbox 1203 2765 1354 2808; x_wconf 91' lang='lat' dir='ltr'><strong>eum,</strong></span> <span class='ocrx_word' id='word_1_312' title='bbox 1391 2745 1478 2796; x_wconf 74' lang='lat' dir='ltr'><strong>liic</strong></span> <span class='ocrx_word' id='word_1_313' title='bbox 1500 2756 1575 2796; x_wconf 85' lang='lat' dir='ltr'><strong>est</strong></span> <span class='ocrx_word' id='word_1_314' title='bbox 1597 2747 1695 2815; x_wconf 83' lang='lat' dir='ltr'><strong>qui</strong></span> <span class='ocrx_word' id='word_1_315' title='bbox 1729 2745 1968 2815; x_wconf 77' lang='lat' dir='ltr'><strong>baptizat</strong></span> <span class='ocrx_word' id='word_1_316' title='bbox 1993 2745 2051 2794; x_wconf 87' lang='lat' dir='ltr'><strong>in</strong></span> <span class='ocrx_word' id='word_1_317' title='bbox 2080 2743 2293 2813; x_wconf 78' lang='lat' dir='ltr'><strong>Spiritu</strong></span> <span class='ocrx_word' id='word_1_318' title='bbox 2315 2760 2442 2792; x_wconf 83' lang='lat' dir='ltr'><strong>san-</strong></span> 
     </span>
     <span class='ocr_line' id='line_1_32' title="bbox 216 2825 2440 2901; baseline -0.004 -18"><span class='ocrx_word' id='word_1_319' title='bbox 216 2843 314 2883; x_wconf 80' lang='lat' dir='ltr'><strong>cto.</strong></span> <span class='ocrx_word' id='word_1_320' title='bbox 358 2832 422 2884; x_wconf 91' lang='lat' dir='ltr'><strong>Et</strong></span> <span class='ocrx_word' id='word_1_321' title='bbox 457 2831 575 2901; x_wconf 91' lang='lat' dir='ltr'><strong>quis</strong></span> <span class='ocrx_word' id='word_1_322' title='bbox 611 2842 686 2882; x_wconf 94' lang='lat' dir='ltr'><strong>est</strong></span> <span class='ocrx_word' id='word_1_323' title='bbox 722 2825 816 2901; x_wconf 86' lang='lat' dir='ltr'><strong>qui</strong></span> <span class='ocrx_word' id='word_1_324' title='bbox 860 2830 1086 2900; x_wconf 89' lang='lat' dir='ltr'><strong>baptizat</strong></span> <span class='ocrx_word' id='word_1_325' title='bbox 1127 2830 1182 2880; x_wconf 91' lang='lat' dir='ltr'><strong>in</strong></span> <span class='ocrx_word' id='word_1_326' title='bbox 1227 2828 1426 2899; x_wconf 90' lang='lat' dir='ltr'><strong>Spiritu</strong></span> <span class='ocrx_word' id='word_1_327' title='bbox 1468 2839 1685 2890; x_wconf 88' lang='lat' dir='ltr'><strong>sancto,</strong></span> <span class='ocrx_word' id='word_1_328' title='bbox 1733 2829 1835 2878; x_wconf 88' lang='lat' dir='ltr'><strong>nisi</strong></span> <span class='ocrx_word' id='word_1_329' title='bbox 1880 2828 1964 2879; x_wconf 90' lang='lat' dir='ltr'><strong>ille</strong></span> <span class='ocrx_word' id='word_1_330' title='bbox 2006 2827 2100 2897; x_wconf 90' lang='lat' dir='ltr'><strong>qui</strong></span> <span class='ocrx_word' id='word_1_331' title='bbox 2136 2837 2327 2877; x_wconf 91' lang='lat' dir='ltr'><strong>unctus</strong></span> <span class='ocrx_word' id='word_1_332' title='bbox 2365 2836 2440 2876; x_wconf 88' lang='lat' dir='ltr'><strong>est</strong></span> 
     </span>
     <span class='ocr_line' id='line_1_33' title="bbox 216 2909 2443 2985; baseline -0.003 -20"><span class='ocrx_word' id='word_1_333' title='bbox 216 2914 282 2966; x_wconf 90' lang='lat' dir='ltr'><strong>de</strong></span> <span class='ocrx_word' id='word_1_334' title='bbox 316 2914 516 2985; x_wconf 89' lang='lat' dir='ltr'><strong>Spiritu</strong></span> <span class='ocrx_word' id='word_1_335' title='bbox 540 2924 718 2964; x_wconf 90' lang='lat' dir='ltr'><strong>sancto</strong></span> <span class='ocrx_word' id='word_1_336' title='bbox 737 2913 758 2964; x_wconf 76' lang='grc' dir='ltr'><strong><em>Ρ</em></strong></span> <span class='ocrx_word' id='word_1_337' title='bbox 780 2911 1068 2964; x_wconf 90' lang='lat' dir='ltr'><strong>secundum</strong></span> <span class='ocrx_word' id='word_1_338' title='bbox 1095 2909 1244 2982; x_wconf 92' lang='lat' dir='ltr'><strong>quod</strong></span> <span class='ocrx_word' id='word_1_339' title='bbox 1268 2912 1380 2982; x_wconf 89' lang='lat' dir='ltr'><strong>ipse</strong></span> <span class='ocrx_word' id='word_1_340' title='bbox 1405 2909 1471 2962; x_wconf 93' lang='lat' dir='ltr'><strong>de</strong></span> <span class='ocrx_word' id='word_1_341' title='bbox 1496 2922 1653 2963; x_wconf 91' lang='lat' dir='ltr'><strong>semet</strong></span> <span class='ocrx_word' id='word_1_342' title='bbox 1676 2911 1794 2980; x_wconf 90' lang='lat' dir='ltr'><strong>ipso</strong></span> <span class='ocrx_word' id='word_1_343' title='bbox 1817 2910 2188 2982; x_wconf 89' lang='lat' dir='ltr'><strong>prophetatum</strong></span> <span class='ocrx_word' id='word_1_344' title='bbox 2211 2909 2268 2959; x_wconf 89' lang='lat' dir='ltr'><strong>in</strong></span> <span class='ocrx_word' id='word_1_345' title='bbox 2293 2926 2443 2959; x_wconf 87' lang='lat' dir='ltr'><strong>evan·</strong></span> 
     </span>
     <span class='ocr_line' id='line_1_34' title="bbox 215 2991 2434 3067; baseline -0.005 -17"><span class='ocrx_word' id='word_1_346' title='bbox 215 2998 350 3067; x_wconf 86' lang='lat' dir='ltr'><strong>gelio</strong></span> <span class='ocrx_word' id='word_1_347' title='bbox 386 3008 607 3050; x_wconf 87' lang='lat' dir='ltr'><strong>testatur</strong></span> <span class='ocrx_word' id='word_1_348' title='bbox 642 2996 851 3048; x_wconf 88' lang='lat' dir='ltr'><strong>dicens:</strong></span> <span class='ocrx_word' id='word_1_349' title='bbox 896 2995 1135 3066; x_wconf 76' lang='lat' dir='ltr'><strong>Spiritus</strong></span> <span class='ocrx_word' id='word_1_350' title='bbox 1170 2994 1399 3047; x_wconf 86' lang='lat' dir='ltr'><strong>Domini</strong></span> <span class='ocrx_word' id='word_1_351' title='bbox 1432 3012 1592 3064; x_wconf 81' lang='lat' dir='ltr'><strong>super</strong></span> <span class='ocrx_word' id='word_1_352' title='bbox 1625 3012 1736 3054; x_wconf 89' lang='lat' dir='ltr'><strong>me,</strong></span> <span class='ocrx_word' id='word_1_353' title='bbox 1789 3012 1846 3044; x_wconf 90' lang='lat' dir='ltr'><strong>eo</strong></span> <span class='ocrx_word' id='word_1_354' title='bbox 1882 2992 2027 3063; x_wconf 84' lang='lat' dir='ltr'><strong>quod</strong></span> <span class='ocrx_word' id='word_1_355' title='bbox 2059 2991 2300 3043; x_wconf 72' lang='lat' dir='ltr'><strong>uncoeerit</strong></span> <span class='ocrx_word' id='word_1_356' title='bbox 2337 3009 2434 3046; x_wconf 87' lang='lat' dir='ltr'><strong>me.</strong></span> 
     </span>
     <span class='ocr_line' id='line_1_35' title="bbox 216 3072 2442 3146; baseline -0.003 -15"><span class='ocrx_word' id='word_1_357' title='bbox 216 3081 379 3132; x_wconf 91' lang='lat' dir='ltr'><strong>Cuius</strong></span> <span class='ocrx_word' id='word_1_358' title='bbox 416 3079 596 3131; x_wconf 90' lang='lat' dir='ltr'><strong>unctio</strong></span> <span class='ocrx_word' id='word_1_359' title='bbox 632 3077 787 3130; x_wconf 89' lang='lat' dir='ltr'><strong>docet</strong></span> <span class='ocrx_word' id='word_1_360' title='bbox 822 3096 919 3129; x_wconf 91' lang='lat' dir='ltr'><strong>nos</strong></span> <span class='ocrx_word' id='word_1_361' title='bbox 955 3076 1020 3129; x_wconf 92' lang='lat' dir='ltr'><strong>de</strong></span> <span class='ocrx_word' id='word_1_362' title='bbox 1055 3077 1329 3129; x_wconf 88' lang='lat' dir='ltr'><strong>omnibus:</strong></span> <span class='ocrx_word' id='word_1_363' title='bbox 1370 3077 1455 3129; x_wconf 90' lang='lat' dir='ltr'><strong>cui</strong></span> <span class='ocrx_word' id='word_1_364' title='bbox 1490 3095 1602 3128; x_wconf 90' lang='lat' dir='ltr'><strong>non</strong></span> <span class='ocrx_word' id='word_1_365' title='bbox 1637 3087 1714 3128; x_wconf 92' lang='lat' dir='ltr'><strong>est</strong></span> <span class='ocrx_word' id='word_1_366' title='bbox 1749 3075 1902 3128; x_wconf 90' lang='lat' dir='ltr'><strong>datus</strong></span> <span class='ocrx_word' id='word_1_367' title='bbox 1937 3075 2158 3146; x_wconf 90' lang='lat' dir='ltr'><strong>Spiritus</strong></span> <span class='ocrx_word' id='word_1_368' title='bbox 2194 3072 2261 3125; x_wconf 91' lang='lat' dir='ltr'><strong>ad</strong></span> <span class='ocrx_word' id='word_1_369' title='bbox 2297 3092 2442 3125; x_wconf 91' lang='lat' dir='ltr'><strong>men-</strong></span> 
     </span>
     <span class='ocr_line' id='line_1_36' title="bbox 217 3156 2441 3240; baseline -0.003 -27"><span class='ocrx_word' id='word_1_370' title='bbox 217 3182 421 3234; x_wconf 88' lang='lat' dir='ltr'><strong>suram,</strong></span> <span class='ocrx_word' id='word_1_371' title='bbox 460 3161 551 3214; x_wconf 91' lang='lat' dir='ltr'><strong>sed</strong></span> <span class='ocrx_word' id='word_1_372' title='bbox 587 3160 654 3213; x_wconf 90' lang='lat' dir='ltr'><strong>ad</strong></span> <span class='ocrx_word' id='word_1_373' title='bbox 690 3159 1102 3240; x_wconf 85' lang='lat' dir='ltr'><strong>plenitudinem,</strong></span> <span class='ocrx_word' id='word_1_374' title='bbox 1142 3158 1208 3211; x_wconf 91' lang='lat' dir='ltr'><strong>de</strong></span> <span class='ocrx_word' id='word_1_375' title='bbox 1243 3159 1392 3213; x_wconf 90' lang='lat' dir='ltr'><strong>cuius</strong></span> <span class='ocrx_word' id='word_1_376' title='bbox 1428 3156 1758 3229; x_wconf 86' lang='lat' dir='ltr'><strong>plenitudine</strong></span> <span class='ocrx_word' id='word_1_377' title='bbox 1790 3175 1970 3209; x_wconf 86' lang='lat' dir='ltr'><strong>omnes</strong></span> <span class='ocrx_word' id='word_1_378' title='bbox 2006 3157 2298 3227; x_wconf 89' lang='lat' dir='ltr'><strong>accepimus</strong></span> <span class='ocrx_word' id='word_1_379' title='bbox 2334 3174 2441 3225; x_wconf 82' lang='lat' dir='ltr'><strong>gra-</strong></span> 
     </span>
     <span class='ocr_line' id='line_1_37' title="bbox 216 3237 2442 3314; baseline -0.004 -19"><span class='ocrx_word' id='word_1_380' title='bbox 216 3246 340 3296; x_wconf 91' lang='lat' dir='ltr'><strong>tiam</strong></span> <span class='ocrx_word' id='word_1_381' title='bbox 376 3237 475 3314; x_wconf 86' lang='lat' dir='ltr'><strong>pro</strong></span> <span class='ocrx_word' id='word_1_382' title='bbox 511 3244 692 3314; x_wconf 88' lang='lat' dir='ltr'><strong>gratia.</strong></span> <span class='ocrx_word' id='word_1_383' title='bbox 734 3244 799 3294; x_wconf 88' lang='lat' dir='ltr'><strong>Et</strong></span> <span class='ocrx_word' id='word_1_384' title='bbox 835 3241 955 3294; x_wconf 88' lang='lat' dir='ltr'><strong>ideo</strong></span> <span class='ocrx_word' id='word_1_385' title='bbox 991 3241 1258 3293; x_wconf 89' lang='lat' dir='ltr'><strong>christiani</strong></span> <span class='ocrx_word' id='word_1_386' title='bbox 1295 3241 1388 3311; x_wconf 92' lang='lat' dir='ltr'><strong>qui</strong></span> <span class='ocrx_word' id='word_1_387' title='bbox 1415 3260 1446 3293; x_wconf 90' lang='lat' dir='ltr'><strong>a</strong></span> <span class='ocrx_word' id='word_1_388' title='bbox 1470 3241 1676 3293; x_wconf 89' lang='lat' dir='ltr'><strong>Christo</strong></span> <span class='ocrx_word' id='word_1_389' title='bbox 1700 3240 2058 3311; x_wconf 84' lang='lat' dir='ltr'><strong>baptizantur,</strong></span> <span class='ocrx_word' id='word_1_390' title='bbox 2094 3238 2310 3308; x_wconf 87' lang='lat' dir='ltr'><strong>gratiam</strong></span> <span class='ocrx_word' id='word_1_391' title='bbox 2332 3237 2442 3307; x_wconf 90' lang='lat' dir='ltr'><strong>Spi-</strong></span> 
     </span>
     <span class='ocr_line' id='line_1_38' title="bbox 218 3307 2441 3396; baseline -0.003 -19"><span class='ocrx_word' id='word_1_392' title='bbox 218 3328 349 3378; x_wconf 88' lang='lat' dir='ltr'><strong>ritus</strong></span> <span class='ocrx_word' id='word_1_393' title='bbox 385 3326 548 3378; x_wconf 90' lang='lat' dir='ltr'><strong>sancti</strong></span> <span class='ocrx_word' id='word_1_394' title='bbox 582 3325 899 3396; x_wconf 88' lang='lat' dir='ltr'><strong>participant</strong></span> <span class='ocrx_word' id='word_1_395' title='bbox 932 3343 1031 3395; x_wconf 92' lang='lat' dir='ltr'><strong>pro</strong></span> <span class='ocrx_word' id='word_1_396' title='bbox 1067 3324 1259 3393; x_wconf 88' lang='lat' dir='ltr'><strong>gratia,</strong></span> <span class='ocrx_word' id='word_1_397' title='bbox 1298 3323 1415 3375; x_wconf 93' lang='lat' dir='ltr'><strong>oleo</strong></span> <span class='ocrx_word' id='word_1_398' title='bbox 1453 3323 1758 3374; x_wconf 86' lang='lat' dir='ltr'><strong>sacramenti</strong></span> <span class='ocrx_word' id='word_1_399' title='bbox 1793 3307 2034 3374; x_wconf 77' lang='lat' dir='ltr'><strong>delibuti.</strong></span> <span class='ocrx_word' id='word_1_400' title='bbox 2077 3321 2191 3372; x_wconf 92' lang='lat' dir='ltr'><strong>Hoc</strong></span> <span class='ocrx_word' id='word_1_401' title='bbox 2227 3332 2303 3372; x_wconf 91' lang='lat' dir='ltr'><strong>est</strong></span> <span class='ocrx_word' id='word_1_402' title='bbox 2339 3320 2441 3371; x_wconf 89' lang='lat' dir='ltr'><strong>olei</strong></span> 
     </span>
     <span class='ocr_line' id='line_1_39' title="bbox 216 3403 2441 3477; baseline -0.003 -17"><span class='ocrx_word' id='word_1_403' title='bbox 216 3419 594 3460; x_wconf 88' lang='lat' dir='ltr'><strong>sacramentum</strong></span> <span class='ocrx_word' id='word_1_404' title='bbox 629 3405 776 3477; x_wconf 91' lang='lat' dir='ltr'><strong>quod</strong></span> <span class='ocrx_word' id='word_1_405' title='bbox 812 3425 921 3457; x_wconf 91' lang='lat' dir='ltr'><strong>non</strong></span> <span class='ocrx_word' id='word_1_406' title='bbox 957 3405 1132 3458; x_wconf 86' lang='lat' dir='ltr'><strong>deficit</strong></span> <span class='ocrx_word' id='word_1_407' title='bbox 1166 3407 1223 3457; x_wconf 91' lang='lat' dir='ltr'><strong>in</strong></span> <span class='ocrx_word' id='word_1_408' title='bbox 1259 3404 1416 3458; x_wconf 91' lang='lat' dir='ltr'><strong>domo</strong></span> <span class='ocrx_word' id='word_1_409' title='bbox 1451 3405 1618 3458; x_wconf 89' lang='lat' dir='ltr'><strong>fidelis</strong></span> <span class='ocrx_word' id='word_1_410' title='bbox 1641 3404 1830 3467; x_wconf 71' lang='lat' dir='ltr'><strong>viduae</strong></span> <span class='ocrx_word' id='word_1_411' title='bbox 1864 3406 2014 3456; x_wconf 89' lang='lat' dir='ltr'><strong>iuxta</strong></span> <span class='ocrx_word' id='word_1_412' title='bbox 2050 3404 2192 3456; x_wconf 89' lang='lat' dir='ltr'><strong>Eliae</strong></span> <span class='ocrx_word' id='word_1_413' title='bbox 2222 3403 2441 3474; x_wconf 88' lang='lat' dir='ltr'><strong>prophe-</strong></span> 
     </span>
     <span class='ocr_line' id='line_1_40' title="bbox 216 3486 2440 3560; baseline -0.002 -19"><span class='ocrx_word' id='word_1_414' title='bbox 216 3493 371 3552; x_wconf 89' lang='lat' dir='ltr'><strong>tiam;</strong></span> <span class='ocrx_word' id='word_1_415' title='bbox 400 3508 495 3541; x_wconf 91' lang='lat' dir='ltr'><strong>nec</strong></span> <span class='ocrx_word' id='word_1_416' title='bbox 530 3489 760 3560; x_wconf 81' lang='lat' dir='ltr'><strong>pugillus</strong></span> <span class='ocrx_word' id='word_1_417' title='bbox 794 3488 989 3540; x_wconf 87' lang='lat' dir='ltr'><strong>farinae</strong></span> <span class='ocrx_word' id='word_1_418' title='bbox 1025 3487 1091 3540; x_wconf 91' lang='lat' dir='ltr'><strong>de</strong></span> <span class='ocrx_word' id='word_1_419' title='bbox 1126 3486 1349 3558; x_wconf 88' lang='lat' dir='ltr'><strong>hydria,</strong></span> <span class='ocrx_word' id='word_1_420' title='bbox 1379 3487 1628 3558; x_wconf 88' lang='lat' dir='ltr'><strong>quamdiu</strong></span> <span class='ocrx_word' id='word_1_421' title='bbox 1663 3489 1918 3540; x_wconf 91' lang='lat' dir='ltr'><strong>Dominus</strong></span> <span class='ocrx_word' id='word_1_422' title='bbox 1955 3486 2174 3539; x_wconf 87' lang='lat' dir='ltr'><strong>donabit</strong></span> <span class='ocrx_word' id='word_1_423' title='bbox 2210 3486 2440 3557; x_wconf 88' lang='lat' dir='ltr'><strong>pluviam</strong></span> 
     </span>
     <span class='ocr_line' id='line_1_41' title="bbox 216 3569 2439 3644; baseline -0.002 -20"><span class='ocrx_word' id='word_1_424' title='bbox 216 3591 374 3643; x_wconf 89' lang='lat' dir='ltr'><strong>super</strong></span> <span class='ocrx_word' id='word_1_425' title='bbox 410 3571 798 3642; x_wconf 22' lang='lat' dir='ltr'><strong>faciem-terrae.</strong></span> <span class='ocrx_word' id='word_1_426' title='bbox 830 3570 962 3621; x_wconf 91' lang='lat' dir='ltr'><strong>Nam</strong></span> <span class='ocrx_word' id='word_1_427' title='bbox 988 3569 1274 3622; x_wconf 90' lang='lat' dir='ltr'><strong>chrismalis</strong></span> <span class='ocrx_word' id='word_1_428' title='bbox 1309 3570 1412 3622; x_wconf 90' lang='lat' dir='ltr'><strong>olei</strong></span> <span class='ocrx_word' id='word_1_429' title='bbox 1448 3582 1856 3644; x_wconf 81' lang='lat' dir='ltr'><strong>sacramentum,</strong></span> <span class='ocrx_word' id='word_1_430' title='bbox 1883 3581 1935 3622; x_wconf 90' lang='lat' dir='ltr'><strong>et</strong></span> <span class='ocrx_word' id='word_1_431' title='bbox 1970 3570 2205 3641; x_wconf 89' lang='lat' dir='ltr'><strong>corporis</strong></span> <span class='ocrx_word' id='word_1_432' title='bbox 2242 3579 2294 3620; x_wconf 90' lang='lat' dir='ltr'><strong>et</strong></span> <span class='ocrx_word' id='word_1_433' title='bbox 2329 3586 2439 3619; x_wconf 91' lang='lat' dir='ltr'><strong>san-</strong></span> 
     </span>
     <span class='ocr_line' id='line_1_42' title="bbox 213 3651 2435 3724; baseline -0.002 -18"><span class='ocrx_word' id='word_1_434' title='bbox 213 3655 388 3724; x_wconf 84' lang='lat' dir='ltr'><strong>guinis</strong></span> <span class='ocrx_word' id='word_1_435' title='bbox 423 3653 622 3705; x_wconf 85' lang='lat' dir='ltr'><strong>domini</strong></span> <span class='ocrx_word' id='word_1_436' title='bbox 657 3652 824 3704; x_wconf 90' lang='lat' dir='ltr'><strong>nostri</strong></span> <span class='ocrx_word' id='word_1_437' title='bbox 859 3653 978 3704; x_wconf 90' lang='lat' dir='ltr'><strong>Iesu</strong></span> <span class='ocrx_word' id='word_1_438' title='bbox 1013 3652 1206 3706; x_wconf 88' lang='lat' dir='ltr'><strong>Christi</strong></span> <span class='ocrx_word' id='word_1_439' title='bbox 1241 3653 1516 3718; x_wconf 90' lang='lat' dir='ltr'><strong>memoria,</strong></span> <span class='ocrx_word' id='word_1_440' title='bbox 1555 3671 1666 3706; x_wconf 91' lang='lat' dir='ltr'><strong>non</strong></span> <span class='ocrx_word' id='word_1_441' title='bbox 1701 3651 1874 3705; x_wconf 84' lang='lat' dir='ltr'><strong>deficit</strong></span> <span class='ocrx_word' id='word_1_442' title='bbox 1898 3671 1928 3704; x_wconf 94' lang='lat' dir='ltr'><strong>a</strong></span> <span class='ocrx_word' id='word_1_443' title='bbox 1953 3652 2145 3705; x_wconf 88' lang='lat' dir='ltr'><strong>Christi</strong></span> <span class='ocrx_word' id='word_1_444' title='bbox 2181 3668 2435 3720; x_wconf 90' lang='lat' dir='ltr'><strong>corpore,</strong></span> 
     </span>
     <span class='ocr_line' id='line_1_43' title="bbox 215 3731 2436 3808; baseline -0.003 -19"><span class='ocrx_word' id='word_1_445' title='bbox 215 3738 362 3808; x_wconf 86' lang='lat' dir='ltr'><strong>quod</strong></span> <span class='ocrx_word' id='word_1_446' title='bbox 407 3749 485 3789; x_wconf 88' lang='lat' dir='ltr'><strong>est</strong></span> <span class='ocrx_word' id='word_1_447' title='bbox 531 3736 775 3799; x_wconf 89' lang='lat' dir='ltr'><strong>ecclesia,</strong></span> <span class='ocrx_word' id='word_1_448' title='bbox 828 3734 1078 3807; x_wconf 91' lang='lat' dir='ltr'><strong>quamdiu</strong></span> <span class='ocrx_word' id='word_1_449' title='bbox 1127 3736 1362 3788; x_wconf 90' lang='lat' dir='ltr'><strong>Christus</strong></span> <span class='ocrx_word' id='word_1_450' title='bbox 1406 3735 1680 3788; x_wconf 89' lang='lat' dir='ltr'><strong>subiecerit</strong></span> <span class='ocrx_word' id='word_1_451' title='bbox 1720 3736 1895 3788; x_wconf 90' lang='lat' dir='ltr'><strong>omnia</strong></span> <span class='ocrx_word' id='word_1_452' title='bbox 1937 3735 2072 3806; x_wconf 90' lang='lat' dir='ltr'><strong>patri</strong></span> <span class='ocrx_word' id='word_1_453' title='bbox 2118 3752 2213 3805; x_wconf 90' lang='lat' dir='ltr'><strong>per</strong></span> <span class='ocrx_word' id='word_1_454' title='bbox 2248 3731 2436 3800; x_wconf 90' lang='lat' dir='ltr'><strong>fidem;</strong></span> 
     </span>
     <span class='ocr_line' id='line_1_44' title="bbox 220 3817 1982 3891; baseline -0.001 -20"><span class='ocrx_word' id='word_1_455' title='bbox 220 3833 347 3872; x_wconf 85' lang='lat' dir='ltr'><strong>tunc</strong></span> <span class='ocrx_word' id='word_1_456' title='bbox 383 3820 483 3891; x_wconf 93' lang='lat' dir='ltr'><strong>ipsi</strong></span> <span class='ocrx_word' id='word_1_457' title='bbox 519 3819 805 3872; x_wconf 89' lang='lat' dir='ltr'><strong>subicietur</strong></span> <span class='ocrx_word' id='word_1_458' title='bbox 838 3819 1008 3890; x_wconf 90' lang='lat' dir='ltr'><strong>patri,</strong></span> <span class='ocrx_word' id='word_1_459' title='bbox 1037 3824 1107 3870; x_wconf 78' lang='lat' dir='ltr'><strong>&#39;ut</strong></span> <span class='ocrx_word' id='word_1_460' title='bbox 1134 3819 1208 3877; x_wconf 68' lang='lat' dir='ltr'><strong>,sit</strong></span> <span class='ocrx_word' id='word_1_461' title='bbox 1243 3820 1385 3872; x_wconf 87' lang='lat' dir='ltr'><strong>Deus</strong></span> <span class='ocrx_word' id='word_1_462' title='bbox 1420 3817 1594 3871; x_wconf 91' lang='lat' dir='ltr'><strong>omnia</strong></span> <span class='ocrx_word' id='word_1_463' title='bbox 1629 3817 1684 3871; x_wconf 90' lang='lat' dir='ltr'><strong>in</strong></span> <span class='ocrx_word' id='word_1_464' title='bbox 1721 3818 1982 3871; x_wconf 89' lang='lat' dir='ltr'><strong>omnibus.</strong></span> 
     </span>
    </p>
   </div>
   <div class='ocr_carea' id='block_1_7' title="bbox 2486 3338 2690 3367">
    <p class='ocr_par' dir='ltr' id='par_1_7' title="bbox 2486 3338 2690 3367">
     <span class='ocr_line' id='line_1_45' title="bbox 2486 3338 2690 3367; baseline -0.01 0"><span class='ocrx_word' id='word_1_465' title='bbox 2486 3338 2553 3367; x_wconf 80' lang='lat' dir='ltr'><strong>cod.</strong></span> <span class='ocrx_word' id='word_1_466' title='bbox 2568 3338 2591 3367; x_wconf 80' lang='lat' dir='ltr'><strong>t.</strong></span> <span class='ocrx_word' id='word_1_467' title='bbox 2608 3342 2648 3366; x_wconf 74' lang='lat'><strong>19.</strong></span> <span class='ocrx_word' id='word_1_468' title='bbox 2662 3344 2690 3365; x_wconf 83' lang='lat' dir='ltr'><strong>a.</strong></span> 
     </span>
    </p>
   </div>
  </div>
 </body>
</html>
