2996 4432
1033 231 1199 266 cosma
1235 231 1472 264 vasonns
1506 233 1601 264 Erc-
1640 232 1725 265 mn.
1765 234 1814 265 n.
2027 215 2031 219 ’
2369 247 2380 253 κ
2489 222 2551 268 93

300 336 501 369 sonarum
531 333 619 367 non
648 319 937 378 praeiudicat,
971 321 1174 375 quoniam
1202 320 1260 363 ait
1288 319 1587 361 Innocentius-2
1623 320 1742 374 quod
1771 321 1992 363 necessitas
2023 334 2103 376 pro
2142 321 2334 366 remedio
2369 324 2560 379 reperit,

305 401 490 440 cessante
510 395 763 450 ‘necessitate
793 391 919 434 debet
947 392 1096 445 utique
1127 402 1286 433 cessare
1316 389 1435 445 quod
1463 391 1624 445 pariter
1652 392 1845 446 urgebat.
1869 394 2063 437 Similiter
2084 395 2295 438 Gelasius:
2319 406 2561 450 canonum,

307 468 473 521 inquit,
504 465 788 520 paternorum
806 462 943 504 forma
974 466 1092 504 vetus
1120 466 1333 514 servetur,
1356 474 1434 504 uec
1465 466 1613 503 contra
1644 475 1717 504 eos
1748 463 1836 505 ulla
1865 465 2026 506 ratione
2057 466 2292 519 praevaleat
2325 466 2443 521 quod
2470 479 2555 522 pro

305 536 534 579 accidentis
564 534 750 586 defectus
779 532 967 575 remedio
998 532 1278 587 providetur3
1310 543 1397 574 non
1428 531 1632 574 adversus
1662 534 1763 575 scita
1792 534 2003 576 maiorum
2032 547 2145 578 nova
2174 536 2241 578 lex
2271 542 2555 591 proponatur.

306 607 387 651 Sed
419 612 462 650 et
491 605 727 649 Alexander
757 605 942 659 primus,
979 609 1022 646 et
1052 603 1347 655 Caelestinus,
1366 603 1646 645 et'Iohaunes
1673 605 1803 648 ·‚VIII·
1834 605 1957 647 simili
1986 607 2188 649 sententia
2218 607 2483 661 decernunt,
2510 614 2558 651 ut

306 677 352 720 id
381 677 500 732 quod
529 676 742 719 invenitur
771 688 851 730 pro
881 687 1043 717 summa
1072 675 1318 717 necessitate
1348 673 1573 716 toleratum
1594 705 1606 727 ,
1638 673 1874 716 nullatenus
1904 681 2139 732 assumatur
2166 678 2212 719 in
2242 678 2391 731 legem.
2426 680 2557 722 Prae-

304 753 419 791 terea
435 778 447 802 ‚
470 753 518 791 ut
541 748 679 793 omnis
700 746 840 789 aditus
869 747 975 788 sacri
1006 746 1136 788 officii
1158 746 1399 788 simoniacis
1421 744 1689 797 obstruatur,
1710 745 1768 786 ita
1792 751 2130 799 argumentamur
2150 748 2201 790 de
2221 761 2370 791 eorum
2390 750 2561 804 pseudo

304 818 526 861 sacerdote
543 849 554 871 ,
571 818 736 861 scilicet
752 817 976 860 simoniace
998 816 1239 860 ordinatore
1257 815 1325 858 vel
1347 815 1569 858 ordinato:
1594 815 1730 857 omnis
1757 815 1952 858 sacerdos
1975 817 2246 872 simoniacus,
2268 823 2340 861 aut
2361 820 2557 863 sacerdos

304 894 397 943 est,
431 894 504 932 aut
542 888 735 932 sacerdos
764 899 853 930 non
883 891 966 930 est:
1005 899 1103 929 nam
1133 887 1307 941 septima
1346 885 1534 942 synodus
1575 890 1618 928 et
1649 886 1876 940 Gregorius
1906 890 1949 928 et
1977 887 2226 935 Ambrosius
2262 894 2304 931 et
2334 890 2526 945 Pelagius
2540 921 2558 943 ,-

305 965 359 1002 ut
388 960 698 1015 supradictum
729 963 820 1011 est,
845 959 962 1000 aiunt
991 957 1252 1000 sacerdotem
1274 970 1362 999 non
1390 969 1504 1011 csse3
1530 968 1632 1011 ergo
1663 961 1843 998 nonsest
1863 956 2090 1011 sacerdos;
2123 960 2394 1014 consequitur
2423 962 2554 1015 igitur
2618 956 2620 958 ’

305 1035 358 1073 ut
387 1031 636 1073 sacrificium
666 1029 778 1072 illius
797 1029 960 1071 nullum
981 1029 1037 1070 sit
1057 1031 1116 1087 Δ1),
1138 1033 1264 1083 atque
1286 1027 1482 1070 sacerdos
1513 1027 1604 1070 fieri
1633 1041 1720 1070 non
1749 1028 1899 1083 possit.
1925 1029 2029 1070 Nam
2052 1029 2168 1072 iuxta
2198 1031 2486 1074 Innocentium
2510 1037 2553 1074 et

309 1103 494 1145 Leonem
514 1107 559 1145 et
580 1101 690 1144 alios
710 1105 850 1155 patres
868 1100 920 1142 ab
942 1100 1101 1142 haeresi
1131 1099 1351 1142 redeuntes
1380 1100 1625 1154 promoveri
1653 1112 1740 1142 non
1770 1104 1962 1154 possunt.
1987 1100 2067 1143 Sed
2087 1101 2115 1142 ii
2137 1102 2212 1155 qui
2238 1114 2324 1143 non
2351 1103 2550 1146 simonia-

301 1187 355 1216 ce
377 1173 431 1215 ab
445 1174 659 1229 episcopis
679 1172 894 1228 quondam
918 1171 1158 1223 catholicis,
1181 1175 1327 1226 postea
1343 1183 1472 1224 vero,
1496 1171 1760 1225 simoniacis,
1786 1171 1966 1224 ordinati
1992 1176 2110 1226 sunt,
2139 1185 2234 1215 cum
2256 1172 2358 1215 tales
2381 1174 2548 1216 eosdem

304 1257 394 1288 esse
424 1248 622 1295 nossent,
645 1242 887 1285 removendi
917 1246 1042 1295 sunt;
1077 1242 1278 1295 quoniam
1309 1242 1433 1296 iuxta
1454 1241 1691 1296 praefatum
1719 1242 2013 1284 Innocentium
2029 1273 2041 1294 ,
2065 1247 2260 1285 auctores
2280 1255 2427 1285 eorum
2450 1257 2547 1286 cum

303 1328 332 1358 a
358 1315 566 1358 >catholiea
594 1313 680 1356 fide
711 1313 1015 1365 desciscerent,
1048 1312 1353 1367 perfectionem
1382 1313 1558 1367 Spiritus
1587 1314 1744 1366 sancti,
1775 1324 1902 1367 quam
1932 1318 2204 1367 acceperant,
2228 1314 2416 1356 amisere.
2442 1316 2547 1357 Item

307 1385 424 1428 idem
455 1385 509 1428 dc
539 1384 779 1427 huiusmodi
813 1383 1058 1425 ordinatore
1086 1383 1166 1425 vel.
1185 1383 1380 1426 ordinato
1397 1380 1417 1425 ε’
1436 1383 1743 1426 damnationem
1772 1383 1918 1438 utique
1938 1395 2066 1438 quam
2084 1384 2254 1437 habuit,
2280 1397 2357 1439 per
2376 1398 2547 1440 pravam

313 1469 462 1499 manus
491 1457 803 1511 impositionem
833 1454 976 1507 dedit3
1008 1459 1049 1496 et
1079 1455 1154 1509 qui
1184 1454 1394 1509 particeps
1423 1455 1556 1496 sactus
1584 1459 1656 1496 est·
1675 1454 1870 1497 damnato
1890 1487 1902 1509 ,
1926 1455 2143 1509 quomodo
2167 1456 2319 1499 debeat
2340 1458 2547 1501 honorem

302 1517 523 1582 accipere,
554 1527 738 1589 invenire
769 1537 856 1567 non
886 1537 1123 1580 possumus.
1149 1526 1231 1567 Eos
1261 1537 1387 1579 vero,
1422 1525 1576 1580 quibus
1605 1529 1703 1594 post
1733 1526 1796 1567 sui
1826 1526 2139 1580 promotionem
2169 1527 2346 1582 perfidia
2374 1529 2544 1583 claruit,

298 1601 340 1641 si
369 1599 542 1641 scientia
566 1598 726 1652 pariter
742 1601 787 1639 et
808 1596 1012 1650 religione
1035 1596 1385 1638 commendantur
1402 1627 1414 1649 ,
1437 1595 1740 1651 perfectionem
1761 1597 1940 1652 Spiritus
1962 1599 2091 1640 sancti
2110 1600 2547 1654 manus‘impositione

2588 1398 2656 1429 00d.
2673 1399 2694 1428 ῐ.
2713 1403 2775 1429 120.

303 1670 498 1724 accipere
528 1667 681 1710 debere
711 1667 991 1720 arbitramur,
1023 1667 1140 1708 iuxta
1169 1666 1288 1721 quod
1317 1669 1507 1721 superius
1537 1667 1596 1709 ait
1625 1669 1864 1710 Anastasius
1893 1668 1946 1710 de
1973 1668 2038 1710 his
2069 1670 2143 1724 qui
2173 1682 2197 1712 a
2223 1671 2452 1713 Donatistis
2472 1671 2548 1714 ba·
2574 1716 2589 1729 „

301 1741 449 1796 ptizati
478 1745 576 1782 sunt
605 1740 846 1793 ignorantes
876 1750 1024 1780 eorum
1054 1750 1260 1780 errorem.
1282 1738 1477 1780 Ordinati
1499 1726 1711 1781 autem'ab
1733 1739 2019 1791 invasoribus,
2042 1746 2090 1782 nt
2120 1742 2247 1795 supra
2278 1741 2437 1784 dictum
2457 1748 2542 1796 est,

294 1812 375 1854 alii
403 1811 603 1865 leguntur
631 1815 680 1852 ut
707 1810 874 1865 penitus
905 1809 1084 1861 abiecti,
1116 1809 1183 1851 alii
1212 1810 1256 1851 in
1286 1810 1509 1864 pristinum
1540 1810 1719 1863 gradum
1748 1810 1939 1864 reducti,
1973 1811 2044 1853 alii
2074 1812 2149 1866 qui
2180 1812 2296 1868 digni
2335 1814 2412 1855 visi
2447 1819 2546 1856 sunt

296 1883 443 1925 denuo
475 1882 724 1924 consecrati.
759 1882 980 1923 Invasores
1009 1885 1174 1933 antem,
1199 1885 1242 1922 et
1262 1893 1334 1923 eos
1365 1881 1440 1935 qui
1469 1880 1522 1922 ab
1554 1881 1615 1922 eis
1637 1881 1905 1932 ordinantur,
1929 1881 2161 1923 haereticos
2189 1887 2232 1924 et
2260 1883 2546 1926 schismaticos

296 1966 391 1996 esse
420 1952 742 2007 perpendimUS‚
775 1964 822 1994 ex
854 1964 906 1994 eo
938 1952 1055 2007 quod
1087 1951 1322 2006 Cyprianus
1352 1953 1410 1994 ait
1441 1950 1495 1993 ad
1525 1947 1758 2006 Pupianum
1790 1952 1976 1994 scribens
2005 1952 2058 1994 de
2090 1953 2268 2007 Novatio
2293 1956 2330 2006 2)
2354 1955 2546 1998 invasore

300 2025 571 2079 episcopatus
599 2023 797 2066 Cornelii.
832 2023 962 2075 Inde,
993 2023 1160 2077 inquit,
1192 2022 1418 2064 schismata
1447 2027 1488 2064 et
1520 2022 1714 2064 haereses
1743 2027 1859 2064 ortae
1888 2027 1987 2064 sunt
2015 2027 2058 2064 et
2087 2024 2307 2076 oriuntur,
2332 2025 2433 2067 dum
2455 2027 2543 2081 epi—

295 2108 454 2150 scopus
484 2095 558 2149 qui
587 2107 694 2136 unus
723 2097 812 2144 est,
845 2097 888 2135 et
917 2093 1113 2135 ecclesiae
1143 2097 1332 2147 praeest,
1356 2093 1535 2147 superba
1565 2092 1847 2148 quorumdam
1877 2095 2218 2149 praesumptione
2239 2097 2539 2140 contemnitur.

302 2167 352 2207 Et
381 2165 509 2219 paulo
541 2169 653 2219 post.
692 2163 838 2206 «Unde
866 2164 971 2205 scire
1001 2162 1126 2205 debes
1155 2163 1400 2218 episcopum
1432 2165 1476 2206 in
1507 2164 1678 2206 ecclesia
1707 2177 1819 2218 esse,
1851 2170 1892 2207 et
1922 2165 2133 2207 ecclesiam
2162 2168 2207 2208 in
2236 2167 2466 2222 episcopo;
2498 2174 2541 2211 et

300 2236 335 2277 si
368 2237 462 2290 quis
492 2248 588 2277 cum
617 2235 819 2289 episcopo
851 2247 938 2276 non
967 2235 1047 2288 sit,
1080 2234 1125 2275 in
1155 2234 1325 2276 ecclesia
1357 2247 1444 2276 non
1475 2243 1607 2276 esse.»
1642 2235 1790 2290 Itaque
1825 2248 1875 2278 ex
1909 2236 2149 2278 huiusmodi
2178 2237 2317 2279 verbis
2344 2239 2543 2294 Cypriani

304 2305 671 2348 animadvertimus
689 2337 702 2359 ,
726 2305 843 2360 quod
871 2306 902 2347 ii
932 2306 1005 2360 qui
1034 2305 1186 2348 alienas
1215 2305 1405 2347 ecclesias
1433 2305 1638 2347 invadunt
1655 2338 1668 2358 ,
1701 2319 1796 2348 cum
1818 2306 1902 2348 sint
1921 2311 2106 2349 rectores
2127 2309 2363 2362 earumdem
2391 2323 2541 2365 super-

298 2379 423 2420 stites
441 2408 453 2430 ,
485 2381 571 2420 tam
600 2377 682 2432 ipsi
712 2371 839 2432 quam
872 2377 926 2419 ab
957 2378 1017 2418 eis
1047 2376 1258 2430 ordinati,
1291 2377 1541 2419 schismatici
1571 2382 1614 2419 et
1642 2378 1840 2419 haeretici
1861 2382 1983 2419 sunt:
2008 2383 2049 2420 et
2071 2380 2183 2422 iuxta
2205 2381 2324 2434 quod
2351 2383 2542 2436 superius

302 2448 356 2490 ab
388 2447 537 2491 eodem
568 2448 780 2502 Cypriano
798 2477 812 2502 ,
834 2451 876 2489 et
906 2446 1075 2501 Pelagio
1106 2451 1149 2489 et
1178 2447 1325 2489 ceteris
1355 2446 1513 2490 dictum
1544 2454 1634 2502 est,
1656 2448 1761 2490 falsa
1788 2453 1830 2491 et
1859 2448 2060 2505 sacrilega
2089 2451 2290 2493 sacrificia
2320 2456 2437 2495 extra
2466 2466 2539 2496 ec-

301 2519 469 2561 clesiam
493 2518 694 2560 offerunt.
1641 2576 1643 2579 ι

430 2592 495 2632 11.
530 2590 646 2642 Quae
677 2590 816 2631 omnia
847 2588 1074 2632 rectissime
1105 2588 1157 2632 de
1185 2602 1412 2632 GUIBERTO
1437 2592 1722 2633 ravennatensi
1750 2591 1962 2646 quondam
1991 2593 2216 2648 episcopo,
2239 2599 2280 2637 et
2299 2596 2351 2638 ab
2373 2608 2425 2638 eo
2448 2608 2543 2639 exe-

293 2661 421 2703 cratis
450 2661 741 2716 accipiuntur;
775 2661 847 2715 qui
878 2664 976 2714 post
1005 2661 1205 2715 praestita
1235 2661 1408 2703 domino
1440 2653 1691 2704 suo'beatae
1721 2664 1945 2705 memoriae
1975 2665 2157 2718 septimo
2178 2666 2381 2720 Gregorio
2403 2679 2539 2721 papae

294 2731 512 2774 fidelitatis
541 2735 799 2774 sacramenta
817 2762 828 2783 ,
861 2735 903 2773 et
933 2731 1217 2783 obedientiam
1246 2744 1400 2774 novem
1438 2733 1556 2775 annis
1594 2734 1849 2786 exhibitam,
1881 2734 2068 2776 eiusdem
2105 2737 2381 2791 apostolicum
2410 2739 2536 2780 thro-

301 2813 404 2843 num
435 2803 617 2854 invasit,
641 2801 810 2844 favente
840 2806 883 2843 et
911 2806 1167 2855 cooperante
1197 2801 1277 2843 sihi
1307 2802 1490 2844 Henrico
1521 2814 1648 2856 rege,
1672 2815 1798 2857 quem
1819 2804 2056 2847 seducendo
2085 2806 2128 2847 in
2148 2806 2414 2849 simoniacam
2434 2808 2537 2850 hae-

301 2873 456 2925 resim,
487 2872 532 2914 in
562 2884 687 2926 quam
718 2870 827 2913 idem
858 2871 1064 2913 Henricus
1094 2871 1254 2913 dudum
1283 2871 1518 2926 inciderat,
1551 2873 1801 2927 profundius
1830 2875 1996 2928 impulit
2014 2905 2026 2927 ,
2060 2880 2103 2917 et
2131 2877 2280 2918 avertit
2300 2877 2354 2919 ab
2385 2878 2535 2920 obser-

296 2942 467 2992 vatione
495 2943 741 2997 iuramenti,
775 2941 893 2996 quod
922 2941 1037 2997 apud
1066 2942 1287 2984 Canusium
1316 2943 1486 2985 Tusciae
1515 2943 1723 2998 oppidum
1751 2944 2002 2999 praebuerat
2031 2946 2165 2988 eidem
2201 2947 2372 2990 domino
2402 2949 2536 3004 Papae

289 3013 349 3057 ad
377 3013 667 3069 integrandam
696 3025 842 3067 pacem
872 3017 914 3054 et
943 3013 1142 3054 iustitiam
1170 3013 1214 3054 in
1243 3024 1374 3067 regno
1392 3045 1404 3067 ‚
1428 3013 1547 3068 quod
1569 3014 1703 3057 multa
1730 3015 1927 3069 snperbia
1949 3020 1991 3057 et
2012 3016 2169 3059 malitia
2197 3018 2529 3072 perturbaverat.

299 3086 481 3139 Propter
511 3096 620 3139 quae
651 3084 791 3126 omnia
821 3088 919 3137 post
950 3084 1122 3125 multam
1154 3083 1492 3137 deprecationem
1522 3084 1707 3126 eiusdem
1735 3085 1895 3127 domini
1926 3088 2065 3142 Papae
2094 3092 2142 3129 ut
2172 3089 2460 3143 resipisceret,
2492 3094 2536 3132 et

291 3168 594 3211 saepenumero
633 3155 899 3196 vocationem
935 3159 981 3196 ut
1019 3155 1305 3210 satisfaceret,
1335 3155 1506 3198 tandem
1534 3157 1719 3211 primum
1756 3158 2209 3212 excommunicatione,
2230 3160 2421 3214 «deinde,
2452 3162 2534 3203 nisi

297 3227 614 3281 acquiesceret,
647 3226 971 3267 comminatione
1002 3225 1278 3280 depositionis
1306 3240 1332 3270 a
1359 3238 1518 3280 regn0,
1541 3227 1692 3269 iterum
1722 3227 1776 3270 ad
1799 3228 2075 3271 iuramentum
2107 3231 2382 3274 satisfaciendi
2412 3245 2534 3275 com·-

302 3297 448 3351 pulsus
477 3301 555 3338 est.
587 3294 666 3337 Sed
696 3299 871 3350 postea,
894 3299 940 3337 ut
963 3295 1120 3337 dictum
1151 3300 1240 3350 est,
1265 3309 1288 3339 a
1308 3297 1500 3352 praefato
1523 3308 1746 3340 Gulnl-:n'ro
1769 3310 1880 3340 novo
1912 3299 2078 3341 Simone
2098 3312 2219 3355 mago
2234 3331 2246 3354 ,
2271 3302 2397 3344 veluti
2428 3304 2535 3345 alter

294 3369 408 3409 Nero
445 3366 643 3408 seductus
672 3370 764 3419 est,
796 3366 956 3407 scilicet
987 3366 1104 3420 quod
1135 3379 1219 3409 non
1251 3372 1467 3422 oporteret
1495 3367 1687 3410 eumdem
1725 3368 1856 3410 veluti
1886 3373 2050 3412 tantum
2078 3383 2219 3424 regem
2239 3404 2254 3425 ,
2284 3373 2534 3427 apostolieae

291 3438 407 3485 sedis
426 3437 585 3479 iudicio
609 3437 806 3492 cuiquam
838 3436 1098 3490 satisfacere3
1121 3450 1170 3479 ac
1200 3439 1235 3479 si
1265 3450 1352 3480 non
1382 3443 1489 3481 essct
1517 3437 1569 3481 de
1601 3438 1752 3480 ovibus
1776 3439 1887 3483 beati
1917 3441 2052 3496 Petri,
2081 3442 2155 3485 sed
2178 3448 2372 3498 exceptus
2400 3445 2454 3486 ab
2483 3458 2533 3487 ea

292 3507 555 3560 obligatione
570 3537 583 3560 ,
608 3507 660 3549 de
682 3519 768 3562 qua
797 3506 930 3549 eidem
953 3520 979 3549 a
998 3509 1088 3549 Deo
1110 3508 1264 3550 dicitur
1285 3510 1550 3562 quodcumque
1570 3511 1754 3562 liqaveris
1770 3523 1889 3563 super
1907 3516 2075 3566 terram,
2101 3517 2143 3555 et
2161 3517 2313 3556 cetera.
2339 3514 2533 3556 Eiusdem

295 3578 442 3632 itaque
471 3577 662 3620 suasione
693 3577 909 3632 praefata,
941 3577 1028 3620 duo
1058 3578 1293 3621 iuramenta
1321 3578 1666 3634 transgrediendo
1683 3612 1695 3635 ,
1714 3581 1864 3623 iterum
1885 3594 2105 3638 quousque
2126 3584 2406 3639 resipisceret,
2426 3597 2529 3640 syn-

412 3698 440 3738 1)
462 3698 612 3734 lamboc
633 3697 843 3731 refutavimus
863 3698 896 3731 in
918 3698 1150 3740 superioribus.
1172 3700 1334 3732 Prolixior
1356 3700 1463 3733 autem
1485 3701 1531 3733 rei
1554 3701 1712 3743 expositio
1733 3702 1820 3744 apud
1840 3703 2030 3736 tractatores
2051 3704 2218 3745 theologos
2239 3704 2357 3745 passim
2377 3706 2475 3738 extat.

407 3753 440 3791 ¹2)
460 3751 565 3784 Verba
586 3751 737 3792 cypriani
759 3752 844 3784 infra
864 3752 997 3786 laudata
1018 3753 1180 3793 pertinent
1199 3754 1242 3786 ad
1259 3752 1328 3787 eius
1345 3754 1515 3796 epistolam
1534 3754 1648 3789 vat.
1669 3757 1898 3790 verumtamen
1924 3756 1965 3790 de
1984 3758 2110 3790 Novato
2131 3766 2185 3790 seu
2203 3757 2340 3790 Nox-auo
2358 3759 2390 3790 et
2410 3757 2450 3790 ‹le
2470 3759 2536 3791 No—

289 3805 419 3837 vatiano
441 3805 518 3837 aiibi
537 3804 650 3838 scribit
669 3805 860 3846 cyprianus.
1602 3846 1611 3863 ο
