2996 4432
288 357 357 387 cod.
371 357 393 386 f,
410 359 452 387 10.
466 354 498 386 b.

544 234 576 278 li
1518 244 1576 277 Ex
1607 244 1736 278 mimo
1769 246 1821 278 11.

655 334 706 383 6.
748 329 1092 401 Episcopatus
1126 326 1249 379 licet
1282 344 1423 379 unus
1458 328 1527 382 sit
1565 340 1679 383 toto
1724 329 1854 383 orbe
1897 328 2153 395 diffusus,
2192 330 2313 385 licet
2340 327 2635 386 ,secundum
2670 336 2783 407 epi·

549 412 814 486 scopalem
849 409 1271 464 benedictionem
1304 410 1422 463 talis
1457 412 1526 464 sit
1560 412 1842 484 nepesinus
1876 423 1936 465 ut
1959 432 2206 467 romanus
2221 454 2236 478 ,
2263 414 2483 486 talisque
2518 416 2784 470 laudensis

549 509 610 550 ut
645 494 1074 557 mediolanensiS,
1113 503 1287 546 tamen
1322 512 1431 547 esse
1466 494 1525 546 in
1560 513 1624 547 eo
1660 494 1865 566 aliquos
1899 495 2091 564 gradus
2107 537 2121 561 ‚
2160 498 2328 550 nostri
2371 499 2592 552 maiores
2627 500 2783 552 nobis

548 577 843 632 tradidere:
871 595 994 629 nam
1029 576 1157 629 alios
1192 594 1302 629 esse
1336 569 1526 630 volunt
1559 577 1838 648 primateS‚
1878 596 2014 649 quos
2049 580 2371 650 patriarchas
2404 593 2594 634 vocant
2611 602 2624 647 ;
2642 583 2781 635 'al-ios

549 660 999 731 archiepiscopos,
1027 658 1156 711 alios
1189 677 1317 712 vero
1354 658 1659 731 simpliciter
1692 659 1983 732 episcopos,
2014 661 2341 715 Patriarchas
2374 681 2500 716 vero
2535 675 2640 716 tres
2673 682 2784 717 esse

548 754 755 796 tantum
789 743 1007 813 antiqua
1042 741 1198 795 nobis
1233 740 1565 795 commendat
1598 740 1813 794 traditio
1832 781 1847 806 ,
1875 760 2151 795 romanum
2185 745 2380 798 scilicet
2415 757 2466 798 et
2501 746 2788 799 alexandri-

550 846 681 880 num
717 838 770 879 et
805 826 1198 879 antiochenum.
1225 824 1361 878 Sunt
1396 842 1523 877 vero
1558 824 1742 889 multi,
1771 825 1866 895 qui
1901 824 1972 878 ob
2009 824 2302 880 dominicae
2324 829 2493 880 crucis
2516 847 2577 882 ac
2612 830 2788 901 sepul·
2856 839 2858 841 ’
2902 888 2904 895 s

550 923 700 963 turae
735 909 1103 974 reverentiam,
1143 919 1391 979 quartum
1426 918 1665 971 asserunt
1699 907 1878 960 Aeliae
1913 909 2132 961 civitatis
2169 911 2490 982 episcopum.
2519 911 2655 965 Sunt
2689 914 2783 984 qui

551 993 623 1045 ob
659 993 828 1064 regiae
864 991 1086 1044 civitatis
1121 990 1380 1043 excellens
1415 989 1676 1059 fastigium
1693 1028 1709 1052 ,
1749 990 1995 1061 quintum
2030 989 2235 1069 addunt
2268 994 2786 1066 constantinopolita-

550 1094 681 1128 num
718 1075 1041 1147 episcopum.
1082 1072 1338 1125 Nonnulli
1373 1090 1499 1124 vero
1535 1072 1889 1144 Aquileiensis
1932 1073 2152 1126 civitatis
2188 1075 2351 1127 totius
2392 1074 2645 1130 Venetiae
2680 1097 2788 1130 me-

550 1158 775 1229 tropolis
810 1157 1145 1228 episcopum,
1174 1166 1379 1208 sextum
1413 1154 1599 1207 volunt
1634 1173 1745 1210 esse
1780 1155 2150 1227 patriarcham.
2178 1157 2286 1223 Qui
2310 1158 2368 1210 in
2403 1159 2506 1211 hoc
2531 1158 2788 1212 differunt

554 1261 584 1293 a
619 1259 839 1294 romano
876 1239 1122 1310 episcopo
1140 1278 1153 1303 ,
1193 1238 1320 1310 quia
1355 1237 1615 1310 quicquid
1651 1237 1921 1310 dignitatis
1956 1238 2156 1292 habent
2189 1240 2271 1293 vel
2307 1241 2599 1312 privilegii,
2638 1261 2670 1295 a
2703 1262 2796 1296 ro·

553 1342 706 1376 mana
751 1322 948 1374 habent
994 1320 1248 1373 ecclesia:
1293 1339 1512 1373 romana
1554 1339 1683 1374 vero
1730 1322 1944 1374 ecclesia
1992 1322 2151 1374 nullis
2197 1322 2462 1394 synodicis
2507 1325 2793 1379 constituta-

553 1405 644 1458 sed
687 1405 848 1476 ipsius
893 1414 970 1456 est
1014 1403 1228 1456 Domini
1267 1421 1399 1457 voce
1442 1402 1661 1456 fundata
1705 1402 1927 1457 dicentis
1972 1403 2040 1457 ad
2079 1404 2295 1458 beatum
2338 1407 2584 1460 Petrum:
2633 1419 2693 1478 tu
2738 1427 2791 1461 es

552 1490 772 1550 Petram,
817 1498 865 1538 et
898 1505 1059 1558 saper
1090 1486 1234 1539 hanc
1259 1497 1472 1558 petram
1507 1486 1796 1557 aedificabo
1830 1487 2103 1560 ecelesiam
2141 1507 2329 1541 meam.
2371 1479 2470 1543 Cui
2505 1489 2683 1544 addita
2713 1503 2792 1544 est

552 1571 768 1623 societas
803 1569 942 1622 beati
977 1569 1126 1621 Pauli
1161 1568 1387 1641 apostoli
1422 1569 1652 1641 magistri
1686 1571 1921 1641 gentium
1944 1589 1958 1635 ;
1981 1582 2065 1624 ‘ut
2106 1589 2242 1643 quae
2283 1583 2395 1624 erat
2434 1572 2598 1625 electa
2632 1586 2792 1646 caput

553 1653 786 1723 gentium
807 1693 819 1717 ,
865 1650 1010 1729 sedes
1044 1662 1176 1704 esset
1213 1652 1576 1724 apostolorum
1606 1653 1860 1725 principis
1883 1663 1936 1706 et
1958 1653 2189 1726 magistri
2231 1655 2483 1724 gentium.
2515 1654 2662 1707 Sunt
2696 1658 2790 1727 qui

506 1780 508 1782 ,
553 1738 650 1789 hos
684 1736 868 1789 dicunt
902 1754 1009 1789 esse
1044 1736 1394 1807 patriarchas,
1439 1756 1574 1809 quos
1609 1756 1767 1809 supra
1802 1738 2230 1790 memoravimus:
2277 1738 2406 1797 alios
2440 1756 2565 1791 vero
2605 1739 2790 1810 prima-

266 1838 276 1850 *
289 1836 357 1866 cod.
379 1835 507 1866 Lauda:

263 1879 381 1901 ‘ne‘nse‘m
386 1894 392 1900 .

233 2079 241 2088 ⁴
264 2078 331 2107 cod.
356 2078 507 2108 Motinen-

229 2120 299 2141 sem.

554 1830 632 1872 tes
648 1859 662 1883 ,
690 1830 751 1871 ut
785 1819 1189 1890 Lugdunensem
1206 1819 1229 1844 '²
1253 1819 1312 1872 in
1335 1820 1538 1886 Gallia,
1568 1832 1621 1874 et
1643 1820 1690 1873 T
1692 1822 2004 1874 revirensem
2035 1821 2093 1872 in
2116 1831 2317 1873 comata
2356 1819 2526 1873 Gallia
2543 1862 2556 1886 ,
2595 1833 2648 1874 et
2682 1822 2790 1875 Ma-

556 1903 833 1973 guntinum
868 1903 924 1954 in
960 1903 1270 1956 Germania:
1299 1903 1426 1956 alios
1447 1922 1576 1956 vero
1600 1904 2054 1975 archiepiscOPOS,
2084 1914 2145 1956 ut
2167 1904 2474 1979 Remensem
2499 1904 2556 1955 in
2576 1904 2756 1957 ,Gallia
2772 1945 2787 1968 ,

557 1997 608 2038 et
643 1984 1080 2038 Mediolanensem
1105 1986 1161 2037 in
1185 1986 1430 2057 Liguria:
1470 1986 1599 2039 alios
1632 2004 1759 2038 vero
1786 1985 2217 2057 metropolitanos
2232 2024 2247 2048 ‚
2274 1996 2337 2037 ut
2360 1985 2793 2055 Augustidunen-

555 2087 662 2123 sem
697 2070 755 2121 in
790 2069 989 2133 Gallia,
1029 2080 1081 2121 et
1116 2069 1464 2123 Morinensem
1489 2070 1511 2095 ⁴‘
1535 2070 1592 2121 in
1628 2080 1830 2123 comata
1853 2068 2054 2133 Gallia,
2094 2078 2147 2120 et
2180 2078 2231 2120 et
2266 2067 2700 2140 Bambergensem
2735 2070 2791 2122 in

556 2152 867 2215 Germania,
907 2163 959 2204 et
994 2152 1299 2223 Papiensem
1334 2153 1392 2205 in
1428 2152 1605 2216 Italia,
1644 2163 1698 2205 et
1732 2151 2089 2204 Veronensem
2123 2151 2182 2204 in
2216 2150 2455 2224 Venetia,
2497 2151 2642 2204 Alios
2666 2170 2799 2206 vero

556 2235 854 2306 simpliciter
889 2234 1075 2287 dicunt
1110 2254 1219 2289 esse
1256 2236 1548 2308 episcopos
1591 2236 1730 2302 Quia
1765 2253 1890 2287 vero
1927 2252 2109 2288 omnes
2141 2234 2263 2287 licet
2298 2234 2545 2306 primates
2592 2236 2678 2288 vel
2711 2255 2798 2289 ar·-

558 2317 908 2389 chiepiscopi,
937 2316 1223 2390 episcopali
1257 2329 1432 2371 tamen
1468 2329 1750 2372 censentur
1772 2317 2016 2381 nomine,
2045 2316 2114 2370 ab
2150 2317 2408 2388 episcopis
2434 2317 2798 2389 incipiendum

557 2411 633 2452 est
656 2441 668 2464 ‚
708 2411 759 2452 et
794 2399 926 2470 quid
961 2401 1134 2471 ipsum
1168 2418 1364 2453 nomen
1398 2400 1634 2472 episcopi
1669 2398 1953 2470 significet,
1994 2397 2350 2452 discutiamus.
2723 2446 2726 2450 .

663 2502 712 2552 7.
753 2483 1041 2555 Episcopus
1073 2482 1279 2536 ‘dicitur
1313 2481 1780 2554 superintendenS,
1827 2499 1892 2534 eo
1938 2481 2086 2552 quod
2130 2499 2292 2553 super
2332 2499 2477 2534 suam
2513 2493 2566 2535 et
2604 2483 2796 2555 populi

557 2565 793 2618 intendat
816 2565 1090 2618 actionem.
1115 2567 1274 2619 Curet
1298 2584 1423 2636 ergo
1448 2567 1729 2638 episcopus
1753 2564 1969 2617 sollicite
1994 2575 2054 2618 ut
2077 2564 2189 2617 eius
2212 2564 2320 2617 vita
2343 2563 2581 2617 aedificet
2604 2576 2656 2617 et
2681 2560 2794 2618 non¹

558 2647 869 2701 scandalizet
893 2647 1147 2700 subditos.
1171 2648 1313 2700 Talis
1336 2649 1475 2701 enim
1500 2647 1658 2707 debet
1682 2665 1790 2700 esse
1812 2647 1949 2700 vitae
1971 2646 2246 2716 singularis
2270 2646 2611 2718 omniumque
2633 2646 2801 2700 bono-v

557 2751 674 2782 rum
688 2751 891 2783 morum
910 2733 1270 2803 praerogativa
1294 2730 1588 2794 decoratus,
1617 2741 1678 2782 ut
1700 2729 1768 2783 ad
1793 2729 1906 2782 eius
1931 2729 2374 2800 comparationem
2393 2727 2603 2782 subdita
2619 2729 2796 2802 plebS,.

557 2833 683 2884 grex
708 2814 894 2867 debeat
917 2815 1184 2886 appellari.
1209 2815 1278 2867 Hi
1304 2814 1434 2866 sunt(
1450 2814 1543 2885 qui
1566 2813 1731 2865 vicem
1755 2812 2115 2884 apostolorum
2137 2821 2321 2863 tenent
2343 2811 2400 2863 in
2423 2812 2657 2878 ecclesia,
2683 2813 2799 2884 qui,-

507 2949 510 2954 ,
556 2897 657 2948 bus
674 2895 870 2967 ligandi
893 2896 1234 2968 solvendique
1257 2897 1313 2948 in
1337 2896 1552 2949 ecclesia
1575 2897 1813 2950 Christus
1835 2895 2021 2948 tribuit
2044 2905 2373 2966 potestatem.
2409 2895 2479 2946 Hi
2504 2906 2628 2948 sunt
2653 2895 2796 2948 oculi

558 2980 653 3049 qui
688 2979 745 3030 in
782 2980 972 3031 Christi
1009 2998 1262 3050 corpore,
1302 2978 1451 3050 quod
1486 2990 1565 3032 est
1599 2979 1843 3043 ecclesia,
1872 2977 2057 3042 nitidi;
2086 2996 2314 3049 quorum
2339 2975 2528 3030 decore
2551 2979 2796 3034 universa

557 3063 909 3114 membrorum
945 3082 1200 3134 compago
1236 3063 1633 3134 circumspecta,
1663 3060 1730 3115 ad
1754 3061 1998 3114 decorem
2023 3061 2206 3132 capitis
2231 3072 2452 3113 ornatur
2483 3079 2544 3114 ac
2566 3060 2798 3114 custodi-

558 3156 662 3194 tur.
694 3145 762 3194 Hi
783 3156 906 3196 sunt
930 3164 1067 3215 quos
1091 3146 1349 3196 Dominus
1371 3145 1428 3197 in
1451 3144 1722 3216 evangelio
1746 3143 2147 3215 participatione
2170 3143 2253 3195 sui
2276 3143 2505 3196 nominis
2529 3142 2800 3196 decOravit

559 3225 769 3276 dicens:
812 3245 892 3277 vos
927 3228 1049 3278 estis
1089 3227 1186 3285 lux
1225 3226 1434 3279 mandi.
1475 3229 1541 3280 Et
1576 3229 1634 3280 in
1659 3227 1771 3298 valio
1807 3227 1953 3279 loco:
1982 3246 2064 3279 vos
2099 3226 2223 3279 estis
2256 3226 2346 3278 sal
2373 3238 2560 3279 terrae..
2583 3227 2650 3278 Et
2672 3245 2796 3279 cum

559 3325 714 3358 omne
750 3307 896 3377 quod
932 3308 1154 3360 offertur
1188 3310 1246 3361 in
1282 3310 1536 3363 sacrificio
1555 3350 1570 3374 ,
1597 3321 1882 3382 praecepto
1905 3309 2106 3380 Moysi,
2143 3309 2261 3361 salis
2283 3327 2489 3380 semper
2516 3309 2583 3360 sit
2618 3326 2797 3380 asper-

560 3408 674 3440 sum
698 3389 1032 3442 condimento
1049 3431 1063 3454 ,
1092 3392 1193 3443 hoc
1217 3411 1316 3463 pro
1342 3403 1485 3445 certo
1510 3392 1767 3464 significat
1784 3433 1797 3457 ‚
1825 3392 1956 3445 nihil
1982 3392 2079 3445 Dei
2101 3391 2309 3463 placere
2331 3390 2618 3454 voluntati,
2645 3390 2795 3462 quod

561 3470 868 3523 sacerdotali
903 3491 1012 3524 non
1050 3485 1126 3524 est
1160 3474 1530 3533 benedictione
1563 3475 1893 3529 roboratum.
1931 3473 2034 3527 Sed
2068 3473 2220 3540 valde
2253 3473 2486 3529 terribile
2531 3483 2610 3526 est
2645 3471 2794 3544 quod

562 3554 925 3624 subsequitur:
967 3556 1111 3625 qaod
1142 3557 1191 3608 si
1225 3557 1315 3608 sal
1347 3559 1642 3622 evanuerit,
1690 3557 1749 3609 in
1773 3576 1878 3628 qao
1900 3557 2169 3610 salietur-P
2191 3556 2267 3609 ad
2288 3556 2528 3608 nihilum
2550 3565 2656 3619 est,
2684 3554 2796 3607 nisi
2872 3580 2873 3583 ¹

564 3647 623 3686 at
649 3637 895 3688 mittatur
912 3639 1072 3706 foras
1098 3650 1145 3689 et
1168 3632 1505 3692 conculcetur·
1525 3640 1593 3692 ab
1618 3639 1965 3701 hominibus;
1997 3640 2124 3711 quia
2159 3648 2363 3711 quanto
2395 3636 2586 3708 gradus
2609 3635 2790 3699 altior,

561 3729 709 3769 tanto
746 3737 895 3770 casus
932 3721 1137 3788 gravior
1159 3762 1171 3785 ,
1212 3733 1264 3773 et
1297 3733 1538 3793 potentes
1571 3731 1818 3793 potenter
1858 3733 2120 3775 tormenta
2161 3722 2449 3793 patientur.
2488 3716 2649 3785 Quod
2681 3716 2793 3769 Sal-

562 3811 709 3852 vator
744 3802 865 3854 satis
899 3812 1076 3872 aperte
1113 3802 1368 3876 declaratf‚
1407 3803 1625 3875 quando
1661 3802 2032 3859 scandalizanti
2065 3822 2234 3857 unum
2271 3801 2339 3858 de
2372 3800 2614 3874 pupillis,
2640 3816 2797 3873 expe-
