2996 4432
278 1152 345 1183 cod.
365 1151 386 1183 f.
406 1157 451 1185 20.
468 1152 502 1184 b.

549 217 611 262 274
1370 227 1431 259 nx
1464 227 1592 261 muno
1624 227 1676 260 m
1713 226 1952 260 nomzoms.

548 331 691 365 none
716 311 808 382 qui
834 309 902 363 ad
926 308 1260 363 resecandam
1282 328 1469 363 vanam
1492 311 1709 382 gloriam
1734 321 1811 363 cst
1838 310 1991 363 datus
1999 350 2013 374 ,
2047 311 2373 384 superfluum
2401 316 2477 366 es‘t
2506 314 2778 381 laborare3

547 395 708 447 veluti
733 394 775 446 si
800 393 920 464 quis
943 393 1246 444 novaculam
1284 391 1352 444 ad
1387 391 1649 447 radendos
1683 394 1818 465 pilos
1838 392 2214 460 >duceret,³ubi
2248 395 2344 467 pili
2379 414 2636 467 nusquam
2660 417 2782 469 pos-

546 489 668 530 sunt
691 476 933 528 inveniri.
972 474 1075 533 Sed
1110 493 1222 526 non
1257 474 1375 527 ideo
1412 494 1593 529 omnes
1627 477 1886 547 neophyti
1920 478 2111 547 passim
2147 477 2430 531 ordinandi
2465 491 2619 532 sunt:
2660 500 2780 534 raro

546 560 685 612 enim
719 559 846 611 tales
883 558 1226 610 inveniuntur
1262 558 1542 610 Ambrosii.
1584 559 1650 610 Et
1685 557 1850 629 quod
1868 559 2155 630 aliquando
2191 560 2496 617 conceditur
2526 564 2776 633 tempori,

546 642 756 694 utilitati
792 641 873 693 vel
909 641 1230 706 necessitati,
1270 641 1618 693 universalem
1655 659 1764 692 non
1800 640 2367 711 possidet-firmitatem.

653 727 740 794 [27.
770 726 847 776 De
872 724 1260 795 paenitentibus
1297 742 1434 781 vero,
1456 742 1551 775 cur
1585 722 1922 775 interdictum
1960 725 2026 776 sit
2062 735 2122 776 ut
2144 745 2254 778 non
2277 739 2685 796 promoveantur
2711 727 2777 780 ad

549 807 788 871 ordine5‚
816 808 872 859 in
897 808 1156 878 superiori
1181 806 1410 877 capitulo
1426 846 1440 869 ,
1467 806 1621 857 beato
1652 805 1947 875 Augustino
1975 806 2231 860 referente
2256 811 2620 879 cognovimu5‚
2650 810 2778 863 duas

549 892 619 944 ob
654 910 863 956 causaS,
897 902 958 943 ut
995 902 1048 943 et
1083 890 1388 943 humilitatis
1422 887 1760 940 adhiberetur
1799 887 2097 964 diligentia,
2137 900 2189 941 et
2221 889 2582 962 desperatione
2618 893 2780 964 adipi.-

549 973 726 1026 scendi
752 974 970 1026 honoris
1003 974 1204 1025 animus
1227 973 1576 1023 intumescens
1601 990 1631 1023 a
1665 972 1890 1042 peccatis
1926 972 2230 1042 quiesceret.
2263 972 2434 1026 Sedsi
2459 977 2551 1045 qui
2575 995 2639 1029 ex
2663 996 2780 1048 pae-

551 1057 841 1110 nitentibus
863 1057 1057 1109 iudicio
1083 1055 1367 1126 epiScopali
1392 1056 1650 1126 promoti,
1674 1055 1755 1107 vel
1779 1073 1844 1107 ex
1869 1054 2377 1125 lapsisredintegrati
2402 1056 2595 1120 fuerint
2607 1078 2626 1121 ,⁷
2645 1060 2780 1130 quis-

551 1141 670 1212 quis
706 1141 898 1192 horum
929 1150 1170 1210 peccata,
1211 1156 1347 1208 quae
1384 1138 1441 1188 in
1482 1138 1752 1190 oblivione
1788 1148 1909 1190 sunt
1945 1136 2087 1207 apud
2123 1139 2290 1189 Deum
2323 1149 2452 1190 teste
2483 1141 2774 1211 propheta,

551 1223 618 1276 ad
653 1222 952 1275 memoriam
990 1221 1214 1273 voluerit
1254 1238 1533 1282 revocare,
1575 1220 1660 1271 hic
1694 1231 1877 1271 contra
1911 1219 2050 1271 beati
2089 1220 2417 1291 Petriregni
2446 1222 2711 1284 ‚caelorum
2741 1244 2778 1282 ‚a

547 1306 774 1358 Domino
803 1303 1017 1356 traditas
1053 1303 1221 1355 claves
1251 1303 1469 1373 incipiet
1503 1302 1886 1374 disputare,·et
1922 1303 2355 1374 omnipotentiam
2395 1305 2490 1356 Dei
2526 1305 2779 1376 quodam⁶
2827 1320 2837 1326 ‘
2878 1304 2882 1308 ’

548 1387 705 1440 modo
742 1387 1020 1439 conabitur
1056 1387 1306 1438 minuere.
1340 1387 1419 1437 De
1456 1385 1572 1437 filiis
1607 1396 1780 1438 autem
1807 1386 2248 1451 concubinarum,
2279 1398 2332 1439 et
2364 1386 2430 1439 de
2463 1389 2775 1455 curialibus,

547 1470 666 1524 idco
691 1468 1028 1543 interdictum
1053 1480 1130 1520 est
1152 1487 1219 1520 ne
1241 1479 1651 1540 promoveantur
1671 1509 1683 1533 ,
1713 1486 1779 1520 ne
1804 1468 1979 1520 honor
2001 1480 2175 1521 tantae
2200 1468 2463 1539 dignitatis
2492 1470 2771 1524 vilesceret.

651 1554 737 1616 48.
778 1555 1047 1605 Praeterea
1083 1551 1350 1605 sciendum
1389 1563 1493 1614 est,
1529 1570 1792 1604 canonum
1831 1550 1957 1603 alios
1991 1551 2050 1603 in
2082 1552 2350 1604 voluntate
2386 1553 2613 1623 positos,
2652 1554 2779 1606 alios

548 1635 645 1687 sub
669 1647 967 1706 praeceptO.
1003 1634 1298 1686 Voluntarii
1322 1653 1546 1686 canones
1571 1645 1725 1698 sunt,
1754 1646 1814 1686 ut
1839 1646 1915 1686 est
1946 1633 2076 1686 illud
2108 1634 2457 1687 dominicum:
2490 1637 2540 1687 si
2575 1636 2645 1688 vis
2666 1627 2779 1708 per-

541 1722 718 1787 fectas
753 1738 886 1781 esse,
930 1719 1054 1770 vade
1076 1730 1125 1770 et
1147 1718 1302 1770 vende
1326 1718 1512 1769 omnia
1543 1737 1679 1788 quae
1704 1717 1879 1769 lzabes.
1915 1718 1980 1769 Et
1998 1757 2012 1780 ,
2042 1719 2143 1788 'qu-i
2178 1718 2287 1769 vult
2315 1719 2482 1769 venire
2502 1731 2627 1790 post
2662 1739 2769 1783 me,

546 1802 760 1873 abneget
782 1813 940 1853 semet
965 1802 1163 1872 ipsum.
1191 1801 1254 1851 Et
1286 1800 1581 1870 virginitaS,
1617 1810 1667 1850 et
1696 1801 1870 1852 omnia
1897 1819 2038 1870 quae
2072 1819 2233 1871 supra
2264 1819 2360 1852 nos
2389 1813 2539 1864 sunt,
2569 1803 2626 1853 in
2655 1814 2807 1854 voto·

546 1896 686 1936 sunt.
728 1885 1001 1937 Canonum
1039 1890 1175 1954 quae
1210 1883 1309 1934 sub
1338 1895 1621 1953 praecepto
1656 1894 1807 1947 sunt,
1848 1883 1932 1934 alii
1968 1893 2090 1934 sunt
2119 1884 2421 1947 necessarii,
2458 1884 2543 1935 alii
2569 1883 2779 1954 dispen-

545 1967 750 2019 satorii:
793 1967 1224 2019 necessarii‘vero
1267 1963 1416 2030 sunt,
1452 1965 1580 2036 quia
1614 1965 1759 2017 nulla
1795 1966 1996 2019 ratione
2029 1977 2251 2035 possunt
2287 1967 2518 2030 inritari,
2560 1978 2620 2018 ut
2652 1967 2779 2019 fides

546 2051 802 2120 symboli,
836 2061 888 2103 et
916 2050 1093 2120 regula
1116 2049 1477 2120 baptismati&
1518 2060 1569 2100 et
1599 2047 1856 2100 confectio
1891 2059 2360 2110 sacramentorum,
2401 2059 2452 2099 et
2481 2047 2660 2118 diliges
2683 2048 2778 2101 do-

543 2136 741 2185 minum
775 2136 939 2186 Deum
973 2146 1122 2185 tuum
1155 2134 1211 2184 in
1243 2143 1356 2184 toto
1394 2131 1554 2184 corde
1579 2143 1702 2194 tuo,
1741 2142 1791 2183 et
1818 2149 1927 2182 non
1959 2128 2329 2194 fornicaberis,
2368 2141 2419 2182 et
2450 2149 2561 2183 non
2593 2132 2777 2183 falsum

545 2217 683 2270 dices
719 2217 1101 2279 testimonium,
1140 2208 1190 2267 et
1215 2227 1384 2267 cetera
1408 2216 1490 2266 his
1528 2214 1725 2266 similia.
1766 2214 1867 2264 Alii
1892 2231 2017 2264 vero
2048 2213 2157 2264 fere
2190 2207 2370 2264 omnes
2396 2224 2497 2264 tam
2531 2213 2587 2264 in
2617 2215 2776 2266 veteri

545 2319 702 2370 quam
739 2300 793 2350 in
826 2315 965 2351 novo
1001 2310 1311 2351 testamento
1346 2297 1708 2368 dispensatorii
1744 2307 1895 2359 sunt,
1932 2307 1983 2347 et
2012 2308 2234 2366 possunt
2269 2295 2467 2368 inflecti
2500 2307 2550 2348 et
2579 2296 2771 2360 levari,

545 2394 595 2434 et
632 2394 849 2453 propter
885 2383 1068 2434 melius
1110 2381 1241 2452 quid
1279 2379 1575 2432 faciendum
1609 2380 1871 2431 inmutari.
1911 2379 2017 2444 Qui
2053 2379 2189 2430 enim
2225 2378 2387 2444 dixit,
2429 2383 2540 2431 non
2578 2380 2776 2450 furtum

542 2464 697 2516 facies
719 2504 733 2527 ‚
773 2483 882 2516 non
920 2465 1259 2534 concupisces
1296 2483 1403 2515 rem
1449 2464 1664 2515 alienam
1686 2503 1700 2525 ‚
1743 2463 2009 2514 Hebraeos
2042 2461 2316 2514 admonuit
2352 2474 2412 2514 ut
2443 2465 2681 2533 peterent
2708 2464 2774 2515 ab

543 2547 813 2617 Aegyptiis
848 2566 965 2599 vasa
1003 2558 1246 2617 argentea
1279 2558 1331 2598 et
1355 2565 1510 2598 aurea
1541 2557 1724 2597 mutuo
1757 2563 1866 2596 non
1895 2564 2093 2615 pauca,
2126 2557 2185 2596 ut
2215 2545 2313 2596 hac
2348 2544 2624 2618 calliditate
2655 2565 2776 2616 spo-

542 2629 727 2680 liarent
761 2625 1075 2700 Aegyptum.
1108 2631 1174 2680 Et
1205 2629 1297 2700 qui
1329 2628 1491 2680 dixit:
1524 2648 1634 2681 non
1671 2627 1904 2692 occides,
1941 2628 2267 2698 colligentem
2301 2628 2439 2698 ligna
2465 2629 2521 2679 in
2544 2622 2773 2681 'sabbato

541 2713 689 2764 iussit
718 2713 940 2764 interfici
965 2711 1245 2782 lapidibus.
1270 2713 1334 2762 Et
1362 2711 1454 2781 qui
1483 2710 1638 2763 dixit:
1667 2712 1873 2763 honora
1891 2722 2094 2783 patrem
2121 2722 2172 2762 et
2199 2722 2440 2772 matrem,
2482 2707 2545 2761 ut'
2566 2711 2631 2762 sis
2667 2711 2772 2762 lon-

540 2814 730 2865 gaevus
761 2813 919 2865 super
948 2806 1167 2859 terram3
1210 2795 1337 2866 ipse.
1358 2790 1622 2845 mandavit
1645 2793 1870 2845 dicens:
1907 2794 1958 2844 si
1980 2804 2140 2864 pater
2172 2804 2296 2844 taus
2323 2805 2372 2844 et
2408 2804 2576 2868 mater
2608 2803 2704 2845 tua
2726 2806 2776 2845 et

541 2898 679 2930 uxor
692 2897 828 2949 qaae
857 2873 1014 2930 cubat
1039 2878 1098 2929 in
1128 2879 1258 2931 sina
1291 2889 1399 2939 ιιιο,
1434 2877 1692 2929 voluerint
1718 2888 1765 2928 te
1792 2888 2008 2927 avertere
2034 2876 2327 2938 averitate,
2360 2876 2433 2927 sit
2457 2894 2653 2932 manus
2672 2887 2775 2927 tua

536 2981 696 3032 saper
722 2981 835 3024 eos,
877 2973 926 3012 et
958 2956 1190 3032 interfice
1221 2979 1322 3012 eos.
1362 2961 1428 3011 Et
1464 2960 1556 3031 qui
1595 2959 1760 3023 dixit,
1795 2973 1901 3010 non
1939 2958 2231 3029 periurabis
2267 2959 2323 3009 in
2360 2959 2573 3010 nomine
2617 2977 2766 3024 meo,

538 3062 634 3114 ego
670 3045 956 3109 Dominus3
980 3044 1167 3096 David
1202 3045 1459 3095 iurantem
1485 3042 1736 3095 occidere
1774 3042 1946 3094 Nabat
1982 3042 2203 3095 Carmeli
2235 3060 2406 3112 usque
2437 3040 2502 3092 ad
2533 3042 2772 3111 mingen-

536 3137 641 3176 tem
673 3126 738 3177 ad
771 3127 1019 3196 parietem
1040 3167 1052 3190 ‚
1098 3127 1367 3197 quia-non
1400 3125 1687 3188 interfecit,
1721 3143 1867 3176 reum
1911 3144 2021 3177 non
2051 3123 2302 3196 iudicavit
2336 3124 2570 3194 periurii.
2605 3124 2672 3175 Et
2706 3124 2769 3174 li-

537 3219 618 3258 cet
653 3209 869 3278 praefati
910 3227 1135 3260 canones
1171 3209 1237 3260 ab
1271 3208 1596 3279 apostolo-et
1632 3227 1661 3259 a
1695 3208 1883 3259 sanctis
1921 3206 2160 3277 patribus
2193 3206 2453 3277 episcopis
2490 3205 2560 3280 ob
2598 3204 2771 3257 distri.-

534 3291 774 3342 buendos
806 3290 1016 3342 ordines
1049 3291 1223 3343 traditi
1260 3291 1627 3361 dispensatorii
1658 3290 1791 3352 sint,
1836 3301 1887 3341 et
1919 3308 2100 3341 eorum
2141 3288 2335 3342 iudicio
2369 3286 2657 3357 aliquando
2693 3287 2773 3338 in-

537 3373 781 3444 flectendi
817 3374 897 3425 vel
930 3373 1163 3436 levandi,
1198 3373 1410 3426 videant
1448 3385 1622 3425 tamen
1664 3391 1732 3425 ne
1766 3373 1878 3423 sine
1925 3372 2306 3424 examinatione
2344 3369 2643 3422 inordinate
2672 3370 2771 3422 hos
2807 3386 2811 3392 ·

534 3467 879 3526 promoveant
919 3455 985 3507 ad
1019 3455 1229 3508 ordines
1274 3456 1469 3527 quibus
1507 3456 1638 3507 sacri
1675 3472 1900 3507 canones
1936 3453 2335 3517 contradicunt,
2370 3464 2421 3504 et
2456 3453 2603 3525 iuxta
2642 3470 2767 3522 apo-

537 3537 776 3590 stolicum
803 3549 1171 3608 praeceptum,
1207 3538 1352 3610 quod
1386 3557 1497 3590 non
1536 3537 1915 3609 dispensatorie
1941 3536 2032 3590 sed
2061 3530 2353 3589 inviolabili
2387 3535 2685 3591 necessitate
2718 3534 2774 3585 il-

534 3621 596 3671 lis
629 3620 933 3673 mandatum
979 3632 1083 3683 est,
1124 3620 1336 3673 videant
1370 3640 1437 3674 ne
1480 3620 1766 3691 aliquibus·
1791 3620 1895 3673 cito
1930 3638 2114 3672 manus
2149 3619 2422 3689 imponant
2444 3657 2458 3680 ‚
2499 3634 2596 3669 nec
2630 3634 2772 3668 com-

539 3704 810 3757 municent
845 3704 1068 3775 peccatis
1105 3704 1300 3756 alienis,
1522 3702 1532 3705 i
2015 3703 2018 3706 ’
