2996 4432
984 257 1158 291 *comus
1193 256 1432 290 mvasoni-:s
1466 257 1563 290 Ere.
1601 258 1688 290 mn.
1728 259 1796 291 111.
2446 248 2535 293 107

255 355 390 400 iuriae
414 347 619 411 propriae
637 343 1096 402 ultionemdeposcat,
1129 346 1200 389 cui
1227 344 1424 388 sanctitas
1449 338 1696 399 ignoscendi
1727 339 1910 400 gloriam
1939 345 2214 403 derelinquit.
2247 348 2394 404 Sitque
2426 363 2539 393 cun-

254 429 340 471 ctis
366 425 608 478 laudabile,
640 422 796 465 factam
826 422 1013 461 atrocem
1043 416 1338 461 sacerdotibus
1365 419 1440 460 aut
1471 417 1672 459 ministris
1700 417 1895 459 iniuriam
1913 449 1924 471 ,
1956 419 2085 461 veluti
2121 420 2343 474 publicum
2378 424 2538 466 crimen

256 499 485 555 persequi,
517 509 567 539 ac
597 493 652 537 de
687 491 845 535 talibus
878 490 1084 533 ultionem
1117 501 1216 532 reos
1251 487 1421 531 mereri.
1455 485 1582 539 Quod
1608 488 1643 529 si
1670 487 1900 531 multitudo
1933 489 2120 532 violenta
2148 480 2282 533 civilis
2303 496 2536 548 apparitio-

255 574 324 615 nis
356 569 604 614 executione
632 562 954 607 et'adminiculo
979 561 1183 604 ordinum
1207 570 1551 616 possessorumve
1584 571 1672 600 non
1706 560 1894 613 potuerit
1928 563 2207 616 praesentari,
2240 564 2359 617 quod
2390 578 2434 607 se
2465 579 2537 608 ar-

257 644 339 686 mis
368 645 442 685 aut
470 641 665 682 locorum
687 633 939 677 difficultate
967 637 1162 688 tueatur,
1199 630 1413 687 praesides
1443 630 1756 686 provinciarum
1788 633 1912 674 etiam
1943 633 2113 675 militari
2149 635 2305 677 auxilio
2346 635 2421 690 per
2451 650 2536 691 pu-

257 707 392 757 blicas
423 713 581 754 litteras
608 707 799 763 appetito
817 737 828 757 ,
862 707 1178 760 competentem
1209 701 1438 745 vindictam
1468 701 1542 743 tali
1573 702 1756 750 excessui
1786 702 2004 756 imponere
2041 716 2126 746 non
2163 710 2398 748 morentur.
2428 709 2540 752 Data

263 787 374 829 ΝΠ·
399 783 485 826 kal.
508 776 635 833 maii,
660 777 914 831 Mediolani,
938 772 1134 819 Honorio
1162 775 1279 818 ·1111·
1305 778 1348 816 et
1365 766 1631 829 Eutychiano
1660 772 1954 814 consulibus.»
1980 775 2086 816 Item
2104 775 2366 819 Theodosius
2389 783 2430 820 et
2455 781 2538 822 Va·

259 855 514 900 lentinianus
534 862 662 906 augg.
687 847 750 892 De
779 848 976 891 obnoxiis
1002 842 1276 902 inquiruntur
1305 845 1336 888 ii
1363 845 1437 900 qui
1457 843 1766 886 ambulaverint
1795 856 1894 886 eum
1919 846 2120 900 episcopo
2145 848 2211 890 vel
2235 861 2330 890 cum
2354 838 2538 906 presby.-

255 934 356 971 tero
387 926 457 968 vel
483 925 608 967 etiam
639 934 738 965 cum
763 921 947 963 diacono
965 950 977 973 ,
1005 919 1093 961 sive
1119 918 1166 961 in
1190 929 1293 972 agro
1314 916 1402 959 sive
1426 917 1469 958 in
1501 916 1697 971 quolibet
1723 913 1821 958 loco
1838 949 1851 971 ,
1878 916 1996 960 nullo
2023 923 2150 972 pacto
2176 932 2248 962 eos
2271 922 2440 964 retineri
2472 923 2540 966 vel

253 998 469 1051 obstringi
495 995 718 1047 iubemus,
754 992 958 1048 quoniam
987 991 1031 1034 in
1061 988 1360 1033 sacerdotibus
1389 989 1467 1030 Dei
1500 987 1676 1031 ecclesia
1706 991 1886 1029 constat.

384 1068 453 1112 12.
487 1069 540 1110 Et
568 1066 772 1122 quoniam
803 1076 891 1106 nen
912 1064 1183 1117 ignor-amm,
1207 1060 1417 1122 quaedam
1447 1072 1537 1102 esse
1563 1063 1652 1102 tam
1676 1059 1721 1100 in
1753 1057 1902 1101 codice
1933 1060 2162 1103 iustiniano
2193 1074 2322 1116 quam
2354 1066 2398 1106 in
2425 1065 2540 1108 libro

252 1141 546 1194 novellarum,
575 1143 619 1181 et
641 1138 686 1179 in
709 1135 966 1192 quibusdam
986 1133 1080 1176 >aliis
1105 1133 1250 1187 legum
1277 1131 1398 1174 libris
1420 1130 1696 1174 saecularium
1712 1161 1724 1184 ‚
1756 1142 1867 1185 quae
1891 1143 1915 1172 a
1944 1130 2143 1185 praefatis
2171 1138 2341 1187 patrum
2368 1139 2410 1176 et
2430 1137 2541 1179 chri-

251 1214 498 1256 stianorum
521 1210 764 1266 principum
786 1205 1076 1249 sanctionibus
1105 1203 1159 1246 de
1185 1203 1476 1245 ministrorum
1503 1202 1583 1243 Dei
1603 1200 1771 1244 iudiciis
1794 1201 2014 1244 dissentire
2036 1202 2288 1258 videantur,
2312 1205 2538 1250 dicendum

260 1289 324 1327 est
355 1284 559 1339 quoniam
588 1280 747 1323 saeculi
773 1279 886 1333 leges
903 1309 915 1330 ,
941 1276 1219 1332 inquantum
1247 1273 1536 1317 ecclesiasticis
1558 1285 1646 1316 non
1673 1273 1874 1328 obviant,
1899 1274 2138 1329 sequendae
2162 1280 2204 1318 et
2223 1278 2540 1332 amplectendae

258 1360 386 1410 sunt3
413 1355 573 1410 quippe
599 1365 695 1395 cum
723 1349 930 1406 quaedam
967 1343 1295 1391 constitutiones
1327 1345 1571 1388 earumdem
1603 1357 1627 1387 a
1659 1345 1898 1387 christianis
1918 1347 2290 1401 imperatoribus,
2329 1351 2540 1405 episeopis

253 1425 588 1483 deprecantibus
611 1424 658 1465 in
678 1422 876 1465 auxilium
897 1419 1149 1463 christianae
1168 1417 1386 1473 religionis
1405 1421 1583 1460 statutae
1600 1417 1821 1471 leganturt
1847 1418 1890 1459 in
1912 1418 1977 1459 his
1995 1422 2135 1460 autem
2154 1419 2197 1461 in
2217 1421 2374 1474 quibus
2394 1427 2538 1484 aperte

254 1498 479 1547 dissentire
498 1496 720 1546 videntur,
748 1494 916 1549 penitus
942 1490 1204 1547 respuendae
1229 1493 1353 1532 suut:
1377 1490 1487 1530 sicut
1506 1490 1550 1531 in
1579 1501 1631 1531 eo
1658 1488 1777 1543 quod
1799 1489 2013 1531 sanxerint
2032 1490 2243 1545 imperiali
2265 1492 2381 1534 iussu
2403 1493 2421 1508 *
2445 1495 2536 1548 epi-

254 1581 439 1625 scopum
472 1568 646 1610 crimine
681 1566 923 1621 impetitum
956 1558 1140 1618 produci
1171 1562 1298 1604 licere
1325 1560 1379 1603 ad
1411 1560 1684 1602 iudicandum
1712 1561 1826 1615 apud
1863 1561 2006 1604 civiles
2045 1567 2088 1604 et
2119 1564 2319 1606 militares
2354 1565 2534 1608 iudices.

234 1665 240 1675 ·
258 1643 311 1684 ln
339 1653 391 1682 eo
414 1651 589 1694 quoque
609 1637 745 1680 nihilo
767 1635 924 1689 minus,
956 1634 1076 1690 quod
1097 1638 1242 1688 actore
1268 1634 1464 1689 pulsante
1487 1632 1688 1675 clericum
1714 1633 1759 1675 in
1780 1633 1988 1676 criminali
2010 1637 2222 1689 negotio,
2239 1640 2329 1678 tum
2350 1639 2539 1681 saecula-

255 1726 326 1756 res
348 1711 510 1754 iudices
533 1715 624 1752 tum
651 1708 911 1763 temporales
939 1707 1134 1749 sanciunt
1152 1705 1206 1748 ad
1225 1704 1415 1747 eamdem
1437 1708 1689 1759 potestatem
1707 1735 1719 1759 ‚
1744 1709 1791 1747 nt
1814 1705 1868 1747 ab
1891 1705 2046 1748 eisdem
2075 1720 2170 1749 reus
2204 1709 2507 1764 comprobatus
2523 1742 2536 1764 ,

253 1783 428 1826 sublata
450 1782 635 1838 primum
661 1780 714 1822 ab
741 1780 946 1835 episcopo
975 1790 1053 1820 suo
1077 1790 1163 1833 qua
1189 1776 1446 1831 fungebatur
1469 1775 1698 1829 dignitate,
1722 1778 2003 1820 saecularium
2028 1780 2277 1822 sententiam
2300 1780 2449 1823 subeat
2471 1782 2537 1824 le-

255 1868 363 1910 gum
382 1869 394 1908 3
415 1859 578 1896 contra
600 1852 617 1870 '¹
640 1864 783 1894 sacros
811 1863 993 1893 canones
1017 1850 1179 1902 faciunt
1211 1853 1398 1904 quatuor
1425 1848 1724 1903 vprincipalium
1753 1850 2055 1903 conciliorum,
2086 1863 2194 1905 quae
2225 1852 2441 1906 praefatae
2471 1853 2536 1896 le-

255 1940 333 1981 ges
354 1928 398 1968 in
419 1924 707 1981 plenissimum
730 1922 996 1965 auctoritatis
1020 1920 1154 1963 robur
1173 1911 1360 1975 recipere
1388 1926 1730 1975 consueverunt,
1752 1934 1774 1963 a
1803 1922 1959 1977 quihus
1992 1927 2194 1965 statutum
2218 1928 2280 1966 est
2309 1925 2535 1980 episcopos

201 2016 203 2018 ·
261 2003 306 2040 et
334 1998 524 2053 reliquos
553 1997 630 2038 Dei
660 1995 875 2037 ministros
905 1994 972 2035 vel
992 2005 1018 2035 a
1037 1993 1126 2035 suis
1156 1992 1614 2048 comprovincialibus,
1638 1994 1705 2036 vel
1726 1993 1841 2049 apud
1862 2007 1985 2036 suum
2015 1995 2194 2037 iudicari
2220 1996 2445 2051 primatem
2468 1998 2538 2040 vel

255 2082 484 2112 romanum
514 2067 728 2123 appellare
757 2065 1022 2122 pontificem.
1053 2065 1298 2120 Contraque
1328 2063 1461 2117 haec,
1494 2077 1604 2119 quae
1643 2066 1836 2119 superius
1872 2065 1930 2107 ait
1966 2066 2199 2120 imperator
2237 2068 2536 2111 Constantinus

261 2144 308 2191 in
338 2143 511 2184 nicaena
541 2138 739 2195 synodo,
772 2150 859 2179 non
891 2149 980 2179 esse
1011 2136 1266 2179 conveniens
1298 2140 1344 2178 ut
1374 2136 1504 2178 homo
1536 2136 1697 2178 iudicet
1728 2136 1831 2179 deos
1850 2166 1862 2190 ,
1897 2148 1995 2179 eum
2023 2138 2137 2179 Deus
2169 2139 2440 2193 omnipotens
2470 2145 2537 2182 ta-

256 2214 371 2256 iibus
402 2213 480 2255 diis
512 2198 679 2254 dederit
709 2213 960 2265 potestatem
994 2208 1120 2250 etiam
1152 2208 1457 2262 imperatorem
1486 2207 1714 2250 iudicandi.
1744 2209 1796 2250 Et
1816 2213 1966 2250 contra
1995 2208 2101 2251 illud
2130 2209 2250 2265 quod
2281 2211 2537 2265 Valentinia-

260 2300 340 2329 nus
370 2291 413 2328 et
442 2283 706 2327 Theodosius
736 2287 778 2323 et
809 2281 1018 2323 Arcadius
1045 2280 1239 2334 superius
1268 2292 1503 2330 asseruere:
1540 2279 1698 2321 liabent
1730 2280 1949 2334 (inquiunt
1977 2280 2063 2334 illi)
2096 2293 2195 2323 suos
2234 2281 2394 2324 iudices
2413 2315 2425 2336 ,
2459 2295 2539 2325 nee

261 2359 491 2414 quicquam
523 2355 590 2397 his
619 2354 792 2410 publice
823 2340 1048 2395 commuue
1074 2361 1174 2413 cum
1207 2350 1434 2405 legibus;»
1462 2350 1575 2392 Nihil
1607 2351 1718 2392 enim
1749 2355 1836 2393 tam
1867 2362 1993 2405 grave
2022 2355 2195 2406 tamque
2213 2352 2539 2402 >intolerandum

257 2434 403 2486 potest
426 2442 450 2471 a
473 2428 551 2470 Dei
582 2425 783 2468 ministris
813 2422 1007 2476 admitti,
1033 2422 1151 2478 quod
1171 2435 1385 2479 canonum
1415 2435 1501 2464 non
1526 2422 1661 2476 possit
1680 2421 1935 2464 sufficienter
1965 2423 2107 2477 puniri
2137 2423 2314 2466 iudicio.
2342 2424 2404 2466 De
2428 2437 2537 2479 quo-

260 2514 358 2543 rum
390 2500 642 2542 auctoritate
671 2498 878 2539 Damasus
908 2501 950 2537 et
981 2497 1067 2537 Leo
1102 2506 1282 2548 magnus
1312 2493 1504 2536 scribunt
1534 2494 1655 2549 qnod
1683 2495 1835 2550 spiritu
1866 2494 1946 2536 Dei
1976 2498 2076 2536 sunt
2105 2494 2301 2548 conditi,
2334 2500 2376 2538 et
2406 2496 2538 2538 totius

263 2571 412 2615 mundi
442 2569 676 2612 reverentia
706 2568 968 2620 consecrati3
990 2571 1033 2609 et
1053 2564 1172 2621 quod
1203 2577 1336 2620 genus
1366 2564 1587 2619 quoddam
1616 2565 1905 2621 blasphemiae
1935 2566 1979 2607 in
2009 2565 2212 2620 Spiritum
2241 2571 2433 2608 sanctum
2454 2568 2536 2621 sit,

259 2656 350 2686 non
379 2641 622 2684 necessitate
651 2638 728 2681 sed
756 2638 975 2693 protervia
1003 2637 1073 2679 vel
1107 2639 1385 2691 contemptu,
1425 2641 1573 2679 contra
1603 2637 1776 2680 eosdem
1807 2638 1876 2680 vel
1908 2637 2069 2692 aliquid
2101 2638 2246 2694 loqui,
2284 2639 2352 2680 vel
2375 2639 2533 2681 facere.

256 2715 363 2767 Quis
392 2716 530 2754 autem
564 2722 710 2752 sanum
740 2710 907 2764 sapiens
936 2709 1073 2762 ferat,
1106 2708 1264 2751 saeculi
1301 2708 1462 2750 iudices
1498 2708 1551 2750 de
1581 2708 1873 2751 sacerdotibus
1913 2710 1980 2751 vel
2022 2709 2159 2751 levitis
2195 2714 2237 2751 et
2273 2710 2423 2752 ceteris
2458 2711 2536 2752 Dei

260 2784 488 2835 ministris,
517 2782 682 2824 scilicet
712 2781 943 2823 animarum
970 2779 1214 2823 earumdem
1235 2778 1474 2832 iudicibus,
1509 2779 1875 2822 condemnationis
1906 2780 2017 2822 ferre
2053 2781 2302 2823 sententiam
2319 2812 2331 2833 ‚
2367 2785 2410 2823 et
2438 2793 2538 2823 suos

261 2856 421 2905 iudices
448 2854 671 2897 iudicare?
702 2853 953 2895 Praesertim
986 2863 1082 2893 cum
1114 2848 1389 2894 sacerdotalis
1419 2852 1647 2893 auctoritas
1678 2852 1905 2906 praecellat
1927 2857 2015 2894 tam
2037 2853 2082 2894 in
2109 2852 2352 2894 exercendis
2371 2852 2536 2895 iudiciis

258 2929 388 2970 etiam
418 2925 701 2969 saecularibus
731 2927 901 2979 praeter
931 2916 1206 2976 sanguinem,
1243 2935 1371 2978 quam
1402 2922 1446 2965 in
1477 2923 1643 2977 legibus
1681 2924 2020 2979 promulgandis.
2062 2924 2279 2979 Siquidem
2318 2925 2537 2980 apostolus

260 3000 589 3042 christianorum
618 2996 777 3038 iudicia
807 2995 861 3037 ad
893 2995 1112 3037 ecclesiam
1142 2994 1326 3046 deferri,
1360 2999 1403 3036 et
1432 3008 1456 3037 a
1486 2995 1747 3050 presbyteris
1776 2994 1895 3038 iubet
1926 2996 2159 3037 terminari.
2195 2997 2247 3037 Et
2278 2996 2470 3038 Clemens
2492 3001 2536 3038 et

262 3069 486 3113 Marcellus
515 3068 682 3110 romani
713 3066 936 3123 pontifices
965 3070 1008 3108 et
1037 3071 1245 3121 martyres
1276 3065 1330 3108 ab
1362 3066 1514 3109 eodem
1542 3066 1767 3119 instructi,
1792 3065 1939 3108 itidem
1961 3068 2006 3108 in
2035 3067 2119 3109 suis
2149 3067 2330 3109 decretis
2360 3080 2534 3109 censue-

263 3145 381 3184 runt.
415 3141 552 3182 Immo
573 3143 615 3180 et
638 3137 814 3180 Carolus
837 3142 879 3179 et
900 3137 1141 3179 Ludovieus
1172 3137 1505 3179 christianissimi
1533 3137 1808 3196 imperatores
1826 3126 1882 3180 'ex
1903 3139 2070 3193 legibus
2099 3140 2242 3193 magni
2267 3140 2535 3182 Constantini

260 3217 498 3263 sumentes,
520 3214 711 3252 statuunt
731 3210 856 3251 etiam
877 3221 973 3251 cum
991 3209 1074 3250 iam
1097 3209 1285 3263 eoeperit
1305 3209 1445 3264 promi
1466 3210 1690 3252 saecularis
1704 3210 1852 3253 ,iudicii
1873 3212 2100 3264 sententia,
2119 3210 2172 3253 ad
2193 3212 2320 3254 unius
2341 3202 2534 3267 episcopi

260 3284 467 3327 iudicium
500 3282 565 3324 vel
594 3281 885 3323 testimonium
915 3280 1150 3336 appellari,
1184 3281 1283 3322 licet
1313 3280 1443 3322 altera
1473 3279 1800 3336 disceptantium
1832 3294 1927 3337 pars
1958 3282 2211 3337 refragetur.
2245 3284 2295 3325 In
2335 3285 2532 3338 promul-

262 3355 414 3411 gandis
445 3365 620 3408 quoque
649 3352 815 3406 legibus
845 3351 992 3394 itidem
1023 3356 1187 3394 eertum
1217 3356 1306 3404 est,
1339 3352 1625 3396 sacerdotium
1654 3358 1799 3397 tenere
1822 3355 2072 3409 primatum,
2105 3367 2202 3397 cum
2231 3368 2320 3398 non
2350 3357 2535 3410 primum

261 3441 340 3482 per
369 3438 487 3481 reges
517 3423 808 3466 sacerdotibus
829 3457 840 3479 ,
873 3423 948 3467 sed
979 3436 1056 3478 per
1085 3422 1324 3466 sacerdotes
1355 3424 1526 3478 regibus
1544 3429 1585 3467 et
1605 3427 1756 3468 ceteris
1775 3425 1974 3469 fidelibus
1993 3428 2106 3469 Deus
2127 3428 2394 3482 omnipotens
2418 3428 2533 3482 leges

261 3499 482 3540 statuerit:
513 3497 652 3551 primo
677 3495 851 3549 quidem
871 3495 1035 3550 populo
1057 3493 1253 3547 (iudaice)
1278 3506 1355 3549 per
1375 3506 1448 3537 eos
1468 3495 1740 3550 sacerdotes,
1760 3496 1814 3539 de
1844 3497 2000 3552 quibus
2031 3499 2236 3553 scriptum
2267 3502 2354 3539 est:
2381 3500 2535 3551 Moyses

211 3613 214 3618 ,
260 3577 300 3611 et
325 3573 457 3610 Aaron
485 3570 530 3608 in
558 3568 822 3626 sacerdotibus
851 3571 934 3607 eius
947 3583 963 3618 ,·
986 3569 1183 3621 potremo
1215 3577 1316 3608 vero
1340 3578 1418 3621 per
1439 3567 1660 3622 apostolos
1680 3579 1828 3610 eorum
1851 3573 1894 3610 et
1915 3568 2229 3625 condiscipulos
2249 3572 2291 3609 et
2313 3580 2528 3622 sequaces.

262 3643 348 3684 Nec
380 3640 554 3690 mirum,
583 3637 886 3680 sacerdotalem
915 3638 1230 3692 auctoritatem,
1265 3650 1394 3693 quam
1422 3639 1536 3681 Deus
1565 3638 1657 3694 ipse
1684 3652 1763 3695 per
1793 3653 1838 3686 se
1867 3641 2007 3696 ipsum
2037 3640 2281 3693 constituit,
2314 3639 2359 3681 in
2389 3639 2534 3682 huius-

213 3724 217 3725 ’
262 3712 380 3754 modi
412 3711 547 3752 causis
580 3710 739 3764 regiam
769 3710 1022 3764 praecellere
1054 3713 1331 3764 potestatem,
1356 3721 1485 3765 quam
1516 3710 1596 3753 sibi
1627 3710 1810 3754 humana
1840 3712 2044 3767 praefecit
2066 3710 2335 3764 adinventio,
2362 3723 2411 3751 eo
2435 3712 2532 3765 qui-

263 3784 362 3825 dem
400 3782 700 3837 permittente,
741 3793 828 3823 non
868 3785 1006 3822 tamen
1046 3780 1232 3826 volente.
1273 3781 1378 3824 Nam
1417 3780 1471 3823 de
1506 3782 1646 3837 primo
1682 3793 1780 3837 rege
1817 3783 1969 3839 populi
2008 3783 2103 3836 sui,
2144 3793 2271 3837 quem
2301 3781 2383 3823 sibi
2413 3782 2533 3836 petiit

262 3860 403 3910 spreto
435 3853 670 3908 prophetae
700 3853 966 3908 principatu,
1000 3854 1057 3895 ait
1089 3852 1142 3896 ad
1173 3852 1378 3896 eundem:
1419 3867 1496 3896 non
1534 3859 1592 3907 te,
1636 3853 1804 3909 iuquit,
1843 3868 2024 3907 sprevere
2061 3853 2131 3895 sed
2159 3866 2247 3905 me,
2284 3865 2332 3893 ne
2374 3865 2532 3905 reynem

2357 3925 2375 3943 ἡ

2579 1498 2595 1515 *
2607 1498 2652 1527 Cs.
2667 1499 2736 1527 cod.
2754 1498 2777 1528 1.
2798 1502 2826 1530 3.

2580 1539 2625 1562 22.

2581 1640 2650 1668 cod.
2669 1640 2690 1668 f.
2714 1645 2775 1670 152.

2579 1854 2594 1870 *¹
2606 1853 2675 1882 cod.
2693 1852 2789 1881 εἰη-ιι.
