2996 4432
0 788 6 814 ,v
0 667 9 774 .,„.‹-.,-'.
0 636 2 647 ν
11 610 17 618 ¹
0 589 2 594 -
0 564 4 573 v

0 838 6 874 i

0 902 3 909 ,

0 924 3 934 V

0 942 14 1071 ἑ

10 1099 14 1108 ι

1260 229 1502 262 Bomzoms.
2460 217 2523 263 53

248 316 344 372 sed
373 327 577 370 tantum
612 315 890 387 pecuniam
924 312 992 366 ad
1024 313 1399 367 sustentandos
1427 300 1654 384 egentes.
1697 314 1886 367 Beatus
1916 332 2042 385 vero
2073 314 2324 368 Urbanus
2353 332 2420 367 ex
2444 334 2525 368 rea

248 403 450 454 ditibus
468 399 803 472 praediorum
828 408 1070 480 sumptus
1095 394 1373 470 deputavit
1396 396 1598 448 clericis
1622 408 1675 448 et
1699 396 1919 450 notariis
1938 399 2034 469 qui
2059 397 2352 451 scriberent
2375 410 2524 469 gesta>

187 487 189 490 ’
253 498 560 556 martyrum.
599 484 888 553 Postquam
918 498 1044 534 vero
1082 482 1286 534 romani
1310 481 1654 551 imperatores
1691 479 2004 532 christianae
2040 498 2094 532 se
2130 480 2418 533 submisere
2444 499 2521 532 re-

251 570 424 639 gioni,
463 580 592 620 tunc
625 566 799 636 coepit
833 565 1048 617 ecclesia
1078 584 1190 617 non
1224 564 1399 616 solum
1422 560 1639 634 praedia
1675 572 1728 614 et
1763 562 1944 626 villaS,
1982 562 2076 615 sed
2114 574 2167 615 et
2195 563 2432 616 civitates
2466 575 2522 616 et

256 651 557 721 provincias
601 659 842 720 etpaene
872 659 1042 699 totum
1082 647 1266 700 orbem
1309 643 1578 717 possidere
1630 645 1693 714 1).
1736 644 1928 716 Sicque
1964 645 2162 698 factum
2204 658 2280 699 est
2311 659 2371 698 ut
2407 663 2520 699 non

250 734 424 785 solum
464 732 663 794 clerici,
708 749 891 783 verum
928 731 1083 783 etiam
1116 728 1395 794 monachi;
1436 738 1488 780 et
1523 725 1702 780 fideles
1744 726 1889 791 laici,
1932 739 1985 779 et
2022 727 2242 781 devotae
2278 729 2522 786 mulieres

252 817 529 887 coeperint
554 816 631 875 *ab
676 815 893 867 ecclesia
929 832 1183 886 quaerere
1220 811 1484 865 victualia.
1525 809 1888 878 Quamobrem
1931 810 2143 864 decreto
2188 812 2308 863 Iulii
2350 831 2520 884 papae
2573 821 2579 825 ’

252 900 566 951 successoris
600 897 831 950 Silvestri
866 898 1212 950 constitutum
1238 908 1346 960 est,
1388 906 1440 948 et
1473 914 1504 947 a
1536 893 1723 947 Siricio
1758 911 2058 959 successore
2088 896 2297 947 Damasi
2335 907 2520 967 postea

256 981 622 1033 confirmatum
653 993 759 1045 est,
799 992 861 1033 ut
899 999 964 1033 ex
1004 979 1252 1032 omnibus
1288 977 1548 1030 reditibus
1585 975 1653 1030 ad
1693 977 1775 1029 ius
1811 976 2057 1028 ecclesiae
2093 978 2481 1048 pertinentibus
2500 1018 2515 1041 ‚

254 1076 310 1116 ot
352 1082 417 1116 ex
455 1063 701 1127 decimiS,
743 1075 999 1134 quattuor
1027 1062 1213 1114 fierent
1247 1063 1552 1133 portiones,
1589 1079 1697 1113 una
1719 1061 1983 1132 episcopo
2020 1058 2090 1111 ad
2126 1059 2520 1112 sustentandam

257 1147 502 1199 familiam
539 1167 714 1212 suam;
752 1148 913 1199 altera
950 1145 1120 1208 eidem
1157 1150 1406 1198 ocncessa
1442 1155 1663 1217 propter
1701 1145 1961 1216 hospites3
2000 1145 2154 1196 tertia
2183 1144 2395 1197 fabricis
2434 1162 2518 1196 ec-

254 1231 443 1283 clesiae
491 1232 776 1295 servitura;
817 1231 999 1282 ultima
1034 1227 1235 1281 clericis
1276 1247 1377 1299 pro
1412 1228 1718 1280 meritorum
1761 1228 2012 1299 qualitate
2053 1223 2367 1290 dividenda,
2421 1228 2516 1300 qui

254 1313 356 1364 sub
395 1313 764 1385 episcoporum
801 1312 1104 1365 obedientia
1130 1310 1334 1382 absque
1362 1309 1575 1363 foedere
1608 1310 1871 1381 coniugali
1900 1310 1968 1362 in>
1989 1311 2098 1362 suis
2128 1310 2376 1363 domibus
2400 1310 2519 1361 reli-

258 1395 403 1465 giosc
440 1395 714 1467 degenteS,
749 1396 806 1447 in
841 1393 1160 1466 quibusdam
1193 1394 1422 1447 ecclesiis
1464 1393 1739 1458 canonici,
1777 1394 1834 1445 in
1863 1392 2181 1464 quibusdam
2217 1391 2344 1445 vero
2378 1391 2522 1444 ordi-

257 1479 422 1542 narii,
447 1480 502 1536 in
529 1478 846 1549 quibusdam
872 1497 998 1531 vero
1023 1489 1082 1529 ut
1108 1480 1305 1530 Romae
1333 1478 1427 1549 qui
1445 1476 1748 1530 cardinales
1770 1477 2116 1530 nominantur
2132 1478 2202 1546 2)‘.
2225 1477 2320 1528 His
2345 1476 2521 1547 prohi-

256 1560 428 1612 bitum
457 1580 569 1613 non
601 1574 678 1614 est
705 1581 825 1614 cum
856 1567 1022 1614 matre
1054 1573 1106 1614 et
1131 1580 1312 1614 sorore
1347 1573 1402 1613 et
1433 1562 1590 1614 amita
1627 1561 1802 1613 vivere
1820 1602 1833 1626 ,
1867 1572 1919 1613 et
1955 1560 2024 1613 ad
2053 1560 2397 1613 hereditatem
2433 1579 2521 1632 pa·

212 1696 222 1702 ,
259 1655 471 1695 rentum
494 1663 591 1715 per
613 1645 994 1696 successionem
1016 1644 1248 1714 legaliter
1278 1645 1455 1697 venire
1479 1645 1522 1707 ⁴²,
1553 1646 1625 1697 ita
1655 1644 1954 1710 dumtaxat,
1983 1655 2045 1696 ut
2074 1644 2373 1716 quicdquid
2395 1657 2520 1715 post

259 1726 644 1779 ordinationem
677 1726 1058 1799 adquisiverint
1087 1728 1191 1779 iuri
1226 1726 1377 1779 cedat
1408 1728 1656 1781 ecclesiae
1673 1728 1745 1796 3).
1767 1727 2122 1798 Temporibus
2147 1745 2276 1779 vero
2299 1726 2523 1780 Ludoici

260 1810 590 1880 imperatoris
620 1811 767 1882 apud
795 1811 1025 1864 Francos
1055 1823 1107 1864 et
1138 1812 1435 1866 Germanos
1465 1812 1719 1864 canonica
1752 1812 1982 1882 primum
2012 1812 2227 1863 inventa
2256 1822 2333 1863 est
2363 1812 2522 1864 coha-

259 1892 464 1945 bitatio.
505 1894 711 1945 Nostris
757 1912 885 1946 vero
922 1894 1252 1965 temporibus
1293 1895 1351 1945 in
1375 1893 1533 1949 ¹Italia
1564 1893 1711 1964 apud
1743 1893 2099 1946 Mediolanum
2140 1912 2207 1946 ex
2239 1905 2523 1966 praecepto

261 1975 548 2028 Alexandri
557 1995 733 2047 papae
749 1978 803 2046 Δ)
823 1988 1115 2048 coeperunt
1133 1977 1307 2028 clerici
1337 1975 1627 2031 secundum
1652 1987 1937 2048 praecepta
1959 1976 2108 2041 beati,
2126 1976 2436 2047 Hieronymi
2455 1976 2524 2029 ad

259 2058 618 2128 Nepotianum
652 2059 718 2113 de
749 2062 856 2112 vita
886 2061 1226 2124 clericorum,
1255 2071 1308 2112 et
1330 2059 1621 2113 secundum
1644 2061 1879 2131 regulam
1903 2060 2071 2122 sancti
2104 2053 2386 2131 Augustini
2413 2062 2524 2132 epi-

262 2142 437 2212 scopi,
470 2142 602 2194 nihil
632 2142 960 2212 possidentes
983 2143 1041 2194 in
1075 2161 1353 2195 commune
1382 2144 1589 2209 vivere;
1619 2162 1756 2215 quae
1783 2155 1964 2215 postea
1988 2163 2018 2196 a
2055 2155 2235 2196 sancto
2272 2145 2522 2198 Anselmo

219 2289 229 2291 s
264 2224 466 2275 lucensi
492 2217 743 2295 episcopo
761 2225 912 2277 brevi
932 2225 1112 2278 libello
1135 2227 1185 2295 5)
1206 2220 1616 2296 digestatradita
1643 2238 1721 2279 est
1746 2227 1974 2279 ecclesiis
2001 2226 2356 2292 observanda3
2386 2246 2523 2298 quae

261 2318 466 2378 quanto
508 2307 844 2378 perfectiores
884 2308 1036 2373 fecit,
1085 2320 1235 2362 tanto
1282 2310 1510 2382 amplius
1556 2309 1821 2381 diligenda
1863 2320 1916 2362 et
1960 2309 2028 2362 ab
2074 2310 2323 2363 omnibus
2366 2328 2524 2381 expe-

262 2389 441 2443 tenda.
1396 2404 1405 2411 ‘

1062 2476 1371 2530 Admonitio
1407 2476 1712 2530 sacerdotis.

378 2575 491 2610 120.
534 2557 734 2611 Curent
770 2559 931 2629 igitur
965 2560 1260 2614 sacerdotes
1297 2561 1544 2625 Domini,
1579 2579 1810 2632 quorum
1852 2579 2008 2613 curae
2044 2561 2358 2613 christianus
2396 2580 2525 2633 grex

262 2635 570 2693 commissus
606 2653 712 2704 est,
753 2653 812 2693 ut
841 2643 1342 2713 irreprehensibiles>
1364 2645 1576 2708 vivant,
1619 2663 1687 2696 ne
1720 2643 1787 2696 de
1823 2644 1923 2695 iilis
1960 2643 2196 2697 dicatur:
2229 2644 2525 2697 sacerdotes

265 2721 418 2793 mali,
441 2727 595 2791 ruina
615 2725 820 2796 populi.
844 2726 910 2777 Et
933 2725 1065 2778 illud
1089 2727 1463 2797 propheticum
1488 2726 1674 2779 sedula
1702 2738 1877 2778 mente
1901 2738 2252 2798 pertractent:
2280 2728 2331 2779 si
2358 2746 2525 2779 sacer-

268 2808 366 2858 dos
386 2809 692 2878 peccaverit,
729 2808 852 2879 quis
877 2808 1050 2859 orabit
1066 2827 1167 2879 pro
1193 2828 1250 2860 eo
1267 2809 1323 2860 *Ρ
1341 2809 1453 2862 Nec
1479 2810 1583 2861 hoc
1607 2808 1728 2861 ideo
1748 2808 1890 2874 dieo,
1912 2820 1971 2860 ut
1993 2810 2336 2880 peccantibus
2360 2828 2527 2862 sacer-

264 2890 482 2943 dotibus
512 2891 799 2984 denegetur
838 2891 1024 2955 venia,
1065 2891 1157 2944 sed
1184 2911 1303 2944 cum
1341 2910 1532 2963 magno
1561 2892 1743 2944 labore
1780 2892 1869 2943 vix
1895 2893 1968 2944 eis
2005 2892 2315 2945 conceditur
2350 2893 2526 2973 indul-

266 2975 476 3044 gentia.
509 2986 561 3026 et
595 2975 690 3045 qui
726 2973 894 3037 dixit,
936 2975 1072 3027 malo
1109 2975 1482 3046 paenitentiam
1503 2985 1842 3046 peccatorum
1876 2994 2037 3047 quam
2067 2987 2291 3029 mortem
2311 2977 2527 3048 ,paeni-

269 3057 488 3112 tentiam
516 3057 671 3108 morti
702 3058 973 3122 antetulit,
1005 3077 1116 3110 non
1140 3068 1315 3111 tamen
1345 3057 1658 3129 adaequavit
1686 3059 1944 3123 iustitiae;
1974 3070 2026 3111 et
2048 3059 2216 3112 multo
2242 3061 2423 3112 melius
2450 3072 2550 3112 est*

267 3159 454 3191 sanum
483 3151 536 3191 et
564 3151 804 3210 vegetum
828 3159 935 3192 esse
963 3159 1215 3211 corpore,
1245 3160 1404 3212 quam
1430 3160 1528 3211 per
1556 3141 1882 3194 medicorum
1913 3142 2143 3195 fomenta
2167 3155 2220 3195 et
2246 3162 2418 3196 amara
2443 3163 2530 3196 an·
2558 3181 2561 3185 -

271 3222 440 3274 tidota
477 3234 529 3274 et
565 3242 662 3294 per
699 3223 981 3275 cauteriata
1026 3224 1246 3276 vulnera
1288 3225 1528 3276 amissam
1565 3220 1820 3295 quaerere
1858 3225 2148 3297 sanitatem.
2190 3226 2530 3299 Quapropter

235 3307 414 3372 ‚omni
442 3305 668 3358 sollertia
706 3305 1006 3358 custodiant
1042 3306 1203 3359 corda
1238 3326 1364 3371 sua,
1412 3319 1464 3359 et
1499 3319 1858 3360 matronarum
1901 3328 2014 3361 non
2057 3310 2414 3381 frequentent*
2436 3311 2531 3364 do-

270 3407 428 3452 11105,Δ
452 3399 505 3440 et
543 3389 827 3461 praecipue
861 3400 1197 3460 agapetarum
1229 3389 1468 3443 devitent
1500 3391 1782 3462 colloquia.
1828 3391 1975 3458 Quid
2006 3394 2148 3446 enim
2181 3395 2419 3446 ministro
2457 3395 2527 3446 al-

318 3508 321 3510 .
353 3531 388 3570 1)
413 3527 506 3564 Vide
533 3527 580 3564 de
598 3527 668 3565 hac
693 3527 855 3565 mirabili
879 3528 1119 3576 ampliatione
1142 3529 1412 3568 Thomasinum
1436 3535 1509 3568 vet.
1535 3535 1573 3568 et
1595 3542 1679 3568 nov.
1706 3531 1808 3570 Eccl.
1835 3531 1981 3580 discipl.
2006 3534 2106 3572 Part.
2126 3535 2194 3571 111.
2223 3533 2290 3571 lib.
2310 3534 2339 3570 l.
2366 3543 2446 3581 cap.
2468 3537 2528 3571 32.

353 3589 390 3631 2)
413 3588 468 3623 De
492 3586 746 3624 cardinalium
777 3587 922 3635 origine
949 3588 1173 3635 opusculum
1193 3589 1380 3636 onuphrii
1401 3589 1570 3627 Panvinii
1599 3595 1657 3627 est
1682 3589 1721 3627 in
1747 3596 1876 3628 nostro
1900 3592 2029 3640 Spicil.
2057 3603 2151 3631 rom.
2181 3594 2227 3629 T.
2245 3594 2314 3629 IX.

353 3649 388 3689 3)
413 3645 474 3682 Sic
501 3645 725 3693 praecipitur
750 3646 862 3683 etiam
890 3647 931 3683 in
955 3647 1078 3684 Photii
1104 3658 1290 3686 canonum
1320 3653 1551 3698 syntagmate
1575 3648 1677 3698 apud
1702 3660 1772 3688 nos
1797 3651 1925 3698 Spicil.
1951 3662 2046 3690 rom.
2065 3653 2208 3689 T.V11.
2228 3662 2264 3699 p.
2291 3654 2373 3688 342.
2392 3654 2473 3688 343.

244 3724 251 3727 »
308 3725 313 3729 -
355 3709 390 3748 4)
415 3703 524 3752 Apud
552 3704 789 3742 Ciacconium
817 3710 855 3742 et
878 3704 1083 3743 Oldoinum
1111 3711 1259 3744 constat
1284 3706 1537 3745 Alexandrum
1562 3709 1611 3745 Il.
1644 3707 1817 3746 sedulum
1847 3709 1962 3749 fuisse
1990 3722 2055 3760 per
2084 3711 2232 3748 Italiam
2257 3710 2528 3747 canonicorum

274 3763 505 3805 regularium
527 3763 779 3801 institutorem
804 3769 842 3801 et
872 3763 1135 3802 ordInatorem.
1160 3767 1270 3804 Nunc
1295 3766 1516 3804 nominatim
1544 3772 1697 3814 apparet
1724 3767 1925 3814 Mediolani
1953 3780 2100 3819 quoque
2124 3770 2164 3808 in
2190 3769 2307 3817 patria
2334 3778 2399 3807 sua
2430 3767 2532 3806 idem

275 3822 493 3860 institutum
520 3832 601 3872 esse
625 3822 796 3862 voluisse.
821 3843 870 3853 -·-
894 3826 930 3871 5)
954 3823 1193 3864 Desideratur
1219 3824 1281 3864 hic
1304 3826 1343 3865 S.
1373 3826 1542 3866 Anselmi
1569 3826 1731 3866 lucensis
1757 3826 1918 3868 libellus.

2567 1662 2578 1674 ’
2598 1661 2667 1692 cod.
2695 1662 2808 1692 vivere.

2570 2579 2640 2611 cod.
2664 2578 2686 2611 I.
2706 2583 2753 2609 48.
2772 2580 2805 2609 h.

2572 2829 2623 2859 *L
2636 2828 2712 2865 neg.
2723 2805 2761 2858 η’.
2771 2829 2817 2857 25.
