2996 4432
329 2795 396 2824 eod.
415 2794 434 2823 ί.
455 2799 496 2824 13.
517 2800 545 2823 a.

577 262 607 308 8
1529 271 1586 304 Ex
1618 270 1747 305 Lumo
1779 272 1831 305 11.

589 359 648 409 in
683 354 902 409 brachio
939 353 1228 426 susceperit
1262 352 1480 424 dextr03
1519 367 1581 408 ut
1613 366 1755 408 totus
1792 354 1976 408 dexter
2010 373 2110 427 pro
2146 355 2359 409 minimo
2395 356 2586 412 habeat
2621 370 2824 433 tempo*

589 439 746 504 ralia,
780 449 837 491 et
870 456 970 509 pro
1005 456 1195 508 magno
1231 448 1467 491 aeterna:
1508 439 1566 491 in
1600 439 1811 491 Christo
1834 455 1981 508 spem
2004 448 2368 511 suam‘ponat,
2407 450 2458 492 et
2493 443 2604 494 non
2638 442 2694 494 in
2718 462 2818 495 ma-

589 541 762 575 mona.
796 521 978 573 Novus
1009 513 1232 573 christus
1255 520 1472 574 effectus
1497 520 1646 574 audit
1669 539 1764 592 per
1787 523 2163 581 consecratoris
2180 564 2193 588 ,
2221 523 2379 575 immo
2411 543 2507 595 per
2536 525 2697 596 ipsius
2721 545 2825 578 om·

588 601 1049 675 nipotentis'simae-
1066 603 1337 656 Trinitatis
1356 645 1369 669 ,
1400 621 1612 656 vocem:
1648 603 1743 674 qui
1771 601 2094 657 maledixerit
2118 604 2216 658 tibi
2233 646 2246 671 ‚
2286 606 2358 659 sit'
2375 606 2460 658 ille
2483 606 2818 673 maledictus;

588 699 644 740 et
669 686 764 758 qui
788 684 1120 738 benedixerit
1145 686 1242 739 tibi
1259 727 1272 750 ‚
1300 681 1759 740 benedictionibus
1789 685 2070 756 repleatur.
2100 688 2168 739 Et
2199 706 2320 740 cum
2345 708 2530 741 manus
2563 708 2823 742 sacrosan·
2864 746 2866 748 ,

590 781 678 822 cto
702 770 979 822 chrismate
1001 781 1446 841 perungerentur‚
1477 763 1707 821 audivit:
1736 785 2100 839 quaecumque
2122 769 2514 835 benedixerint,
2546 771 2822 825 benedicta

587 855 725 906 sint:
760 865 813 906 et
842 872 1204 925 quaecumque
1227 853 1672 927 consecraverint,
1700 852 1806 903 sint
1835 863 2154 905 consecrata.
2189 854 2300 906 Hae
2326 866 2459 907 sunt
2476 875 2661 908 manus
2685 874 2822 926 quae

589 949 828 990 sanctum
853 937 1074 989 chrisma
1102 936 1389 990 conficiunt
1406 976 1422 1000 ,
1461 936 1613 988 cuius
1635 934 1832 987 infusio
1856 934 2094 987 salutaris
2111 975 2124 998 ,
2159 936 2472 1007 septiformis
2500 939 2712 1009 spiritus
2739 940 2824 991 tri-

591 1021 710 1073 buit
739 1021 989 1091 gratiam.'
1007 1021 1118 1088 Hae
1149 1031 1271 1072 sunt
1294 1037 1479 1072 manus
1496 1036 1648 1090 ,quae
1684 1037 1804 1070 cum
1836 1018 1979 1069 Deus
2007 1018 2243 1070 omnium
2276 1037 2454 1071 rerum
2489 1020 2555 1072 sit
2584 1032 2787 1074 creator
2804 1062 2818 1084 ‚

592 1122 676 1156 res
711 1103 766 1155 in
802 1103 952 1155 aliam
988 1102 1388 1166 transformant,
1428 1112 1667 1154 naturam
1691 1099 1818 1160 dum
1850 1102 2004 1171 panis
2035 1112 2087 1154 et
2121 1102 2230 1153 vini
2261 1102 2604 1155 substantiam
2634 1105 2691 1156 in
2718 1124 2825 1156 cor-

590 1206 692 1258 pus
724 1185 1099 1239 transfundunt
1135 1197 1187 1238 et
1216 1185 1519 1255 sanguinem
1557 1185 1676 1237 Iesu
1711 1185 1923 1237 Christi.
1966 1186 2079 1237 Hae
2115 1197 2239 1238 sunt
2274 1205 2458 1239 manus
2488 1206 2623 1258 quae
2658 1206 2825 1240 sacer·
2883 1245 2886 1247 ,

593 1269 741 1322 dotes
770 1269 1016 1322 ordinant
1042 1280 1094 1321 et
1117 1269 1327 1332 levita5‚
1361 1268 1559 1339 quibus
1583 1267 1765 1323 datum
1800 1278 1878 1320 est
1905 1266 2206 1338 praedicare
2238 1281 2290 1321 et
2318 1269 2584 1340 baptizare
2613 1281 2664 1322 et
2690 1271 2826 1338 infir-

593 1347 857 1405 mos'oleo
893 1364 1136 1423 tangere,
1178 1364 1230 1404 et
1266 1353 1555 1404 animarum
1593 1362 1645 1404 et
1678 1369 1963 1422 corporum
1998 1351 2343 1421 languoribus
2383 1351 2644 1405 medicari.
2682 1353 2824 1419 Quid
2874 1378 2880 1383 ·

590 1435 775 1506 plura?
804 1435 946 1505 ipsos
977 1434 1177 1506 lapides
1214 1434 1542 1488 insensibiles
1577 1435 1635 1486 in
1675 1435 1828 1486 aliam
1862 1434 2236 1486 transformant
2268 1446 2536 1498 naturam,
2576 1435 2702 1488 dum
2733 1435 2827 1488 do-

589 1537 732 1569 mum
762 1517 1137 1582 manufactam,
1160 1537 1260 1590 per
1290 1518 1736 1570 consecrationem
1760 1510 2119 1570 ‘habitaculum
2143 1517 2344 1570 faciunt
2369 1517 2640 1572 Trinitatis
2655 1531 2716 1572 et
2744 1539 2828 1572 an·
2883 1511 2896 1534 '¹

590 1601 842 1671 gelorum.
871 1600 1023 1653 Tales
1045 1619 1169 1672 ergo
1197 1620 1258 1653 ac
1286 1611 1462 1653 tantae
1491 1611 1701 1671 oportet
1723 1613 1784 1653 ut
1807 1599 2036 1652 mundae
2059 1601 2164 1653 sint
2186 1620 2400 1667 manus3
2439 1613 2490 1654 et
2518 1621 2630 1654 non
2659 1603 2827 1655 solum

590 1703 779 1755 opera,
821 1704 956 1756 quae
984 1703 1080 1756 per
1109 1703 1295 1737 manus
1319 1684 1708 1754 significantur,
1737 1682 1933 1735 munda
1965 1682 2161 1736 debent
2191 1702 2301 1736 esse
2325 1695 2377 1736 et
2410 1685 2688 1755 singularia
2709 1727 2721 1750 ‚
2749 1704 2829 1738 ve-

589 1788 708 1819 rum
732 1768 885 1820 etiam
922 1767 988 1819 ab
1025 1768 1167 1819 omni
1194 1768 1594 1839 inquinamento
1631 1778 1682 1820 et
1709 1767 1778 1819 ab
1815 1767 2120 1819 illecebroso
2152 1774 2292 1820 tactu
2325 1779 2536 1839 oportet
2570 1787 2679 1821 esse
2715 1770 2830 1822 alie-

589 1871 699 1904 nas,
741 1850 970 1903 Videant
1007 1851 1165 1922 igitur
1197 1869 1265 1903 ne
1298 1862 1583 1921 graventur
1613 1849 1774 1903 corda
1811 1868 1994 1902 eorum
2021 1850 2078 1902 in
2113 1850 2330 1921 crapula
2368 1862 2420 1902 et
2455 1851 2513 1902 in
2548 1850 2823 1915 ebrietate,

589 1947 642 1988 et
678 1935 734 1987 in
766 1935 905 1987 curis
935 1935 1093 1986 huius
1128 1934 1338 1987 saeculi.
1385 1933 1612 2005 Crapula
1645 1945 1697 1986 et
1731 1933 1981 1986 ebrietate
2015 1933 2163 2005 quod
2196 1952 2309 1986 non
2348 1944 2592 2004 oporteat
2631 1935 2829 2004 episco-

588 2039 717 2090 pum
749 2019 978 2089 gravari,
1014 2019 1256 2089 superius
1287 2018 1414 2071 dum
1444 2018 1606 2071 verba
1643 2018 1867 2088 apostoli
1899 2027 2270 2082 tractaremuS,
2305 2016 2426 2067 satis
2459 2027 2636 2087 aperte
2672 2016 2830 2069 disse-

595 2103 812 2154 ruimus
848 2101 1008 2167 Quod
1042 2120 1166 2154 vero
1196 2121 1308 2153 non
1342 2111 1585 2172 oporteat
1612 2101 1918 2171 episcopum
1955 2100 2304 2152 saecularibus
2339 2100 2478 2152 curis
2506 2100 2732 2165 involvi,
2761 2119 2830 2153 sa·
2901 2142 2904 2146 .

592 2186 658 2237 tis
699 2196 876 2256 aperte
912 2185 1181 2256 apostolus
1214 2184 1567 2250 demonstrat,
1596 2204 1716 2237 cum
1741 2185 2075 2237 resuscitatos
2099 2203 2236 2256 quae
2270 2203 2473 2236 sursum
2504 2196 2627 2236 sunt
2650 2187 2829 2256 sapere

595 2268 872 2333 admonet,
902 2287 1011 2319 non
1042 2285 1179 2338 quae
1204 2286 1363 2339 super
1387 2279 1597 2320 terram.
1635 2267 1797 2333 Quod
1822 2268 1864 2319 si
1890 2268 2134 2320 omnibus
2157 2268 2478 2339 praecipitur
2501 2268 2795 2320 christianis
2813 2311 2826 2332 ,

594 2350 726 2422 quid
761 2349 825 2401 de
859 2350 1116 2421 episcopis
1143 2349 1474 2402 sentiendum
1507 2351 1624 2403 est?
1649 2351 1744 2421 qui
1776 2350 1971 2403 dehent
1996 2350 2170 2402 dicere
2197 2370 2319 2402 cum
2347 2351 2616 2421 apostolo:
2651 2362 2830 2403 nostra

594 2444 766 2485 autem
800 2433 1127 2494 conversatio
1152 2433 1208 2483 in
1239 2434 1392 2484 caelis
1422 2444 1514 2485 est.
1552 2435 1616 2485 Et
1646 2433 1916 2504 quomodo
1949 2444 2200 2503 poterunt
2235 2433 2364 2485 alios
2395 2432 2559 2485 verbo
2582 2444 2635 2485 et
2658 2452 2830 2485 exem-

587 2517 678 2587 plo
715 2516 780 2568 ad
810 2517 1049 2568 caelestia
1077 2516 1379 2580 sublevare,
1415 2517 1457 2568 si
1487 2517 1618 2588 ipsi,
1650 2516 1798 2588 quod
1825 2516 1984 2581 absit,
2018 2510 2372 2570 saecularibus
2400 2527 2646 2568 tenentur
2674 2517 2830 2570 faeci-

593 2600 695 2651 bus
729 2599 969 2651 inretiti?

1417 2684 1497 2735 De
1532 2701 1712 2735 mensa
1747 2682 2002 2754 episcopi.
2759 2729 2763 2732 ,

708 2767 787 2828 14.
829 2765 1007 2817 Mensa
1042 2766 1277 2837 episcopi
1306 2784 1426 2818 cum
1455 2766 1656 2818 clericis
1692 2777 1744 2818 et
1770 2766 2069 2837 hospitibus
2097 2767 2164 2818 sit
2193 2783 2397 2837 semper
2414 2808 2426 2832 ‚
2461 2766 2518 2817 in
2547 2783 2654 2836 qua
2679 2764 2834 2816 lectio

596 2848 891 2900 divinarum
927 2848 1304 2920 scripturarum
1338 2848 1541 2901 assidue
1576 2849 1857 2914 recitetur3
1893 2861 1952 2901 ut
1986 2867 2124 2919 quos
2154 2848 2319 2901 reficit
2345 2866 2599 2918 corpore,
2633 2858 2831 2898 recreet

595 2945 644 2985 et
677 2933 894 3004 spiritu:
933 2933 989 2983 in
1019 2951 1124 3004 qua
1158 2932 1264 2984 cibi
1294 2932 1583 2985 secundum
1620 2933 1924 3003 qualitatem
1955 2932 2058 2984 loci
2094 2943 2147 2984 et
2170 2930 2562 3003 possibilitatem
2585 2930 2656 2981 ita
2680 2928 2850 3003 nitidi·

595 3029 647 3069 et
682 3015 923 3068 ordinate
954 3027 1291 3086 apponantur
1314 3056 1327 3081 ,
1364 3027 1427 3067 ut
1462 3016 1682 3068 esuriem
1718 3005 2004 3087 repellant,
2043 3027 2096 3067 et
2131 3034 2242 3067 non
2274 3024 2527 3085 generent
2561 3013 2826 3077 nausiam;
2896 3018 2903 3030 “

594 3118 767 3170 neque
797 3096 871 3150 sic
897 3099 1069 3168 parci,
1111 3109 1173 3150 ut
1197 3098 1597 3151 convivantibus
1635 3100 1903 3151 materiam
1940 3099 2177 3151 tribuant
2214 3097 2660 3150 murmurationis,
2696 3094 2831 3147 Illud

597 3182 735 3232 enim
758 3180 1019 3232 laudabile
1049 3192 1127 3232 est
1149 3180 1431 3245 ieiunium,
1458 3180 1676 3252 quando
1701 3182 1822 3252 quis
1850 3181 2091 3235 ieiunans
2113 3181 2243 3233 alios
2267 3199 2393 3247 non*
2409 3180 2549 3250 cogit
2577 3180 2826 3230 ieiunare.

599 3255 673 3314 ¹'Ut
710 3265 850 3315 enim
883 3264 954 3315 ait
990 3263 1175 3316 beatus
1215 3265 1574 3335 AugustinuS,
1616 3282 1771 3318 nemo
1808 3264 2004 3316 invitus
2033 3263 2171 3318 bene
2214 3262 2365 3328 facit,
2403 3262 2497 3314 etsi
2534 3262 2735 3314 bonum
2769 3261 2832 3311 sit

598 3346 745 3416 quod
782 3346 920 3397 facit.
958 3346 1068 3398 Nec
1097 3346 1215 3399 ideo
1246 3346 1366 3399 dico
1403 3346 1551 3418 quod
1581 3366 1693 3399 non
1728 3348 1833 3400 sint
1859 3345 2084 3417 cogendi
2119 3344 2298 3398 fideles
2322 3345 2486 3398 verbo
2512 3355 2563 3396 et
2591 3343 2834 3414 exemplo

597 3429 664 3480 ad
700 3428 1073 3494 ieiunandum;
1111 3430 1202 3482 sed
1238 3431 1363 3502 quia
1398 3431 1506 3483 scio
1541 3431 1859 3494 nonnuIIOS,
1897 3431 1992 3501 qui
2022 3448 2144 3483 cum
2178 3428 2464 3500 episcopali
2493 3427 2726 3498 polleant
2758 3425 2833 3478 fa-

596 3511 752 3564 stidio
771 3553 783 3577 ,
817 3513 1073 3565 eremitice
1103 3512 1317 3584 quidem
1346 3525 1398 3566 et
1422 3533 1534 3566 non
1558 3513 1925 3585 episcopaliter
1955 3513 2160 3577 vivere3
2190 3523 2302 3563 tum
2336 3511 2462 3582 quia
2493 3510 2593 3562 illis
2624 3510 2727 3561 hoc
2757 3518 2832 3560 est

596 3596 834 3648 naturale
851 3636 864 3661 ,
893 3607 1007 3647 tum
1032 3607 1093 3648 ut
1122 3615 1248 3667 opes
1271 3609 1496 3668 augeant
1514 3639 1528 3663 ,
1561 3609 1614 3650 et
1643 3596 1876 3650 habeant
1900 3594 2044 3649 unde
2067 3595 2180 3648 aliis
2207 3593 2504 3647 detrahant.
2533 3593 2601 3645 Et
2624 3592 2699 3644 illi
2723 3591 2835 3662 qui-

598 3679 716 3732 dem
752 3698 872 3732 cum
904 3677 1111 3730 Simone
1146 3698 1356 3733 crucem
1391 3690 1607 3752 portent
1641 3690 1764 3750 post
1798 3679 2000 3742 Iesum,
2035 3689 2088 3731 et
2116 3695 2229 3730 non
2266 3675 2586 3740 ascendant3
2625 3685 2677 3726 et
2712 3691 2832 3725 cum

599 3762 884 3834 pharisaeis
919 3772 972 3814 et
1009 3760 1276 3833 discipulis
1310 3763 1563 3816 Iohannis
1604 3763 1871 3827 ieiunent;
1910 3779 2010 3814 nos
2041 3778 2168 3814 vero
2201 3759 2375 3812 sobrie
2408 3777 2529 3811 cum
2567 3754 2833 3826 discipulis

599 3846 794 3898 Christi
826 3843 1290 3913 manducabimus;
1327 3846 1544 3900 scientes
1573 3845 1700 3916 quia
1729 3862 1887 3901 omne
1917 3842 2068 3916 quod
2095 3844 2256 3897 intrat
2279 3843 2337 3895 in
2369 3860 2428 3894 os
2460 3842 2577 3894 non'
2601 3837 2836 3908 coinqui-

1136 3974 1143 3995 0
