2944 4426
1184 234 1229 264 IN
1262 233 1506 265 ruovumu
1515 253 1525 263 .

231 289 518 369 calumniatur,
536 330 611 372 eos
637 317 756 375 apud
780 318 939 371 Deum;
970 317 1017 360 id
1046 321 1110 360 est
1139 317 1319 361 vicissim

158 407 165 419 .
232 391 502 444 criminatur,
533 393 584 433 ut
601 401 699 432 una
725 392 910 444 pereant.

288 460 524 503 Vehemens
541 459 684 515 pluvia
705 470 792 503 non
811 458 952 501 solum
973 457 1117 513 fruges
1133 470 1322 514 pessum-

234 531 337 585 dat,
370 543 516 575 verum
546 531 669 574 etiam
700 533 836 573 terrae
865 527 1048 583 facicm,
1082 542 1191 584 quae
1225 529 1319 571 fru-

235 614 307 657 ges
337 602 524 658 profert,
546 601 751 648 devastat.
776 601 850 642 Est
868 601 993 644 etiam
1011 601 1124 644 mitis
1155 601 1318 656 pluvia,

235 686 343 729 quae
361 673 556 722 floridam
575 671 676 714 facit
702 676 839 714 terrae
855 671 1002 715 faciem
1015 702 1028 725 ,
1056 673 1244 714 nutriens
1273 684 1322 715 ac

234 744 452 789 vivificans
479 744 623 798 fruges
652 743 757 787 eius.
789 745 843 787 Et
870 743 1093 789 vehemens
1123 743 1320 798 quidem,

233 814 510 872 pessumdatis
522 814 733 869 frugibus,
747 815 940 862 homines
956 815 1080 857 simul
1094 814 1320 869 extinguit3

233 892 279 931 at
303 887 416 934 mitis
445 885 598 929 alendo
620 886 764 940 fruges
779 917 792 940 ,
815 887 1035 930 hominum
1067 887 1195 928 vitam
1219 898 1322 929 con-

192 1014 201 1016 *
232 961 387 1007 servat.

289 1029 363 1071 Est
390 1028 459 1071 lex
488 1029 670 1081 iniusta,
704 1033 748 1071 et
775 1029 878 1072 item
907 1029 973 1072 lex
1007 1030 1129 1072 iusta.
1162 1029 1324 1071 Iniusta

232 1098 572 1155 obtemperantes
601 1099 683 1142 sibi
712 1099 885 1158 perdit3
927 1100 1037 1143 iusta
1074 1112 1161 1143 non
1193 1099 1322 1142 modo

228 1170 540 1226 longitudinem
571 1171 738 1214 dierum
766 1172 945 1226 tribuit,
969 1171 1045 1214 sed
1075 1172 1200 1214 etiam
1230 1183 1324 1225 reg-

229 1242 276 1289 ui
290 1242 503 1285 caelorum
528 1242 579 1284 fit
597 1242 795 1286 donatrix
809 1243 1200 1298 obtemperantibus
1222 1242 1320 1296 sibi,

231 1314 334 1371 quia
361 1313 427 1356 lex
454 1315 534 1356 Dei
562 1318 640 1357 est.
674 1315 874 1370 Quisquis
894 1327 996 1357 vero
1027 1316 1162 1357 Deum
1185 1318 1320 1366 amat,

227 1383 366 1439 legem
382 1397 555 1440 quoque
574 1385 759 1428 eiusdem
778 1390 916 1440 amat;
934 1381 1100 1442 et'quae
1117 1386 1185 1428 lex
1203 1398 1323 1428 man-

230 1454 328 1509 dat,-
358 1460 574 1510 operatur.
609 1457 701 1499 Iam
731 1457 923 1512 quisquis
951 1456 1039 1512 legi
1063 1468 1225 1503 morem
1247 1467 1322 1510 ge·

233 1526 317 1580 rit,
352 1527 718 1581 perturbationum
757 1528 942 1582 quietem
980 1528 1252 1582 consequitur
1282 1531 1325 1569 et

230 1597 308 1639 Dei
326 1598 599 1652 agnitionem.
625 1598 751 1651 Quod
771 1599 807 1640 si
835 1598 942 1652 legis
970 1602 1180 1640 amatores
1198 1609 1322 1641 muro

231 1679 278 1711 se
292 1669 606 1722 communiunt,
625 1682 738 1712 nunc
759 1681 904 1711 murus
922 1670 1107 1724 quietem
1123 1682 1148 1711 a
1164 1672 1323 1724 pertur-

231 1738 476 1782 bationibus
507 1740 738 1796 significat,
771 1745 814 1782 et
839 1741 916 1783 Dei
945 1741 1180 1794 scientiam3
1213 1752 1322 1795 quae

229 1810 343 1855 solae
358 1811 605 1854 rationalem
625 1815 816 1854 naturam
833 1811 1048 1854 custodire
1072 1815 1251 1867 queunt.

289 1883 331 1924 Si
373 1881 541 1925 divitiae
582 1887 682 1926 sunt
716 1884 949 1938 impiorum
987 1883 1180 1938 nequitia
1196 1914 1209 1935 ,
1242 1883 1324 1926 viri

231 1958 372 1995 autem
400 1955 610 2009 sapientes
641 1967 708 1998 eas
746 1954 950 1997 abiiciunt
965 1987 977 2010 ‚
1017 1959 1134 2010 patet
1149 1995 1155 2000 ,
1171 1955 1323 2009 nequi-

227 2025 330 2067 tiam
360 2025 621 2080 pessumdari
651 2039 675 2068 a
704 2027 825 2068 iustis
863 2031 991 2081 atque
1026 2018 1289 2080 sapientibus
1307 2058 1320 2080 ,

228 2096 330 2140 dum
345 2109 424 2153 per
446 2098 679 2152 spiritalem
698 2098 937 2141 doctrinam
953 2100 1144 2154 impuros
1161 2097 1216 2141 ad
1238 2099 1324 2140 vir-

227 2172 365 2211 tutem
394 2169 620 2212 reducunt.

283 2240 560 2295 Nequaquam
588 2241 655 2285 lex
691 2253 837 2300 preces
875 2242 1120 2297 cuiusquam
1154 2254 1322 2285 aversa-

227 2314 298 2352 tur
316 2341 328 2362 ,
361 2310 437 2356 sed
470 2311 546 2366 qui
572 2311 670 2354 tulit
697 2312 835 2367 legem
858 2314 971 2355 Deus
994 2318 1211 2356 aversatur
1233 2316 1322 2356 eius

226 2393 373 2435 preces
408 2382 484 2437 qui
523 2394 668 2424 aurem
713 2395 832 2424 suam
868 2383 1053 2436 avertit,
1092 2383 1320 2438 quominus

227 2451 368 2495 audiat
396 2452 498 2508 legis
522 2458 755 2496 auctorem.
778 2456 829 2496 Et
850 2455 1003 2497 Paulus
1022 2456 1108 2497 ait:
1133 2457 1322 2510 praescia
1344 2450 1349 2454 ⁴

227 2527 367 2565 autem
397 2524 605 2579 scriptura
633 2525 795 2567 futuri:
829 2538 909 2580 pro
941 2537 993 2568 eo
1015 2538 1064 2568 ac
1086 2525 1225 2580 dicat,
1247 2538 1325 2582 qui

226 2595 481 2648 scripturam
512 2595 658 2649 dedit,
681 2597 944 2651 praesciebat
972 2597 1178 2640 futurum.

286 2664 367 2716 Qui
397 2669 490 2708 sata
519 2667 564 2708 in
585 2668 674 2709 eius
692 2668 822 2710 eorde
845 2681 870 2710 a
893 2669 1079 2723 maligno
1102 2670 1213 2712 mala
1233 2684 1320 2713 non

227 2735 453 2778 confitetur
482 2738 574 2780 Deo
592 2769 605 2791 ,
637 2743 712 2781 aut
740 2741 833 2782 Deo
864 2745 988 2795 grato
1019 2740 1206 2795 homini,
1232 2755 1320 2785 non

227 2811 511 2861 consequetur
551 2809 716 2852 felicem
752 2810 804 2853 de
847 2812 1035 2866 maligno
1080 2813 1316 2857 victoriam.

227 2876 308 2928 Qui
338 2881 478 2919 autem
507 2879 758 2935 confitetur,
793 2882 993 2937 diligetur
1021 2897 1048 2926 a
1072 2885 1162 2927 Deo
1193 2890 1236 2927 et
1264 2885 1318 2927 ab

227 2947 386 3001 angelis
417 2949 519 2991 eius.
543 2951 596 2992 Et
624 2952 806 2995 Iacobus
824 2954 904 2996 ait:
931 2955 1186 2998 confitemini
1208 2957 1316 2999 alte—

225 3025 391 3062 rutrum
411 3026 583 3075 peccata
598 3028 738 3066 vestra
754 3055 765 3074 ‚
790 3030 838 3067 ut
858 3029 1076 3082 sanemini.
1102 3029 1319 3071 Psalmista

227 3103 400 3147 quoque
431 3092 516 3134 ait:
550 3093 788 3137 confitebor
818 3097 1018 3142 adversus
1050 3113 1116 3142 me
1148 3101 1315 3143 iniusti-

226 3164 324 3204 tiam
355 3175 490 3205 meam
519 3164 703 3207 Domino
721 3196 733 3219 ,
758 3172 801 3208 et
821 3172 868 3210 tu
897 3170 1092 3213 remisisti
1117 3172 1314 3226 impieta-

223 3238 311 3275 tem
343 3233 483 3275 cordis
512 3235 611 3276 mei.

283 3306 423 3359 Iniqui
453 3306 565 3360 regis
595 3312 828 3360 proventus
844 3340 855 3361 ,
888 3311 1129 3364 iniquitates
1154 3318 1251 3356 sunt
1274 3319 1316 3356 et

223 3376 327 3417 falsa
343 3375 558 3429 dogmata.
582 3377 696 3419 Haec
715 3379 825 3420 enim
850 3380 985 3422 eidem
1005 3382 1196 3436 pendunt
1211 3385 1313 3426 sub-

224 3444 302 3487 diti
324 3446 428 3487 eius.
453 3446 770 3489 Calumniantur
789 3453 930 3491 autem
946 3451 1078 3492 Deum
1093 3484 1105 3506 ,
1130 3454 1206 3506 qui
1227 3466 1315 3495 ma-

222 3516 339 3571 ligno
370 3516 603 3571 ohediuut3
636 3519 738 3572 quia
768 3532 856 3562 non
885 3522 1006 3575 Deo,
1039 3522 1113 3564 sed
1142 3524 1312 3567 inimico

222 3588 311 3630 eius
326 3587 499 3631 diabolo
516 3588 693 3631 subiecti
710 3595 825 3632 sunt.
846 3591 954 3643 Quia
969 3604 1071 3634 vero
1094 3593 1207 3636 Deus
1223 3594 1314 3637 odit

224 3657 443 3701 diabolum
473 3659 530 3702 ob
562 3672 758 3715 perversa
789 3673 919 3717 opera
949 3665 1064 3715 eius,
1084 3663 1156 3706 hic
1185 3665 1311 3708 vicis-

222 3729 297 3772 sim
318 3729 597 3773 calumniatur
612 3731 804 3774 homines
823 3733 936 3788 apud
956 3734 1107 3777 Deum.
1123 3737 1205 3789 Qui
1220 3735 1312 3781 odit

2418 225 2476 272 51

1393 320 1451 366 τέῖ
1481 313 1622 372 αὐτους
1656 315 1752 382 πρὸς
1785 318 1851 368 τᾶν
1884 319 1992 384 θεὸν,
2020 343 2060 372 τε
2064 322 2198 382 utico,
2223 323 2485 386 ἀντιδιαβάλ-

1391 388 1502 435 λει“’
1482 409 1588 441 οπως
1619 392 1968 441 συναπελεσὲὧσιν
2005 397 2127 443 αὐτῶ.

1460 458 1512 506 Ὁ
1531 461 1670 544 la'iSpoc
1695 456 1825 514 υιετδς
1849 482 1892 508 ου
1915 461 2028 523 μόνον
2055 486 2095 513 τε
2100 488 2143 520 υς
2167 488 2337 532 καρπευς
2361 465 2487 518 ‹inbi-

1393 533 1448 576 λει
1471 565 1484 588 ,
1517 526 1624 575 ἀλλὰ
1653 550 1720 577 και
1755 527 1796 580 zo*
1830 528 2013 596 ‘trpo‘omrtz
2012 557 2035 580 ν
2070 538 2140 589 τῆς
2176 560 2283 600 γης,
2317 560 2361 587 το
2396 559 2486 593 τευς

1391 619 1560 664 καρπους
1597 601 1721 648 διδοῧν
1743 637 1755 658 ‚
1795 600 2006 668 ἓκόαφιζεν
2047 625 2131 653 εστι
2169 604 2211 653 de
2247 630 2313 656 και
2359 608 2488 664 υἷετός

1394 666 1578 736 εἰρηνικὸς
1607 708 1619 726 ,
1671 692 1788 720 ποιων
1838 671 2012 728 εὐθαλὲς
2064 672 2107 723 τὸ
2159 676 2372 742 optim->1:5⁵7
2421 683 2490 735 τῆς

1392 743 1466 804 γῆς
1488 778 1500 800 ‚
1551 762 1620 788 και
1669 738 1812 807 τρέφων
1866 765 1933 791 και
1984 749 2176 809 ζωεγενῶν
2216 768 2300 802 τους
2338 751 2376 797 ἐν
2414 754 2490 799 αὐ·

1394 812 1443 875 τῇ
1475 829 1668 875 καρωους·
1707 834 1774 861 και
1805 813 1827 862 ὅ
1858 811 1928 876 μὲν
1965 818 2083 879 λαῧρε
2085 838 2103 870 ς
2125 854 2137 873 ,
2178 814 2244 865 διὰ
2279 838 2347 870 την
2378 818 2490 870 ἀπώ-

1393 886 1500 929 λειαν
1533 900 1605 930 των
1641 885 1797 948 καρπῶν
1834 883 2062 934 ἁσοκτέννει
2099 885 2185 941 τοὺς
2220 887 2455 955 ἀνθρώπως
2477 931 2489 948 ,

1394 952 1412 1000 ὃ
1447 949 1490 1006 δε
1521 950 1700 1018 ειρηνικός
1722 991 1735 1009 .,
1771 950 1836 1002 δια
1868 976 1944 1004 των
1976 960 2129 1022 καρπῶν
2163 963 2357 1023 ζωογενει.

1454 1021 1554 1079 ’Ἐς-ι
1577 1045 1649 1072 -και
1682 1021 1800 1085 νόμος
1831 1023 2073 1092 παράνομος,
2100 1050 2166 1076 και
2192 1026 2308 1091 νόμος
2333 1029 2455 1080 δίκαιε
2442 1053 2489 1086 ς·

1393 1115 1460 1140 και
1505 1093 1526 1142 ὅ
1562 1090 1635 1157 μὲν
1682 1092 1833 1160 ωαρᾶνε
1834 1119 1906 1159 μσς
1950 1097 2038 1151 τεὺς
2083 1096 2190 1162 αὐτῳ
2232 1121 2285 1148 ωε
2289 1098 2494 1164 ιὲσμένευς

1394 1159 1578 1213 ἀπέλλει·
1611 1164 1630 1212 ὅ
1662 1163 1705 1213 δὲ
1738 1166 1860 1215 δίκαιε
1845 1190 1882 1222 ς
1916 1170 1958 1215 εὐ
1987 1165 2100 1231 μένον
2131 1168 2361 1236 μακρότητα
2391 1175 2493 1235 ἦμε-

1392 1255 1464 1299 ρων
1497 1238 1608 1302 ὂωρε
1595 1258 1708 1293 ιται,
1736 1235 1844 1285 ἀλλὰ
1872 1260 1940 1287 και
1966 1237 2176 1299 βασιλειας
2202 1241 2371 1306 ου’ρανων
2396 1241 2494 1309 πρό-

1394 1309 1498 1360 ’ξενος
1521 1328 1673 1373 γινεται
1697 1311 1781 1363 τοῖς
1804 1308 1915 1372 αυτῷ
1945 1308 2188 1369 §nemone-w,
2220 1315 2282 1361 ὅτι
2317 1316 2385 1362 ‘ccii
2409 1318 2497 1362 θεευ

1396 1374 1495 1425 ἐστι·
1530 1380 1614 1432 ωᾶς
1647 1376 1687 1426 δὲ
1719 1380 1749 1426 o‘-
1772 1381 1941 1444 ἁγασῶν
1980 1379 2047 1429 τδν
2084 1378 2182 1429 &20¹2
2204 1419 2217 1440 ,
2252 1384 2393 1448 ἀγαπᾷ
2428 1382 2494 1434 τδν

1393 1466 1485 1510 νσμε
1489 1469 1509 1494 ν
1547 1449 1670 1498 αυτοῦ
1690 1487 1703 1509 ,
1741 1471 1807 1497 και
1845 1473 1891 1500 πε
1895 1472 1942 1498 ιει
1981 1473 2033 1501 τα
2070 1455 2138 1502 τεῧ
2174 1454 2303 1515 νὸμευ·
2343 1459 2422 1508 πᾶς
2453 1454 2493 1503 δὲ

1393 1540 1410 1565 o
1446 1539 1562 1568 ποιων
1596 1517 1661 1567 τὸν
1694 1518 1832 1582 νόμον,
1860 1518 2064 1570 ἀπάθειαν
2091 1526 2235 1573 κτᾶται
2258 1546 2326 1572 και
2351 1529 2494 1590 γνῶσιν

1393 1590 1505 1636 θεοῦ·
1541 1612 1574 1638 ει
1607 1588 1648 1638 δε
1684 1612 1718 1637 ει
1750 1588 1982 1655 ‹ni-famum
2016 1597 2083 1641 τὸν
2110 1591 2251 1656 νέμον,
2285 1593 2495 1661 παραβαλ-

1394 1665 1525 1708 λουσιν
1559 1662 1717 1716 ἑαυτοῖς
1752 1683 1910 1724 τειχος,
1942 1666 2009 1710 ν’ὖν
2036 1686 2167 1727 τειχος
2201 1686 2273 1716 την
2297 1665 2495 1716 ἀπάθειαν

1395 1751 1576 1792 σημαινει
1608 1754 1675 1779 και
1708 1754 1781 1783 την
1816 1736 1955 1797 γνῶσιν
1989 1737 2056 1783 τοῦ
2088 1738 2182 1782 3εε’”
2142 1757 2183 1782 υ
2203 1772 2216 1794 ,
2254 1737 2354 1820 ἅπερ
2394 1737 2496 1801 μόνα

1395 1797 1535 1866 πέφυκε
1566 1800 1779 1869 φυλάσσειν
1814 1823 1884 1854 την
1917 1825 2030 1870 φυσιν
2063 1827 2133 1856 την
2165 1803 2334 1870 λογικήν.

1465 1873 1516 1920 Ει
1551 1874 1719 1927 πλευτες
1755 1875 1913 1934 ἀσεβων
1949 1873 2066 1924 κακία
2089 1911 2104 1933 ‚
2140 1873 2276 1941 ἄνδρες
2309 1875 2348 1926 δε
2388 1901 2493 1946 σεφει

1393 1940 1658 1994 ἀπολέσουσιν
1695 1941 1817 1993 αυτδν
1839 1982 1851 2003 ‚
1892 1947 2004 1997 δῆλον
2039 1969 2088 2000 ως
2124 1969 2264 1995 κακιαν
2309 1952 2391 1999 cius:
2377 1949 2496 1999 »mu-

1393 2035 1498 2062 ευσιν
1533 2014 1565 2062 εἶ
1605 2013 1743 2063 dinam
1779 2037 1846 2063 και
1885 2037 2018 2081 σεφει,
2058 2014 2124 2065 διὰ
2159 2021 2233 2072 τῆς
2271 2042 2496 2083 ωνευματι-

1393 2087 1462 2139 κῆς
1499 2083 1760 2141 ὂιόασκαλιας
1799 2108 1887 2142 τευς
1926 2085 2128 2153 ἀκαθάρτε
2133 2110 2177 2142 υς
2220 2087 2314 2155 np33
2352 2089 2495 2156 ἀρετην

1395 2153 1677 2220 ἐπανάγοντες.

1464 2228 1560 2291 Οὐχ
1590 2228 1608 2289 9‘
1643 2250 1762 2290 νομος
1791 2224 2057 2289 βὸελυσσεται
2092 2227 2196 2285 τινδς
2230 2254 2300 2284 την
2333 2254 2496 2298 πρεσευ-

1393 2318 1506 2359 χην,
1540 2301 1629 2346 ἀλλ’
1661 2301 1681 2346 ὅ
1716 2296 1890 2354 δεδωκως
1924 2298 1989 2349 τδν
2023 2322 2134 2363 νομεν
2166 2300 2264 2357 θεὸς
2284 2342 2298 2361 .,
2333 2307 2400 2353 τοῦ
2431 2307 2496 2352 ἑκ-

1391 2365 1495 2416 xilv:
1483 2389 1590 2425 ντος
1625 2367 1668 2418 τὸ
1702 2365 1763 2423 οἷς
1793 2371 1950 2427 αὑτοῦ,
1984 2393 2047 2420 και
2081 2394 2135 2434 μη
2167 2394 2376 2425 εισακευειν
2410 2397 2496 2425 ποι-

1392 2441 1524 2494 εῦντος
1563 2442 1630 2490 τοῦ
1666 2438 1796 2502 νέμε-υ
1836 2462 1902 2489 και
1940 2464 1959 2489 o
2002 2445 2164 2498 Παυλσς
2201 2442 2295 2511 φησί
2321 2448 2362 2474 ⁴⁵·
2398 2467 2495 2511 πρε-

1392 2511 1490 2557 ειδε
1453 2533 1546 2559 ὐσα
1580 2509 1624 2560 δὲ
1656 2515 1681 2562 ἦ
1714 2533 1844 2579 γραφη
1876 2509 1919 2561 ‘co'
1952 2510 2122 2574 μέλλεν,
2160 2537 2247 2564 αντι
2277 2518 2343 2564 tei]
2372 2518 2392 2564 ὅ
2424 2540 2495 2568 την

1391 2601 1541 2647 γραφην
1574 2581 1743 2637 δεδωκως
1776 2580 1936 2650 &peuda
1970 2581 2014 2631 τδ
2046 2582 2169 2645 μελλε
2155 2607 2208 2633 ν.

1462 2654 1513 2701 Ὁ
1546 2651 1598 2700 τὰ
1630 2651 1908 2718 ἑνσπειρεμενα
1939 2656 1978 2701 ἐν
2012 2677 2060 2719 τῃ
2094 2654 2233 2723 καρδίᾳ
2263 2659 2384 2706 αυτοῧ
2419 2657 2492 2708 ὖπδ

1390 2724 1459 2769 τοῦ
1482 2726 1644 2789 πονηροῦ
1666 2721 1798 2780 κακὰ,
1827 2747 1879 2785 μη
1905 2724 2148 2791 ἐξαγγέλλων
2172 2724 2278 2777 αὐτα
2300 2750 2414 2794 κυριῳ
2441 2733 2495 2791 τῷ

1390 2795 1504 2840 θεω
1488 2816 1513 2845 η
1538 2801 1599 2842 θεε
1586 2798 1707 2860 ’φιλει
1731 2793 1915 2859 ἀνθρωπῳ
1948 2797 2014 2860 ¹1),
2047 2800 2112 2845 οὐκ
2137 2797 2420 2849 ευσδωθγῖσεται
2453 2802 2491 2846 ἐν

1390 2865 1439 2926 τῇ
1464 2861 1566 2911 κατὰ
1597 2886 1637 2913 τε
1641 2867 1665 2912 ῧ
1695 2868 1856 2930 πονηροῦ
1879 2863 1974 2929 νίκῃ
2001 2889 2021 2914 ο
2047 2865 2088 2915 δε
2115 2866 2364 2946 ἐξαγγέλλων
2388 2871 2491 2934 ἀγα-

1391 2930 1626 2984 manaem
1657 2932 1739 2983 ὖωδ
1772 2938 1840 2985 τοῧ
1869 2938 1968 2982 θεοῦ
1998 2959 2065 2984 και
2099 2958 2175 2987 των
2207 2935 2384 3002 ἀγγέλων
2416 2942 2491 2987 αὐ-

1390 3024 1432 3051 τε
1435 3022 1475 3050 υ·
1493 3025 1556 3051 και
1582 3004 1603 3052 o‘
1625 3002 1813 3066 Ἰάκωβος
1833 3027 1948 3072 φησιν
1956 3005 1994 3037 '‘·
2020 3005 2202 3062 ἀλλήλοις
2228 3007 2491 3094 ἑξαῖγὲλλετε

1388 3093 1440 3120 τα
1459 3095 1768 3149 παραπτωματα
1785 3079 1903 3139 ὑμῶν,
1915 3098 2021 3130 οπως
2041 3078 2193 3129 ἰαθῆτε·
2203 3101 2270 3126 και
2288 3102 2306 3128 o
2300 3080 2490 3143 ’ψαλμῳ-

1388 3141 1501 3198 δδς’
1475 3145 1621 3194 ειιτενἰ
1626 3147 1773 3212 ·ἓξαγ
1759 3146 1901 3214 ερεύσω
1917 3149 2000 3197 κατ’
2022 3149 2115 3209 ἐμεῦ
2136 3170 2206 3200 την
2225 3149 2394 3213 ἀνομιαν
2418 3174 2489 3215 μευ

1385 3232 1448 3281 Ιυρ
1456 3237 1513 3276 ιω,
1524 3237 1591 3263 και
1611 3215 1661 3266 σὺ
1675 3220 1828 3285 ἀφῆκας
1849 3240 1920 3270 την
1935 3215 2119 3278 ἀσεβειαν
2136 3223 2207 3274 τῆς
2222 3219 2407 3287 καρδιας
2401 3245 2489 3271 μου.

1457 3285 1509 3333 Αἶ
1544 3284 1718 3351 πρόσεδει
1752 3312 1793 3338 τε
1797 3293 1820 3337 ’ὖ
1852 3293 2014 3374 πενηρεῖ
2042 3291 2264 3349 βασιλέως,
2311 3314 2408 3341 εισιν
2449 3297 2490 3341 αἱ

1386 3376 1515 3403 κακιαι
1547 3379 1611 3404 και
1649 3355 1750 3405 τᾶἵ
1729 3365 1778 3422 ψε
1763 3363 1854 3411 -υόη
1887 3353 1930 3407 ὂε
1911 3380 2083 3423 εγματα
2120 3383 2249 3409 ταυτα
2275 3360 2350 3426 γὰρ
2383 3365 2492 3427 αὐτῷ

1386 3446 1502 3488 apso-s
1487 3424 1590 3474 aden:
1576 3450 1678 3477 ὐσιν
1712 3433 1745 3476 εἷ
1775 3427 2128 3490 βοισιλευέμενσι<
2108 3454 2161 3481 υπ
2203 3434 2335 3479 αυτ-εὖ·
2373 3455 2489 3481 0217:-

1386 3498 1621 3559 φαντεῧνται
1649 3496 1690 3545 δὲ
1724 3503 1776 3563 τῷ
1799 3505 1850 3546 S‘e
1855 3503 1884 3562 ᾧ
1907 3522 1940 3546 οι
1968 3504 2020 3563 τῷ
2051 3523 2098 3550 πε
2081 3507 2199 3568 νηρῷ
2221 3509 2487 3570 πεικαρχευν-

1387 3583 1467 3617 τες·
1495 3587 1554 3613 οτι
1580 3570 1622 3614 σύ
1649 3589 1703 3631 τῳ
1726 3565 1802 3631 θεῳ
1827 3548 1936 3618 αλλὰ
1961 3574 2018 3634 τῷ
2033 3573 2161 3639 ἐχθρῷ
2182 3573 2278 3621 αὖτε
2281 3576 2305 3620 ῧ
2324 3576 2378 3636 τῷ
2395 3575 2488 3621 δια-

1382 3631 1530 3697 βδλω
1507 3657 1742 3686 ιποκεινται·
1767 3638 1850 3690 ἕπει
1872 3638 1949 3688 δε
1931 3663 1950 3688 ο
1973 3640 2062 3698 θεδς
2085 3646 2193 3704 μισέῖ
2215 3641 2281 3691 τδν
2303 3642 2485 3702 διάβολον

1384 3700 1449 3751 δια
1471 3727 1522 3753 τα
1541 3706 1637 3772 ἔργα
1658 3711 1780 3757 αὑτοῦ
1800 3709 1852 3758 τὰ
1869 3710 2030 3777 πονηρὰ,
2044 3710 2170 3769 ου’τδς
2192 3711 2310 3763 πάλιν
2330 3710 2394 3760 δια
2413 3735 2486 3762 των

298 3816 326 3857 1)
347 3817 502 3851 Videmus
526 3819 674 3861 origenis
701 3822 928 3861 auctoritatem
955 3832 1013 3864 pro
1039 3824 1222 3866 confitendo
1250 3827 1407 3869 religiosis
1433 3829 1512 3862 viris
1537 3832 1677 3871 peccata.
1704 3832 1784 3864 Item
1809 3832 1891 3866 infra
1914 3843 1944 3875 p.
1971 3839 2020 3868 5¹0.

2533 482 2602 512 cod.
2623 483 2644 512 f.
2667 488 2725 514 130.
2745 485 2777 514 b.

2539 1060 2566 1081 V.
2584 1057 2613 1081 4.

2540 1890 2568 1911 v.
2597 1887 2623 1911 8.

2540 1917 2607 1947 cod.
2629 1917 2650 1947 l'.
2675 1922 2737 1950 131.
2752 1925 2783 1947 a.

2543 2263 2571 2284 v.
2592 2259 2619 2284 ⁹.

2544 2469 2633 2498 Gal.
2649 2469 2704 2500 111.
2718 2472 2747 2497 8.

2536 2662 2646 2722 {carah
2673 2697 2733 2723 131.
2751 2693 2782 2722 b.

2538 3028 2625 3057 'lac.
2645 3029 2682 3057 V.
2703 3034 2733 3058 16

2537 3172 2605 3200 Ps.
2617 3172 2753 3200 xxxm.

2535 3306 2563 3326 v.
2586 3302 2626 3327 16.

2533 3333 2601 3363 cod.
2615 3338 2635 3366 t.
2659 3338 2716 3363 ¹32.
2733 3341 2759 3363 a.
