2944 4426
204 2135 273 2165 eod.
286 2135 306 2164 r.
324 2103 400 2164 ἔιὲ.5
382 2134 414 2163 b

300 2810 308 2819 ¹
341 2819 369 2840 v.
389 2815 415 2840 6.

200 2846 269 2875 cod.
285 2847 304 2875 f.
322 2851 405 2877 97.a

467 216 528 265 38
1213 287 1218 289 p
1491 239 1690 273 onmnms

463 321 584 383 λαγῶν
615 315 660 368 τὸ
693 323 852 382 πνεῦμα
883 316 928 369 τὲ
960 321 1099 385 ἅγιον,
1138 320 1285 371 διαλύει
1323 321 1365 374 to*
1403 320 1554 384 βάπτι-

461 408 565 450 σμα·
603 391 623 436 o‘
660 385 700 435 δὲ
736 387 802 436 καὶ
840 388 938 437 ἄλλα
923 411 984 445 υς
1023 413 1134 446 τινας
1171 390 1370 455 ὄνεμάζων
1403 394 1553 453 θεοὺς,

460 462 577 520 δῆμον
611 455 761 524 εἰσάγει
791 463 911 508 θεῶν·
944 457 970 512 ἦ
1000 484 1068 510 και
1102 460 1172 518 τὰς
1203 486 1290 530 περι
1322 487 1557 531 πραγματος

460 525 626 613 ἑκάστου
663 551 861 596 ωατρικας
900 529 1131 590 διατάξεις,
1168 533 1233 583 καὶ
1273 556 1408 585 τευτευ
1440 558 1556 602 χαριν

457 619 586 662 μενειν
620 598 853 666 ὅφειλενσας
874 640 888 662 ,
921 625 975 667 μη
1009 608 1232 665 μετακινεῖν
1265 602 1347 654 δει.

1387 807 1480 849 CA
1516 798 1565 848 P.

335 1016 350 1032 ἱ,
406 988 413 995 “
404 937 711 1031 Δυνάστην
751 977 934 1028 {vra-030:
972 976 1039 1028 τᾶν
1082 975 1263 1038 δι’θολον
1305 975 1423 1094 φηλ’σιν
1459 976 1558 1044 τρά-

406 1072 409 1078 ,
458 1054 575 1100 πεζαι
606 1042 647 1093 δὲ
681 1047 781 1095 αὔτε
783 1050 806 1095 ’ὖ
838 1071 913 1099 εισι
946 1043 1313 1114 ψευδομαρτυρίαι,
1347 1050 1554 1114 λειδερὶαι,

455 1113 699 1165 καταλαλιαι
718 1155 730 1174 ,
765 1123 889 1182 συμβ
895 1122 1000 1168 υλὶαι
1031 1140 1169 1174 κακαι,
1206 1116 1424 1179 ἐσιὲυμιαι
1457 1119 1556 1167 αἶσ-

456 1207 587 1251 χραι,
633 1209 697 1233 και
743 1193 821 1239 πᾶν
866 1191 908 1238 ὁτ
914 1209 993 1237 ιιυν
1038 1183 1246 1237 σατανικὲν
1292 1185 1552 1254 ἐσιτηόευμα·

457 1260 588 1305 ταῦτα
619 1238 664 1304 δε
700 1258 1005 1326 napartfitepevo'c
1042 1281 1099 1308 σει
1137 1255 1209 1308 ὑπὸ
1247 1279 1289 1306 τε
1292 1281 1312 1305 υ
1352 1262 1554 1326 cromacii,

457 1330 599 1380 νεητῶς
629 1323 690 1374 vde
695 1348 741 1387 ι,
778 1352 845 1378 και
883 1327 1053 1388 ἐπίβαλε
1089 1350 1156 1378 ττν
1195 1324 1363 1376 ὂιανοιαν
1401 1323 1502 1389 eci),
1535 1331 1556 1377 ὅ

406 1432 412 1440 .
459 1400 567 1446 ἐστιν
599 1397 623 1444 ἦ
655 1396 755 1462 χείρ·
795 1398 905 1455 ειόως
943 1401 982 1447 δ”.
992 1423 1003 1447 ι
1043 1402 1208 1448 τειαῧτα
1247 1420 1291 1447 σε
1325 1401 1383 1446 ὂέῖ
1419 1417 1555 1466 παρα-

457 1463 669 1553 σκενασαι,
701 1490 767 1518 ecoe
798 1494 863 1520 και
900 1467 1249 1552 συμπαρεστάναι
1254 1491 1312 1518 σοι
1337 1468 1555 1536 ὀφεῖλουσιν

455 1540 492 1585 ἐν
524 1535 646 1602 ἦμέρᾳ
677 1560 837 1607 κνριευ,
868 1563 936 1589 οτε
968 1538 1150 1602 ἀπονέμει
1183 1534 1336 1602 ἑκάστῳ
1366 1562 1471 1590 κατα
1502 1562 1555 1591 τα

456 1610 551 1674 ἔργα
584 1610 718 1658 αυτεῦ·
754 1614 788 1659 εἰ
820 1610 862 1660 δὲ
899 1608 1109 1662 οἱπλτηστέ
1116 1631 1198 1676 ερας
1237 1605 1270 1657 εὶ
1291 1649 1302 1667 ,
1341 1634 1407 1660 και
1441 1609 1554 1678 ὁρὲγῃ

458 1699 531 1728 των
562 1680 723 1742 ν’ψηλῶν
757 1703 822 1730 και
855 1679 1061 1733 πλειὲνων
1073 1704 1136 1729 και
1161 1677 1341 1745 μειζὲνων
1363 1721 1374 1739 ,
1409 1685 1436 1730 ἅ
1469 1703 1555 1732 τινα

455 1749 593 1800 εἰσιῦ
561 1772 659 1798 εια
688 1775 754 1800 και
788 1757 884 1801 ἓειΝ
844 1778 884 1802 υ
905 1792 917 1813 ,
952 1775 1005 1816 μη
1030 1750 1212 1814 ἐπιθυμει
1239 1754 1313 1800 τῶν
1347 1756 1415 1802 τοῦ
1438 1774 1554 1802 mvn-

452 1826 517 1887 ρεῧ
543 1819 782 1884 ἐδεσμάτων·
811 1828 942 1873 ταῦτα
965 1845 1040 1889 γαρ
1064 1823 1207 1886 ἔχεται
1238 1826 1342 1877 ζωῆς
1366 1844 1436 1888 προ
1420 1819 1555 1873 σκαί-

451 1913 548 1958 ρον,
582 1894 602 1942 ‘o'
637 1896 722 1942 ἐστι
754 1897 927 1958 ψευόευς·
969 1897 1029 1942 ὂει
1067 1892 1105 1942 ὂὲ
1142 1914 1211 1944 την
1246 1899 1363 1941 &mm
1399 1913 1553 1959 γραφήν

455 1967 597 2019 νοητῶς
633 1968 815 2014 νσεισέαι
851 1987 917 2013 και
952 1967 1237 2027 πνευματικῶς·
1277 1985 1302 2014 η
1339 1985 1415 2031 γαρ
1450 1985 1556 2013 κατα

455 2054 526 2086 την
554 2030 703 2101 ἷςτριαν
728 2034 902 2097 αἱσθητη
923 2038 1086 2101 γνῶσις,
1113 2056 1178 2082 ουκ
1209 2034 1294 2091 ἐ’ςιν
1317 2030 1464 2089 ozano&
1484 2036 1553 2098 2).

526 2103 624 2154 Έαν
663 2104 822 2156 ἕλκυσαι
859 2126 925 2157 τον
962 2109 1074 2153 &stov
1109 2125 1196 2152 νευν
1230 2102 1322 2171 πρὸς
1358 2102 1403 2154 τὸ
1436 2102 1555 2171 p‘nr3v

460 2174 566 2225 κατᾶ
598 2199 669 2228 την
701 2178 775 2232 ἔξω
806 2199 921 2240 μονον
953 2179 1091 2242 ὅρασιν
1124 2173 1342 2240 ἐὲελησῃς,
1377 2175 1556 2225 ἀσυστα-

460 2271 502 2298 τε
506 2271 523 2303 ς
551 2244 604 2296 ὠν
638 2248 692 2302 εἷς
726 2244 791 2296 τόν
818 2247 918 2296 ιόιεν
950 2267 1051 2295 εικσν
1086 2248 1160 2295 ἀπε
1145 2268 1303 2312 qaam«,
1338 2269 1380 2301 ος
1414 2247 1477 2303 ἐςι
1509 2244 1554 2295 τό

457 2318 706 2370 κατάλληλσν
738 2320 857 2368 αὑτοῦ
884 2315 1087 2384 θεώρημα·
1129 2316 1325 2382 πτέρυγας
1352 2314 1455 2379 ἔχων
1482 2337 1555 2371 τας

457 2387 529 2439 ὗπό
566 2403 605 2438 τε
606 2392 633 2436 ’ὗ
654 2387 933 2453 πρσεστηκᾶτες
959 2390 1079 2438 αὐτεῧ
1101 2387 1211 2452 ἁγισυ
1235 2409 1455 2450 πνευματος
1484 2408 1556 2434 κα-

458 2481 579 2510 τασκε
566 2458 805 2513 -υασὲεισας
837 2461 966 2523 αὐτῷ,
1002 2478 1119 2523 αιπερ
1150 2480 1228 2507 εισι
1261 2479 1313 2507 τα
1342 2479 1557 2521 πνευματι-

458 2555 509 2580 κα
539 2548 792 2617 χαρισματα·
826 2529 982 2579 ἄπεισιν
1021 2535 1087 2577 οὑν
1125 2527 1271 2592 ὑψηλὸς
1303 2525 1399 2592 υπὲρ
1436 2525 1555 2576 αὑτὸν

458 2606 508 2657 ὡς
541 2622 664 2650 ειπειν
698 2597 765 2649 τᾶν
798 2597 966 2665 αἷθερα·
1001 2596 1046 2649 τὲ
1079 2620 1144 2646 ουν
1175 2619 1245 2662 μη
1261 2597 1435 2663 υπεράνω
1472 2621 1557 2661 χω-

411 2700 414 2705 ·
459 2691 538 2739 ρειν
571 2674 638 2721 τεῧ
667 2691 809 2736 putav
844 2672 931 2720 ἀλλ’
955 2666 1147 2726 οἷπληςως
1180 2669 1284 2734 ἔχειν
1310 2666 1403 2736 πρός
1429 2665 1555 2727 αὐτα,

463 2747 564 2799 ζωῆς
596 2744 682 2791 ἐστι
716 2744 890 2804 ψευδοῦς.

533 2817 583 2863 Ei
622 2837 640 2862 o
675 2809 876 2871 βάσκανος
914 2832 1009 2861 σιτα
1054 2809 1246 2871 ἀσεβείας
1291 2812 1450 2871 ἐσθίει,
1487 2808 1556 2858 καὶ

460 2884 549 2949 εἵνῳ
581 2881 795 2953 παρανόμω
826 2879 1102 2946 μεθυσκεται,
1138 2885 1178 2930 οὐ
1210 2885 1268 2930 ὂει
1301 2877 1341 2929 ὂε
1375 2884 1558 2931 συνδειπ-

461 2960 537 3004 νέῖν
574 2954 711 3014 τούτῳ·
751 2956 794 3002 οὐ
824 2976 902 3021 χρη
940 2952 1016 3019 ἄρα
1049 2957 1147 3001 εἰναι
1179 2955 1311 3013 ἀσεβῆ
1340 2975 1407 3001 και
1432 2974 1558 3019 παρα-

460 3046 590 3090 νομεν·
624 3023 746 3075 αὗται
777 3022 852 3091 γὰρ
883 3027 925 3072 αἱ
959 3045 1089 3072 κακιαι
1122 3021 1386 3086 λσιμαινσνται
1418 3042 1557 3089 γνωσιν

461 3091 744 3160 πνευματικὴν

530 3165 670 3220 Μηδὲν
716 3164 805 3231 λέγε
843 3162 1030 3224 συνετόν,
1069 3187 1192 3232 φησι,
1231 3162 1408 3229 τςντέστι
1444 3162 1560 3225 βαθὺ

1624 328 1730 371 Nam
1747 330 1821 384 qui
1839 330 1973 372 Deum
1992 343 2078 373 non
2097 330 2200 374 dicit
2219 335 2412 374 sanctum
2434 333 2635 387 Spiritum
2664 336 2715 386 1),

1625 398 1832 454 baptisma
1848 400 2043 443 destruit:
2070 402 2260 456 quivero
2274 401 2382 444 alios
2405 401 2612 456 quosdam
2635 415 2719 446 no-

1628 470 1762 512 minat
1794 471 1918 524 deos,
1950 473 1986 514 is
2021 472 2200 515 deorum
2229 473 2438 528 populum
2467 474 2715 516 introducit,

1628 541 1734 582 Item
1766 541 1818 584 de
1844 542 1971 585 rebus
2000 544 2176 598 singulis
2198 548 2365 599 patrum
2399 545 2720 586 constitutiones

1631 613 1767 666 (quae
1805 619 2030 669 propterea
2059 627 2325 670 perseverare
2349 614 2525 668 debent)
2558 626 2718 670 nequa-

1630 689 1957 738 quam-oportet
1985 697 2269 728 commovere.
2494 703 2496 705 ’

1628 808 1783 850 ΧΧΙΙῘ.

1633 938 1898 1037 Dynastam
1917 997 2029 1026 nunc
2050 985 2267 1033 diabolum
2298 986 2422 1029 dicit:
2455 998 2621 1028 mensae
2645 998 2723 1028 au-

1599 1055 1601 1057 ’
1628 1056 1714 1095 tem
1733 1053 1821 1095 eius
1837 1058 1934 1096 sunt
1950 1055 2054 1097 falsa
2068 1056 2310 1098 testimonia
2323 1057 2556 1110 ‚convicia,
2571 1056 2722 1099 obtre-

1630 1125 1858 1177 ctationes,
1880 1126 2194 1169 coniurationes
2212 1127 2341 1168 malae
2354 1131 2535 1181 ,turpes
2558 1125 2724 1181 cupidi-

1629 1198 1733 1236 tates
1747 1226 1758 1246 ‚
1777 1199 1819 1236 et
1835 1207 1960 1237 omne
1977 1196 2200 1254 quodlibet
2219 1197 2450 1239 satanicum
2464 1207 2589 1250 opus.
2609 1196 2724 1238 Haec

1629 1266 1771 1307 omnia
1789 1266 1866 1308 tibi
1886 1268 2083 1322 apposita
2101 1280 2126 1309 a
2149 1267 2337 1321 maligno
2354 1297 2366 1319 ,
2393 1266 2635 1321 spiritaliter
2652 1266 2723 1308 in-

1628 1334 1792 1392 tellige,
1821 1342 1863 1379 et
1890 1343 2073 1380 mentem
2102 1342 2220 1380 tuam
2255 1337 2455 1392 intende,
2488 1332 2597 1392 quae
2627 1336 2723 1379 heic

1629 1406 1784 1450 dicitur
1802 1421 1947 1450 manus
1960 1440 1971 1462 ‚
1993 1410 2124 1451 sciens
2139 1422 2163 1451 a
2179 1413 2222 1451 te
2237 1409 2338 1451 talia
2353 1420 2441 1450 esse
2454 1407 2722 1464 ,apparandm

1628 1489 1737 1532 quae
1765 1479 1842 1521 tibi
1868 1481 2126 1535 patrocinari
2154 1480 2319 1535 possint
2345 1480 2389 1521 in
2420 1474 2687 1522 die‘Domini
2707 1510 2721 1532 ,

1627 1550 1772 1592 cumis
1786 1552 2123 1610 remunerabitur
2137 1552 2327 1606 singulos
2343 1550 2576 1594 secundum
2593 1538 2729 1605 opera.

1627 1634 1794 1665 eorum.
1815 1623 1941 1676 Quod
1960 1624 1993 1665 si
2014 1623 2291 1666 insatiabilior
2314 1636 2382 1676 es,
2413 1623 2617 1678 cupisque
2640 1621 2724 1663 alta

1627 1698 1670 1736 et
1694 1695 1815 1748 plura
1834 1700 1961 1750 atque
1983 1695 2144 1737 maiora
2161 1726 2172 1748 ‚
2200 1706 2310 1750 quae
2335 1698 2433 1737 sunt
2457 1693 2652 1736 caelestia
2672 1703 2722 1735 ac

1621 1761 1771 1808 'divina
1787 1798 1798 1819 ,
1818 1779 1918 1809 cave
1933 1767 2107 1821 ligurias
2122 1767 2233 1809 circa
2247 1766 2416 1820 maligni
2435 1764 2598 1808 edulia:
2619 1764 2723 1806 haee

1628 1838 1740 1879 enim
1763 1838 1882 1880 brevi
1902 1839 1989 1880 vita
2011 1838 2235 1891 fruuntur,
2257 1838 2301 1879 id
2330 1841 2394 1880 est
2416 1837 2572 1879 fallaci.
2592 1836 2728 1890 Opor-

1627 1910 1690 1948 tet
1721 1911 1861 1948 autem
1896 1906 2082 1948 divinam
2109 1907 2363 1961 scripturam
2387 1892 2729 1948 intellectualiter

1627 1990 1676 2020 ac
1709 1978 1956 2033 spiritaliter
1983 1978 2192 2032 intelligi:
2220 1989 2319 2022 nam
2349 1989 2461 2031 quae
2492 1975 2726 2018 secundum

1627 2049 1845 2091 historiam
1861 2053 1923 2091 est
1939 2049 2166 2093 materialis
2182 2049 2303 2091 notio
2318 2079 2330 2102 ,
2348 2060 2446 2090 vera
2465 2059 2554 2089 non
2565 2050 2643 2089 est.

1686 2121 1727 2162 Si
1754 2120 1921 2162 trahere
1945 2120 2138 2163 divinum
2164 2132 2332 2162 sensum
2350 2150 2362 2173 ,
2384 2119 2498 2161 iuxta
2516 2111 2724 2173 litteram,

1616 2191 1680 2242 ‚ad
1716 2196 1934 2234 externum
1962 2192 2258 2235 tantummodo
2275 2195 2550 2246 conspectum
2573 2189 2723 2232 volue—

1628 2263 1714 2317 ris,
1741 2264 1776 2305 is
1809 2263 2086 2305 fundamento
2117 2275 2266 2305 carens
2296 2261 2350 2304 ad
2387 2262 2612 2316 proprium
2642 2259 2723 2302 do·

1628 2334 1828 2376 micilium
1860 2339 2122 2387 revertetur,
2153 2345 2263 2389 quae
2294 2337 2358 2375 est
2390 2333 2643 2374 conveniens
2662 2330 2724 2372 illi

1627 2405 1809 2447 theoria.
1831 2405 1908 2447 Sed
1925 2405 2010 2447 alas
2028 2404 2188 2447 habens
2204 2417 2229 2446 a
2252 2403 2456 2457 dirigente
2479 2403 2614 2458 ipsam
2630 2413 2731 2443 san--

1630 2479 1700 2517 cto
1734 2476 1892 2530 Spiritu
1932 2475 2157 2517 fabricatas
2180 2506 2192 2527 ‚
2235 2487 2345 2529 quae
2384 2477 2482 2515 sunt
2519 2472 2726 2528 spiritalia
2764 2493 2766 2495 >

1630 2548 1910 2601 charismata,
1941 2548 2029 2590 abit
2057 2548 2249 2590 sublimis
2277 2560 2405 2602 super
2429 2548 2568 2601 ipsum
2597 2550 2644 2588 ut
2667 2546 2726 2588 ita

1629 2619 1766 2662 dicam
1793 2620 2024 2661 aetherem.
2056 2621 2168 2689 Ergo
2201 2619 2315 2661 nolle
2346 2617 2628 2661 conscendere
2646 2630 2721 2659 su·-

1628 2704 1708 2746 pra
1737 2691 1949 2744 litteram,
1982 2690 2062 2733 sed
2097 2690 2314 2732 mordicus
2343 2689 2443 2731 huic
2476 2689 2723 2742 inhaerere,

1630 2763 1756 2805 falsae
1784 2763 1894 2804 vitae
1922 2762 2146 2817 proprium
2178 2766 2257 2803 est.

1688 2835 1727 2876 Si
1751 2833 1920 2876 invidus
1954 2833 2141 2875 triticum
2168 2831 2399 2887 impietatis
2426 2830 2649 2883 comedat,
2680 2831 2724 2872 et

1629 2906 1730 2948 vino
1750 2905 1969 2959 illegitimo
1988 2903 2202 2958 ebrietur,
2224 2915 2312 2944 non
2334 2906 2508 2957 oportet
2525 2913 2621 2943 cum
2641 2900 2723 2942 hoc

1630 2976 1877 3029 convivari3
1911 2987 2048 3029 neque
2074 2974 2187 3015 enim
2221 2972 2392 3028 expedit
2424 2972 2515 3014 fieri
2543 2971 2723 3026 impium
2782 2959 2786 2966 ’

1631 3059 1680 3089 ac
1694 3051 1980 3102 peecatorem:
2002 3058 2096 3087 nam
2112 3044 2354 3087 huiusmodi
2373 3043 2617 3098 iniquitates
2633 3041 2724 3096 spi·
2777 3032 2780 3035 ’

1567 3136 1576 3143 ”
1631 3118 1796 3160 ritalem
1826 3116 2041 3158 scientiam
2071 3114 2358 3170 pessumdant.

1687 3188 1800 3230 Nihil
1835 3187 1946 3229 dicas
1979 3187 2194 3242 prudens,
2228 3183 2281 3228 id'
2301 3189 2362 3228 est
2389 3196 2517 3238 grave
2543 3195 2593 3226 ac
2622 3195 2721 3237 my-

518 3358 547 3399 1)
566 3358 807 3391 Aminiadverte
828 3357 1051 3392 testimonium
1075 3358 1222 3399 origenis
1245 3357 1286 3390 de
1311 3357 1451 3399 Spiritus
1475 3356 1579 3389 sancti
1605 3355 1789 3388 divinitate.

516 3413 548 3452 2)
566 3411 667 3444 Vides
694 3411 842 3452 origenis
865 3412 991 3445 dictum
1015 3411 1139 3453 insigne
1164 3421 1221 3453 pro
1240 3411 1377 3452 mystico
1393 3419 1421 3443 s.
1443 3411 1623 3451 scripturae
1644 3417 1763 3450 sensu,
1785 3409 1844 3450 qui
1864 3408 2033 3450 tantopere
2055 3395 2117 3449 ipsi
2132 3407 2167 3441 in
2189 3406 2315 3439 deliciis
2339 3405 2423 3446 suit,
2439 3403 2550 3446 [eoque
2563 3401 2727 3435 interdum

462 3466 604 3505 abusus,
631 3466 668 3497 ut
693 3466 835 3506 scimus;
861 3474 945 3506 quae
960 3474 1058 3498 causa
1082 3465 1145 3497 suit
1159 3465 1331 3497 Theodoro
1347 3465 1574 3505 mopsuesteno
1589 3472 1672 3505 opus
1691 3461 1853 3497 condendi
1879 3463 1994 3494 contra
2016 3460 2206 3502 allegoricos
2220 3485 2230 3505 ,
2258 3457 2512 3500 praesertimque
2543 3455 2726 3496 origenem.

460 3522 500 3552 Et
526 3519 659 3560 quidem
686 3520 819 3551 consule
845 3520 890 3552 sis
919 3521 1073 3554 {luetium
1098 3520 1131 3552 in
1157 3518 1353 3560 origenianis
1373 3521 1499 3559 quaest.
1517 3519 1605 3550 XIII.
1630 3526 1663 3559 p.
1686 3519 1758 3550 240.
1774 3525 1865 3558 seqq.
1891 3517 2074 3557 oriqenes,
2097 3514 2227 3556 (inquit
2249 3516 2282 3547 S
2308 3513 2525 3552 Hieronymus
2540 3518 2574 3541 in
2589 3509 2727 3551 prologo

459 3573 502 3606 ad
523 3573 580 3606 lib.
597 3575 638 3606 V.
654 3573 686 3604 in
707 3573 861 3613 Esaiam)
885 3573 1004 3606 liberis
1029 3573 1220 3614 alleqoriae
1242 3574 1366 3618 spatiis
1386 3573 1577 3613 ευαραειιν,
1601 3572 1635 3603 et
1670 3571 1910 3612 interpretatis
1931 3569 2131 3602 nominibus
2153 3566 2391 3608 sinqulorum‚
2415 3564 2595 3605 maenium
2619 3570 2727 3595 suum

453 3626 549 3667 jacit
570 3627 733 3659 ecclesiae
754 3629 987 3659 sacramenta.
1011 3629 1109 3660 Recta
1137 3628 1215 3660 item
1239 3626 1344 3660 eidem
1368 3615 1499 3667 origeni
1520 3624 1742 3658 contradicere
1759 3623 1889 3656 videtur
1909 3625 1942 3656 S.
1969 3622 2144 3664 Gregorius
2169 3623 2232 3655 PP.
2249 3621 2307 3662 qui
2332 3619 2392 3652 etsi
2409 3617 2586 3659 plurimum
2608 3616 2724 3657 allego-

460 3681 527 3713 rico
550 3680 791 3721 anagogicoque
812 3680 918 3712 sensui
942 3680 1100 3721 indulsit,
1131 3682 1272 3713 attamen
1297 3680 1330 3711 in
1355 3680 1444 3712 calce
1467 3678 1564 3720 primi
1593 3678 1668 3710 libri
1684 3677 1858 3709 moralium
1879 3677 1912 3708 in
1931 3676 2068 3716 lobna),
2085 3676 2130 3708 ita
2153 3675 2314 3716 sapienter
2337 3670 2516 3705 concludit.
2538 3671 2613 3702 Hoc
2635 3677 2724 3708 maq-

460 3743 584 3775 nopere
605 3735 780 3776 petimus,
800 3735 842 3765 uc
868 3735 929 3774 qui
955 3733 1015 3765 ad
1027 3734 1223 3774 spiritalem
1251 3733 1521 3774 intelliqentiam
1543 3733 1691 3764 mentem
1710 3730 1890 3770 sublevat,
1918 3738 1941 3762 a
1959 3730 2182 3762 veneratione
2203 3727 2370 3760 historiae
2400 3730 2468 3756 non
2494 3722 2644 3756 recedat.
2671 3722 2725 3756 Ri-

463 3787 639 3819 nilominus
661 3787 695 3819 in
719 3786 809 3818 libris
832 3787 978 3827 origenis
1001 3787 1145 3820 infinitus
1170 3797 1207 3820 ac
1229 3787 1481 3828 pretiosiSSImus
1506 3787 1556 3817 est
1578 3784 1788 3825 mysticarum
1807 3783 2044 3823 moraliumque
2063 3779 2364 3822 interpretationum
2386 3776 2579 3816 thesaurus3
2603 3778 2636 3808 et
2655 3776 2726 3818 ipse

463 3842 726 3883 Chrysostozmus
752 3840 784 3872 in
811 3840 1059 3873 proverbiorum
1080 3850 1097 3872 a
1123 3841 1215 3873 nobis
1244 3841 1331 3873 edita
1357 3840 1583 3882 explanatione
1601 3838 1763 3880 spiritales
1786 3846 1898 3871 sensus
1916 3836 2053 3870 libenter
2077 3835 2233 3876 sequitur.
