2996 4432
2477 253 2539 299 87

982 335 1262 397 Linea
1331 345 1823 399 SECUNDUS.

398 508 436 547 1.
469 459 561 547 Et
589 504 794 559 quoniam
824 514 954 558 supra
982 501 1166 545 diximus
1194 502 1304 545 hanc
1331 505 1494 557 pestem
1513 532 1526 554 ‚
1558 501 1812 545 simoniacae
1851 502 2077 545 haereseos
2111 501 2381 545 seminarium
2418 513 2541 556 esse,

238 574 244 590 ‘
273 589 433 632 operae
455 576 640 631 pretium
659 579 723 617 est
744 572 945 617 adversus
967 573 1154 616 eiusdem
1181 574 1408 616 haereseos.
1429 571 1668 615 sacerdotes
1687 573 1904 627 insurgere
1919 606 1932 626 ‚
1958 578 2000 616 et
2024 573 2078 615 de
2106 573 2470 615 schismaticorum
2495 578 2539 615 ct

276 646 526 689 eorumdem
555 644 795 688 sacerdotio
826 649 869 687 et
897 643 1104 687 sacrificio
1124 674 1137 698 ‚
1163 649 1335 700 patrum
1362 643 1587 685 sententias
1615 644 1660 684 in
1689 642 1875 685 medium
1905 643 2130 688 deducere.
2169 645 2219 686 In
2259 645 2435 700 epistola
2469 656 2538 687 se-

276 719 433 774 ptimae
464 717 619 774 synodi
648 715 895 758 universalis
923 714 1304 770 Hadrianopapae
1333 714 1493 758 directa
1520 715 1582 756 sic
1610 715 1721 756 inter
1751 718 1890 756 cetera
1919 714 2092 769 legitur.
2131 734 2147 750 «
2167 717 2251 758 Eos
2270 715 2345 770 qui
2365 728 2444 771 per
2460 728 2542 771 pe-

273 790 423 832 cunias
450 801 601 831 manus
630 788 870 842 imposuere
899 786 968 828 vel
995 787 1225 842 imponunt
1243 819 1255 842 ,
1287 788 1439 829 Petrus
1468 785 1638 829 divinus
1672 785 1890 840 apostolus
1908 816 1921 838 ‚
1953 787 2073 828 cuius
2111 785 2355 828 cathedram
2389 787 2542 829 sortita

276 865 344 902 est
373 861 573 903 sanctitas
602 863 741 901 vestra
756 891 769 913 ,
801 863 1020 913 tamquam
1050 859 1260 900 Simonem
1290 870 1461 912 magum
1492 857 1683 914 deponit.
1703 857 1980 900 Tolerabilior
2009 857 2120 900 enim
2150 862 2215 900 est
2242 858 2478 901 Macedonii
2498 863 2541 901 et

274 944 428 974 eorum
458 932 535 986 qui
565 931 679 973 circa
707 931 848 986 ipsum
878 934 977 972 sunt
1006 930 1140 973 sancti
1173 930 1352 985 Spiritus
1381 922 1729 985 impugnatorum
1759 929 1892 984 impia
1920 929 2123 971 haeresis:
2147 929 2208 971 illi
2238 930 2347 971 enim
2378 934 2544 976 creatu-

277 1015 371 1045 ram
403 1006 446 1045 et
474 1015 642 1045 servum
661 1002 743 1044 Dei
772 1001 903 1056 patris
926 1004 969 1043 et
987 1000 1063 1043 filii
1094 1002 1295 1056 Spiritum
1323 1005 1516 1044 sanctum
1537 1000 1755 1043 delirando
1777 1001 1991 1053 fatentur3
2013 999 2083 1042 isti
2103 1012 2225 1043 suum
2247 1001 2426 1043 eundem
2450 1002 2544 1056 Spi-

278 1074 409 1116 ritum
439 1073 628 1116 efficiunt
656 1085 854 1115 servum:
889 1071 1026 1114 omnis
1055 1072 1163 1114 enim
1196 1070 1393 1113 dominus
1423 1071 1543 1127 quod
1571 1071 1702 1114 habet
1719 1102 1732 1123 ‚
1756 1072 1791 1113 si
1810 1071 1932 1123 vult,
1964 1070 2114 1113 vendit
2143 1072 2230 1113 sive
2261 1083 2429 1113 servum
2451 1073 2545 1114 sive

274 1144 455 1200 aliquod
486 1156 636 1187 eorum
667 1156 777 1199 quae
807 1143 1014 1199 possidet.
1046 1142 1245 1185 Similiter
1274 1147 1318 1184 et
1347 1142 1422 1198 qui
1452 1143 1579 1196 emit,
1611 1142 1809 1186 dominus
1838 1142 1986 1185 volens
2015 1154 2103 1185 esse
2122 1142 2210 1184 eius
2232 1142 2350 1197 quod
2370 1142 2542 1196 emerit,

280 1229 359 1271 per
387 1216 572 1271 pretium
602 1216 804 1271 pecuniae
833 1214 942 1257 illud
981 1214 1180 1269 acquirit.
1219 1214 1286 1256 Ita
1316 1218 1360 1256 et
1389 1215 1464 1269 qui
1491 1214 1602 1257 hanc
1630 1214 1818 1270 iniquam
1858 1214 2066 1256 actionem
2105 1218 2336 1269 operantur
2352 1245 2364 1266 ,
2397 1213 2543 1256 detra-

279 1289 391 1330 hunt
427 1287 600 1343 Spiritui
637 1290 785 1329 sancto
802 1318 814 1339 ‚
855 1285 1084 1341 aequaliter
1117 1289 1342 1340 peccantes
1379 1284 1446 1327 his
1475 1286 1551 1340 qni
1578 1286 1922 1341 blasphemavere
1952 1285 2136 1328 dicentes
2152 1317 2164 1340 ,
2203 1286 2247 1328 in
2277 1284 2548 1327 Behelzebub

277 1359 432 1401 eiicere
462 1357 687 1401 daemonia
717 1356 956 1411 Christum'3
990 1361 1118 1412 atque
1148 1361 1195 1399 ut
1223 1357 1362 1399 verius
1391 1357 1606 1411 dicamus,
1640 1357 1767 1400 Iudae
1797 1362 2095 1413 comparantur
2124 1357 2336 1413 proditori
2365 1358 2440 1412 qui
2469 1358 2545 1399 Iu-

279 1430 396 1473 daeis
425 1431 560 1472 Deum
593 1429 887 1472 occidentibus
917 1429 1131 1472 Christum
1161 1428 1369 1471 vendidit.
1404 1429 1509 1471 Cum
1539 1442 1641 1483 ergo
1673 1430 1851 1484 Spiritus
1888 1434 2056 1472 sanctus
2094 1429 2460 1471 consubstantialis
2490 1429 2546 1471 sit

275 1502 472 1554 Christo,
496 1501 681 1543 eiusdem
712 1501 795 1555 ipsi
825 1502 1036 1556 portionis
1066 1505 1221 1554 erunt;
1247 1505 1290 1543 et
1309 1500 1462 1555 procul
1492 1500 1624 1543 dubio
1655 1514 1743 1544 non
1774 1505 1837 1543 est
1865 1501 1907 1542 in
1939 1501 2165 1556 eisgratia
2183 1501 2361 1559 Spiritus
2383 1499 2546 1552 sancti,

279 1573 329 1615 id
358 1577 422 1616 est
450 1572 682 1615 sacerdotis
711 1573 927 1615 sanctitas.
961 1574 1064 1615 Nam
1095 1572 1214 1628 quod
1243 1584 1330 1614 non
1361 1576 1632 1627 acceperunt,
1655 1585 1743 1614 non
1764 1572 1938 1614 hahent.
1961 1572 2033 1613 Ait
2052 1571 2165 1613 enim
2184 1572 2334 1613 Petrus
2356 1571 2544 1612 Simoniz

278 1657 362 1685 ‚non
391 1649 447 1684 est
477 1645 552 1685 tibi
574 1656 674 1696 pars
702 1657 827 1696 neque
853 1657 938 1684 sors
968 1648 1010 1685 in
1040 1656 1214 1685 sermone
1241 1644 1341 1695 isto,
1378 1645 1476 1695 quia
1505 1645 1740 1685 existimasti
1755 1644 1900 1684 donum
1931 1644 2007 1684 Dei
2019 1646 2191 1696 pecunia
2203 1643 2416 1695 possideri.
2439 1643 2547 1685 Nam

287 1719 332 1757 et
365 1716 533 1757 ·XXIX·
568 1727 703 1757 canon
733 1719 978 1757 sanctorum
1008 1714 1331 1769 apostolorum,
1363 1719 1405 1757 et
1435 1719 1553 1757 actus
1589 1714 1863 1767 eorumdem,
1896 1718 1939 1756 et
1968 1714 2117 1756 tertius
2156 1718 2199 1755 et
2234 1717 2412 1768 quartus
2440 1712 2550 1755 liber

285 1798 542 1840 regnorum,
577 1785 760 1828 alienum
790 1787 964 1828 omnino
986 1798 1012 1828 a
1035 1785 1273 1828 sacerdotio
1304 1786 1587 1841 pronunciant
1616 1797 1713 1829 eum
1743 1785 1817 1840 qui
1847 1784 2074 1840 aliquando
2097 1784 2259 1827 dederit
2278 1784 2345 1826 vel
2374 1795 2550 1838 accepe-

285 1858 343 1900 rit
365 1858 586 1912 pecuniam
617 1857 760 1912 aliquo
789 1861 1014 1912 tempore,
1046 1858 1133 1899 siv'e
1162 1861 1258 1899 ante
1288 1870 1436 1899 manus
1465 1857 1776 1911 impositionem
1793 1887 1804 1909 ‚
1828 1856 1916 1898 sive
1946 1861 2070 1910 post:
2105 1856 2291 1911 accipere
2321 1856 2432 1897 enim
2463 1858 2549 1909 est,

282 1928 645 1984 quandocumque
676 1929 885 1983 accipere.
920 1929 1029 1970 Item
1060 1941 1110 1971 ex
1141 1928 1320 1983 epistola
1348 1927 1497 1970 ultima
1525 1927 1710 1970 eiusdem
1739 1927 1909 1982 synodi.
1937 1927 2082 1970 Omnis
2111 1939 2213 1981 ergo
2233 1926 2456 1981 episcopus
2485 1925 2554 1967 vel

287 1998 509 2054 presbyter
539 2002 612 2040 aut
643 1998 845 2041 diaconus
875 1999 1096 2041 convictus
1124 2012 1202 2054 per
1231 1998 1432 2054 pecunias
1461 2011 1609 2040 manus
1637 1998 1954 2053 impositionem
1983 1997 2146 2040 dedisse
2176 1997 2245 2039 vel
2266 1997 2474 2052 accepisse
2491 2029 2504 2051 ‚
2529 2009 2554 2037 a

282 2068 526 2110 sacerdotio
556 2069 625 2110 vel
656 2068 792 2124 gradu
823 2068 994 2111 decidit.
1028 2071 1236 2112 Fortassis
1274 2074 1414 2112 autem
1451 2070 1596 2112 dicunt
1627 2071 1788 2125 aliqui,
1822 2071 1922 2125 quia
1950 2069 2252 2124 paenitentiam
2282 2070 2445 2124 agimus
2473 2080 2553 2123 pro

287 2145 464 2195 peccato
483 2171 495 2192 ‚
519 2144 561 2182 et
582 2140 788 2183 Dominus
816 2141 998 2195 ignoscit
1026 2141 1147 2184 illud.
1181 2143 1246 2184 Ita
1275 2147 1362 2195 est,
1387 2143 1484 2197 quia
1515 2155 1661 2185 omnes
1691 2146 1862 2196 agentes
1881 2142 2181 2196 paenitentiam
2209 2142 2324 2183 Deus
2353 2141 2552 2195 suscipit,

268 2215 332 2252 ‘ct
360 2210 550 2264 indulget
579 2223 655 2265 per
684 2212 987 2266 paenitentiam
1017 2217 1189 2268 peccata
1228 2225 1337 2267 quae
1366 2214 1448 2255 iam
1477 2218 1640 2268 patrata
1670 2219 1782 2256 sunt.
1826 2215 1878 2255 Et
1911 2214 2049 2256 infra:
2083 2212 2158 2255 sed
2194 2213 2293 2268 quia
2322 2213 2555 2255 secundum

286 2282 535 2337 apostolum
563 2282 762 2325 sacerdos
790 2283 1173 2338 irreprehensibilis
1193 2283 1320 2326 debet
1351 2296 1439 2326 esse
1455 2315 1468 2337 ,
1491 2285 1563 2339 qui
1585 2297 1662 2339 per
1690 2286 1890 2340 pecunias
1919 2297 2174 2339 quemquam
2197 2285 2458 2326 consecravit
2486 2284 2555 2326 vel

293 2357 561 2395 consecratus
588 2358 680 2406 est,
713 2354 870 2396 alienus
900 2359 963 2397 est
991 2367 1017 2397 a
1045 2354 1283 2397 sacerdotio
1300 2385 1313 2409 ,
1345 2356 1453 2397 sicut
1483 2367 1629 2398 omnes
1660 2356 1857 2398 ecclesiae
1893 2368 2038 2397 sumus
2074 2355 2231 2397 alumni
2261 2367 2310 2397 ex
2340 2355 2552 2397 canonicis

289 2424 525 2479 disciplinis
555 2423 726 2467 eruditi.
2278 2477 2283 2483 '

412 2498 456 2538 2.
488 2496 597 2539 Item
627 2509 679 2538 ex
710 2496 887 2552 epistola
915 2498 1127 2540 Paschalis
1156 2510 1291 2554 papae
1329 2497 1710 2541 Mediolanensibus
1748 2500 1923 2554 scripta.
1956 2498 1996 2540 Si
2035 2499 2128 2552 quis
2158 2502 2295 2541 autem
2326 2497 2525 2541 obiecerit
2541 2528 2553 2551 ,

292 2579 381 2609 non
411 2568 794 2622 consecrationem,
811 2568 891 2611 sed
919 2581 985 2611 res
1013 2571 1125 2624 ipsas
1155 2582 1264 2625 quae
1286 2583 1338 2612 ex
1368 2571 1683 2614 consecratione
1706 2570 1961 2625 proveniunt
1981 2569 2136 2622 vendi,
2160 2569 2360 2612 videntur
2383 2569 2556 2625 quidem

293 2638 455 2693 aliquid
485 2638 648 2692 dicere,
673 2640 779 2682 nihil
803 2644 944 2682 autem
965 2641 1136 2695 penitus
1155 2653 1324 2695 sapere:
1357 2654 1456 2684 nam
1487 2653 1584 2683 cum
1607 2642 1838 2697 spiritualis
1860 2642 2092 2696 corporalis
2114 2642 2310 2684 ecclesiae
2333 2641 2557 2696 episcopus

294 2710 363 2752 vel
392 2708 522 2752 abbas
550 2711 639 2752 sine
668 2711 794 2753 rebus
824 2711 1123 2766 corporalibus
1153 2713 1433 2756 exterioribus
1462 2714 1582 2758 nullo
1613 2713 1743 2756 modo
1782 2713 1980 2769 proficiat
1999 2744 2011 2766 ,
2045 2715 2153 2755 sicut
2188 2726 2267 2755 nec
2302 2714 2439 2755 anima
2468 2714 2558 2755 sine

291 2792 476 2835 corpore
504 2782 798 2837 temporaliter
826 2783 963 2835 vivit,
997 2783 1188 2837 quisquis
1227 2797 1377 2826 eorum
1414 2785 1591 2827 alterum
1630 2784 1805 2838 vendit,
1837 2786 1928 2827 sine
1959 2797 2045 2839 quo
2077 2785 2255 2827 alterum
2293 2784 2440 2826 haberi
2469 2797 2558 2827 non

294 2855 461 2905 potest,
495 2857 696 2895 neutrum
726 2866 814 2895 non
843 2853 1064 2896 venditum
1094 2854 1366 2910 derelinquit.
1399 2856 1535 2908 Quam
1573 2861 1711 2898 tamen
1748 2856 2032 2898 obiectionem
2060 2868 2178 2898 sacer
2217 2855 2560 2898 chalcedonensis

294 2935 432 2964 canon
462 2924 630 2978 penitus
661 2925 944 2977 exterminat,
970 2937 1066 2966 cum
1088 2929 1412 2980 procuratorem
1433 2926 1501 2968 vel
1531 2926 1795 2969 defensorem
1825 2927 2025 2969 ecclesiae
2042 2958 2054 2980 ,
2085 2927 2152 2969 vel
2176 2939 2432 2982 quemquam
2462 2938 2558 2967 om-

295 2994 398 3035 nino
430 2995 602 3048 regulae
631 2995 897 3049 subiectum,
930 3008 1008 3050 per
1037 2997 1235 3050 pecunias
1265 2996 1455 3039 ordinari
1484 2997 1713 3052 prohibet,
1737 3002 1786 3039 ut
1814 2999 2121 3039 interventores
2152 3010 2324 3052 quoque
2343 2998 2445 3039 tanti
2465 3009 2558 3039 sce-

294 3064 396 3106 leris
425 3066 700 3108 anathematis
732 3079 938 3109 mucrone
968 3066 1174 3109 succidat.
1207 3067 1319 3119 Quid
1349 3067 1508 3123 plura?
1538 3068 1572 3109 si
1603 3068 1936 3111 anathematizati
1966 3073 2008 3110 et
2038 3069 2415 3122 excommunicati,
2441 3073 2483 3111 et
2511 3073 2561 3111 ut

295 3147 395 3177 vere
423 3136 654 3190 haeretici,
686 3138 905 3179 simoniaci
935 3142 977 3181 et
1008 3138 1214 3193 neophyti
1245 3138 1298 3180 ab
1329 3139 1503 3182 ecclesia
1533 3144 1631 3182 sunt
1661 3141 1864 3195 separati,
1891 3141 1986 3195 quis
2006 3153 2092 3182 non
2122 3132 2238 3182 videt
2268 3140 2387 3195 quod
2416 3141 2562 3183 huius-

296 3207 417 3248 modi
447 3208 717 3250 sacerdotum
747 3209 897 3251 missae
928 3213 972 3251 et
994 3210 1206 3251 orationes
1235 3210 1372 3252 Deum
1403 3210 1458 3254 ad
1479 3211 1741 3254 iracundiam
1762 3225 1888 3267 super
1921 3213 2127 3268 populum
2150 3217 2407 3267 provocent,
2433 3226 2560 3267 quem

296 3277 454 3319 talibus
484 3278 642 3332 placari
672 3278 982 3326 credebamus?
1012 3279 1223 3334 Scriptum
1254 3281 1363 3323 enim
1395 3286 1486 3335 est,
1514 3283 1606 3324 veri
1635 3283 1828 3325 sacrificii
1857 3283 1999 3325 locum
2029 3289 2144 3326 extra
2167 3284 2382 3326 ecclesiam
2412 3283 2563 3325 catho-

295 3347 421 3389 licam
452 3361 538 3391 non
570 3361 684 3401 esse3
718 3362 865 3391 omnes
897 3355 1037 3392 autem
1067 3350 1296 3393 vendentes
1327 3355 1369 3393 et
1399 3357 1582 3395 ementes
1620 3358 1855 3396 trecentum
1892 3359 1935 3397 et
1972 3355 2112 3397 decem
2144 3359 2186 3396 et
2217 3359 2315 3397 octo
2346 3359 2486 3409 patres
2517 3354 2562 3395 in

298 3419 476 3460 nicaeno
508 3420 690 3461 concilio
721 3422 966 3475 congregati
996 3434 1094 3464 ense
1125 3423 1381 3465 execrandae
1411 3423 1714 3466 maledictionis
1742 3424 1983 3479 iugulavere
2003 3425 2211 3468 dicentes:
2238 3426 2311 3480 qui
2334 3426 2407 3467 dat
2427 3430 2469 3466 et
2490 3437 2562 3466 re-

295 3489 430 3543 cipit,
467 3490 689 3532 anathema
727 3491 807 3544 sit;
847 3503 957 3546 quae
995 3493 1447 3536 excommunicaliones
1481 3507 1553 3536 seu
1591 3495 1907 3538 maledictiones
1940 3496 2019 3538 sub
2049 3497 2185 3552 specie
2222 3508 2367 3538 corum
2399 3496 2472 3549 qui
2501 3496 2561 3536 si-

302 3559 392 3600 mili
415 3559 590 3602 crimine
621 3561 886 3615 temporibus
914 3562 1174 3605 Hieroboam
1203 3563 1437 3618 implebant
1464 3576 1613 3607 manus
1642 3578 1760 3617 suas,
1792 3570 1836 3607 et
1863 3565 2023 3608 fiebant
2052 3566 2291 3613 sacerdotes
2320 3565 2530 3607 idolorum
2547 3598 2561 3619 ‚

300 3630 509 3672 Dominus
547 3632 900 3676 anathematizans
937 3633 1069 3675 dixit:
1112 3636 1345 3675 maledicam
1384 3636 1710 3677 benedictionibus
1737 3641 1890 3678 vestris.
1925 3639 1979 3680 Et
2006 3638 2134 3680 item:
2168 3638 2404 3678 haereticum
2433 3637 2562 3676 laomi-

243 3727 245 3729 -
297 3715 387 3742 nem
415 3707 502 3754 post
534 3704 711 3755 primam
751 3709 788 3745 ec
826 3706 1035 3746 secundam
1070 3709 1350 3758 eorreptionem
1385 3707 1530 3747 devita.
1571 3705 1752 3759 Quando
1792 3718 1894 3761 ergo
1935 3709 2037 3750 tales
2076 3708 2298 3762 episcopos
2337 3706 2401 3763 vel
2431 3706 2566 3747 abba-

300 3776 366 3813 tes
394 3773 460 3814 vel
492 3773 680 3828 reliquos
712 3774 886 3817 clericos
916 3788 1004 3818 non
1035 3775 1293 3831 devitamus,
1325 3775 1401 3818 sed
1430 3789 1580 3820 eorum
1608 3778 1753 3819 missas
1788 3777 2009 3833 audimus,
2044 3779 2111 3820 vel
2145 3790 2241 3820 cum
2273 3777 2331 3818 eis
2365 3788 2562 3826 oramus,

301 3844 497 3886 cumillis
527 3847 1005 3891 excommunicationem
1035 3847 1251 3892 subimus:
1287 3860 1396 3905 quos
1426 3847 1599 3905 quidem
1628 3848 1870 3892 sacerdotes
1902 3862 1990 3893 esse
2021 3849 2168 3894 saltem
2199 3848 2369 3891 credere
2393 3847 2567 3889 omnino

2598 2509 2667 2539 cod.
2685 2509 2708 2539 f.
2728 2512 2791 2539 123.
