2944 4426
247 1526 282 1569 Α·
256 1504 419 1569 ‘ft-:zm

158 1576 234 1607 Pelt.
254 1576 307 1606 lat.
322 1583 353 1613 p.
373 1579 417 1603 θα.

335 2505 365 2526 v.
387 2501 430 2526 10.

262 2533 297 2562 A.
315 2533 335 2561 f.
355 2537 383 2562 7.
402 2540 429 2561 a.

188 2567 263 2597 Pelt.
275 2569 326 2598 lat.
341 2576 371 2605 p.
385 2572 430 2597 49.

396 3768 449 3827 3·

453 243 518 287 '76
1431 252 1469 285 s.
1508 254 1746 286 mppotvrr

446 340 558 386 θνητῷ
582 340 642 374 τῶν
673 336 853 387 ἀνθρώπων
880 337 1029 385 σώματι,
1047 336 1158 385 ἱιέἰτιίειξ
1187 339 1250 387 μὲν
1275 337 1332 375 ἐπὶ
1359 342 1418 374 τοῦ
1443 353 1549 375 κατα-

448 403 615 448 κλυσμοῦ·
637 400 784 448 δεύτερον
807 399 863 434 ἐπὶ
886 402 946 434 τῶν
969 402 1172 447 Σοδομιτῶν,
1198 402 1248 448 μή
1269 400 1466 448 ἕνεγκοίντων
1487 403 1546 441 τήν

449 460 602 510 εὐφορίαν
637 463 698 502 τῆς
731 462 814 507 γῆς,
846 459 939 495 ἀλλὰ
971 461 1029 496 καὶ
1064 461 1143 503 τούς
1178 461 1290 505 ξένους
1325 461 1545 509 βιασαμένων·

450 523 558 572 τρίτον
585 522 640 557 ἐπὶ
667 524 726 563 τῆς
752 523 902 569 μισητῆς
935 521 1109 569 Αἰγύπτου
1144 524 1202 564 τῆς
1235 521 1414 570 λαχούσης
1444 522 1548 572 ἄνδρα

451 584 506 619 το“ν
534 583 681 629 Ἰωσήφ,
714 585 976 631 σιτομετροῦντα
1006 586 1132 627 πᾶσιν,
1170 583 1225 619 ἵνα
1254 584 1304 630 μή
1337 583 1546 632 διαφθαρῶσι

451 648 546 692 λιμῷ·
571 644 646 680 ἀλλ’
672 643 730 680 οὐκ
756 644 874 692 ἤνεγκε
901 645 959 683 τήν
985 644 1159 693 εὐτυχίαν,
1181 644 1230 687 εἷς
1256 647 1333 687 τούς
1359 646 1452 686 υἱούς
1478 645 1547 680 Ἰσ-

451 708 540 756 ραήλ
563 706 789 755 ἕξυβξίσασα·
815 707 940 748 οἶκέ“τις
966 709 999 742 δὲ
1027 706 1225 750 ἐκβαλοῦσα
1249 709 1308 746 τήν
1342 708 1464 748 ἑαυτῆς
1498 707 1548 741 δέ·

452 781 609 811 σποιναν,
634 768 655 806 ἡ
682 767 720 811 ἐξ
750 767 851 803 ἐθνῶν
877 767 1064 811 ἐκκλησία,
1090 768 1112 807 ἦ
1138 769 1239 807 δούλη
1266 766 1355 804 οὖσα
1379 769 1436 803 καὶ
1472 767 1547 811 ξένη

452 834 511 864 τῶν
538 829 766 877 ἐπαγγελιῶν,
791 830 849 869 τήν
876 829 1028 877 εὖγενίδα
1053 830 1109 865 καὶ
1137 831 1250 877 κυρίαν
1270 830 1472 876 συναγωγήν
1498 828 1550 863 ἐκ·

452 890 629 934 βαλοῦσα,
662 891 781 939 γέγονε
815 890 911 940 κυρία
944 892 1004 926 καὶ
1036 891 1146 939 νύμφη
1181 890 1454 939 Χριστοῦ.·-·Διοὶ
1485 903 1550 925 πα-

453 953 552 999 τρὸς,
579 954 638 988 καί
671 953 763 995 υἱοῦ,
797 953 853 988 καὶ
887 953 986 1000 ἁγίου
1021 953 1211 1000 πνεύματος
1245 952 1371 988 σείεται
1407 954 1504 987 πᾶσα
1528 952 1550 990 η’

409 1050 412 1056 ,
453 1016 509 1060 γῆ·
534 1014 571 1049 τὸ
598 1014 754 1060 τέταρτον
776 1014 812 1049 οὐ
835 1014 969 1049 δυ’ναται
992 1014 1109 1060 φέρειν·
1129 1010 1304 1060 ἦλθεγοὶξ
1326 1013 1362 1047 τὸ
1384 1013 1446 1059 μέν
1466 1013 1551 1057 πρῶ·

454 1089 508 1110 τον
533 1075 589 1110 δια
613 1074 913 1121 νομοδιδασκοίλων’
946 1074 1093 1122 δεύτερον
1124 1074 1159 1108 δὲ
1185 1074 1242 1108 διαὶ
1272 1075 1454 1121 προφητῶν·
1483 1071 1550 1120 τρί-

454 1150 508 1171 τον
542 1137 597 1171 διοὶ
629 1139 689 1170 τοῦ
719 1135 919 1183 εὐαγγελίου
951 1135 1068 1170 ἑαυτὸν
1102 1136 1246 1182 φανερῶς
1280 1132 1471 1174 ἐπιδεικνύς·
1499 1133 1552 1167 τέ-

454 1211 572 1245 ταρτον
599 1198 710 1244 κριτής
736 1197 858 1244 ζώντων
885 1196 941 1231 καὶ
976 1198 1090 1243 νεκρῶν
1122 1195 1313 1242 ἐρχόμενος·
1342 1193 1381 1229 οὗ
1414 1195 1472 1233 τήν
1500 1194 1551 1230 δό-

455 1260 516 1302 ξαν
543 1258 713 1306 σύμπασα
737 1257 846 1297 κτίσις
873 1256 910 1291 οὐ
936 1258 985 1304 μή
1011 1255 1183 1303 βαστάξῃ.

1621 338 1690 375 vile
1714 343 1791 384 est,
1818 338 1984 386 regnavit
2010 339 2052 376 in
2067 348 2218 387 corpore
2242 339 2440 377 hominnm
2467 341 2642 388 mortali,
2659 353 2718 381 se·

1622 397 1696 434 mel
1730 397 1879 446 quidem
1911 397 2040 435 diluvii
2075 403 2266 447 tempore:
2302 399 2438 437 iterum
2471 399 2570 448 apud
2602 401 2716 440 sodo-

1623 456 1731 494 mitas
1759 457 1823 504 qui
1844 462 1962 494 terrae
1979 456 2165 495 fertilitate
2189 468 2266 495 non
2296 458 2483 504 contenti,
2511 459 2720 507 hospitibus

1621 525 1767 562 quoque
1794 515 1868 552 vim
1899 515 2106 553 faciebant:
2137 517 2245 554 tertio
2267 515 2427 564 denique
2450 518 2492 554 in
2517 528 2622 556 exosa
2649 522 2719 556 Ae·

1622 577 1733 619 gypto
1749 600 1759 616 ,
1795 583 1889 620 quae
1921 579 2028 611 nacta
2059 575 2178 625 virum
2207 574 2426 622 Iosephum‚
2468 577 2613 613 cunctis
2641 578 2718 614 'tri-

1623 630 1740 666 ticum
1766 629 2048 670 distribuentem
2074 643 2123 670 ne
2145 632 2243 671 fame
2267 633 2448 681 perirent,
2465 644 2542 670 non
2560 634 2648 671 tulit
2664 645 2720 672 sa-

1623 688 1765 735 pienter
1792 688 2006 734 felicitatem
2021 701 2127 728 suam
2141 720 2153 738 ‚
2178 692 2275 730 filios
2297 692 2471 730 Israhelis
2492 693 2628 730 iniuria
2655 693 2720 730 ad-

1623 746 1763 782 ficiens.
1787 747 1934 784 Ancilla
1956 759 2040 786 vero
2065 750 2250 798 expellens
2270 750 2482 797 dominam,
2507 751 2661 789 ecclesia
2679 763 2722 789 ex

1625 804 1797 850 gentibus
1813 810 1887 850 est,
1904 817 1998 853 quae
2014 808 2152 846 ancilla
2177 820 2263 847 cum
2280 815 2375 848 esset
2393 815 2430 847 et
2452 816 2622 849 extranea
2640 821 2724 858 pro-

1626 863 1890 909 missionibus,
1917 864 2081 902 nobilem
2115 866 2366 906 et-dominam
2394 879 2617 917 synagogam
2654 869 2729 906 eii··

1624 922 1746 966 ciens,
1774 922 1869 959 facta
1886 928 1942 960 est
1967 922 2118 961 domina
2140 929 2178 962 et
2203 935 2338 972 sponsa
2362 927 2596 965 Christi.—A
2615 930 2723 965 Patre

1626 986 1663 1017 et
1684 981 1779 1018 Filio
1803 987 1840 1018 et
1867 987 1994 1018 sancto
2021 982 2164 1029 Spiritu
2187 989 2285 1025 tetra
2308 984 2478 1022 universa
2499 988 2723 1024 concutitur.

1625 1041 1806 1087 Quartum
1831 1041 1926 1078 ferre
1949 1051 2025 1078 nou
2047 1047 2181 1089 potest.
2206 1043 2318 1080 Venit
2342 1043 2461 1090 primo
2483 1034 2549 1092 ¹per
2575 1046 2725 1093 legisla-

1625 1103 1744 1136 tores:
1765 1099 1928 1136 seeundo
1953 1100 2254 1148 pei-prophetas:
2274 1101 2386 1139 tertio
2406 1113 2470 1149 per
2491 1104 2722 1150 evangelium

1626 1158 1703 1204 ipse
1727 1164 1842 1195 semet
1869 1159 1990 1206 palam
2015 1159 2226 1197 ostendens.
2261 1161 2402 1207 Quarto
2429 1160 2538 1198 iudex
2562 1161 2726 1198 vivorum

1626 1222 1663 1251 et
1685 1222 1914 1260 mortuorum
1942 1212 2083 1261 veniet,
2112 1218 2217 1255 cuius
2242 1218 2399 1266 gloriam
2428 1220 2599 1257 universa
2623 1230 2728 1257 crea-

1631 1286 1710 1311 ,πει
1741 1275 1836 1312 ferre
1865 1286 1941 1312 non
1970 1277 2116 1325 poterit.

917 1357 998 1402 ΕΚ
1032 1355 1156 1403 ΤΩΝ
1192 1355 1605 1403 ΑΠΟΛΙΝΑΡΙΟΥ
1641 1359 1738 1404 ΕΙΣ
1768 1359 1883 1404 ΤΑΣ
1915 1359 2264 1406 ΠΑΡΟΙΜΙΑΣ,

462 1464 835 1556 ΑΠΟΛΙΝΑΡΙΟΥ.
868 1503 970 1561 Τοὺς
1000 1525 1074 1568 μεν
1105 1506 1232 1561 ἀδεεις
1263 1526 1358 1572 φησι
1391 1527 1457 1554 και
1490 1527 1559 1558 την

461 1576 630 1629 διάνοιαν
654 1575 950 1649 ἀπροληπτους,
970 1573 1173 1643 φρονίμους
1191 1574 1378 1628 ποιήσειε·
1398 1579 1467 1624 νῦν
1484 1574 1562 1642 γὰρ

401 1657 404 1659 ’
460 1647 531 1702 τῆν
566 1669 753 1738 φρονησιν
784 1665 1022 1715 πανουργιαν
1062 1644 1253 1711 ὀνομάζει·
1292 1644 1381 1702 τοὺς
1417 1644 1460 1695 δε
1497 1646 1557 1699 ἔτι

461 1717 569 1777 νέους
590 1742 658 1769 και
691 1716 755 1769 ὂια
785 1741 899 1770 τουτο
929 1714 1173 1773 παιδευσεως
1203 1715 1452 1784 χρῃζοντας,
1486 1739 1560 1767 σο-

461 1813 555 1858 φους
590 1786 882 1842 καταστῆσειεν
903 1827 918 1848 .,
956 1788 977 1837 ὅ
1014 1785 1138 1853 ταύτῃ
1175 1791 1226 1853 τῇ
1259 1786 1391 1851 βιβλω
1426 1809 1559 1854 apoc-

464 1860 565 1926 ἔχων
600 1881 667 1912 τον
704 1865 790 1910 νοῦν
825 1863 924 1908 καθ’
955 1882 974 1908 o
1008 1861 1080 1908 δεῖ
1119 1854 1187 1907 διὰ
1220 1855 1297 1925 γὰρ
1338 1862 1454 1909 τοῦτο
1489 1880 1560 1912 την

463 1932 664 1983 αἴσθησιν
694 1954 766 2000 προ
798 1934 869 1985 τῆς
901 1927 1051 1985 ἐννοιας
1083 1926 1248 1989 ἔταξεν,
1290 1949 1355 1977 ινα
1390 1951 1458 1977 και
1493 1950 1561 1979 τον

412 2049 423 2058 „
464 1998 742 2089 ἆρμοόιωτερον
774 1998 911 2068 τρόπον
935 1997 1117 2063 ὑποδειξῃ
1149 2001 1223 2052 τῆς
1262 2002 1335 2048 τῶν
1372 1997 1466 2047 νέων
1498 2002 1562 2048 δι-

467 2069 715 2160 δασκαλιας·
750 2073 811 2121 οτι
841 2093 912 2138 περ
948 2067 1027 2121 οἷπο
1064 2090 1139 2119 των
1170 2071 1378 2121 αἰσθητῶν
1416 2066 1481 2120 ἐπι
1511 2092 1565 2119 τα

467 2140 587 2195 νοητὰ
623 2162 696 2195 την
733 2140 904 2193 διάνοιαν
941 2137 1229 2205 ἀναχθέντες,
1262 2138 1419 2190 ἔσονται
1455 2162 1562 2208 corpo:

468 2233 545 2262 και
569 2210 695 2264 αὐτοί·
730 2214 820 2262 ἀλλ’
851 2209 1058 2277 ἓπειόηπερ
1087 2207 1242 2258 ἀκάκων
1273 2231 1337 2258 και
1369 2208 1464 2259 νέων
1497 2213 1565 2275 ἐμ-

469 2280 634 2343 vno-fin,
663 2286 732 2332 ἰ’να
764 2305 819 2347 μη
850 2280 963 2367 παρὰ
992 2302 1067 2333 των
1099 2280 1139 2328 ἓν
1171 2282 1280 2345 ἀκμῇ
1310 2284 1379 2331 τοῦ
1409 2302 1452 2330 τε
1477 2302 1566 2370 φρο-

471 2356 551 2401 νέῖν
583 2351 650 2402 καὶ
681 2357 753 2408 τῆς
784 2349 942 2407 ἧλικιας
971 2353 1279 2434 καταφρονηθῇ,
1311 2350 1358 2406 ὦς
1383 2349 1476 2400 νέων
1502 2350 1566 2408 ἐςι

470 2442 540 2472 και
570 2444 778 2489 μειρακιων
808 2418 1078 2488 παιδευτηριον
1107 2423 1178 2474 ἥδε
1208 2444 1234 2473 η
1270 2417 1428 2482 βίβλος.

544 2492 770 2549 Παιόευτης
816 2516 834 2541 ο
879 2489 1177 2557 σαροιμιαστῆς
1199 2528 1212 2551 ‚
1254 2513 1323 2539 και
1375 2495 1447 2547 τῆς
1491 2512 1568 2542 των

473 2560 570 2612 νέων
607 2561 898 2628 στοχαζὸμενος
935 2565 1084 2620 ἕξεως,
1123 2564 1163 2609 ἐν
1199 2559 1453 2626 ἀπαγορεύσει
1497 2584 1567 2617 της

474 2654 698 2701 μιαιφονιας
722 2671 736 2695 ,
770 2635 814 2682 ου’
845 2631 1017 2718 πρότερα
1048 2630 1187 2683 uem:
1223 2628 1277 2679 τᾶ
1307 2633 1493 2683 δοκοῦντα
1530 2634 1571 2688 ἐξ

476 2706 601 2759 αὐτης
629 2702 905 2791 περιγίνεσθαι
940 2701 1084 2770 κερόη,
1116 2702 1167 2757 ὦς
1204 2698 1251 2749 ἂν
1286 2724 1343 2765 μη
1374 2699 1484 2768 >laen
1523 2705 1571 2752 δι’

481 2771 532 2822 ὡν
565 2772 773 2862 ἀποτρέπει
805 2794 872 2823 τον
903 2771 1037 2841 φόνον,
1063 2776 1215 2838 μᾶλλον
1246 2771 1570 2839 προτρεπόμενος·

478 2841 586 2892 ἀλλα
614 2843 743 2896 πολλα
773 2865 825 2895 τα
856 2844 899 2893 ἐκ
929 2846 1049 2908 ψιλῆς
1081 2846 1148 2898 τῆς
1178 2863 1438 2931 προσηγοριας
1469 2845 1573 2894 ἀπο-

478 2910 677 2981 τρέποντα
708 2934 776 2966 τον
808 2917 874 2963 ὀικο
877 2935 996 2965 υοντα
1026 2910 1206 2980 προθεις,
1240 2911 1313 2977 οψέ
1347 2935 1440 2964 ποτε
1474 2912 1573 2965 ἐπά-

477 3005 538 3048 γει
569 3007 624 3035 τα
651 2983 729 3035 ἀπο
763 2988 838 3035 τῶν
871 3006 1050 3034 τοιουτων
1082 3006 1165 3038 τοις
1197 3005 1381 3038 τοιουτοις
1412 3005 1574 3052 περιγε-

480 3053 628 3118 νόμενα
648 3052 775 3122 κε’ρόη·
800 3078 855 3119 μη
877 3053 1059 3120 ὑπέσχῃς
1089 3052 1155 3104 οῧν
1179 3073 1252 3106 την
1279 3051 1396 3105 ἀκοην
1420 3056 1575 3115 ἀσεβῶν

483 3124 740 3190 ὂιόαγμασιν·
777 3145 969 3176 σκοπησον
1000 3146 1076 3191 γαρ
1092 3143 1301 3212 προτερον
1325 3125 1382 3210 ἐφ
1411 3126 1499 3173 οιαν
1530 3146 1576 3175 σε

484 3215 683 3244 κοινωνιαν
707 3193 1012 3263 προτρέπονται,
1036 3216 1103 3244 και
1131 3214 1244 3245 τινων
1277 3192 1443 3260 ἐργάτην
1465 3194 1578 3259 γενέ-

486 3270 589 3313 σθαι
599 3269 933 3351 ,Ιπαρακαλθυσῑγ
972 3287 1017 3314 GU
1049 3263 1124 3332 γὰρ
1156 3263 1218 3315 ἐπ(
1251 3285 1411 3331 πῦρεῑαν
1440 3284 1579 3317 Ονησι-

486 3354 557 3395 μον
588 3332 774 3399 ἄγουσιν,
800 3337 865 3383 οὖν
895 3337 954 3386 ἐπ’
980 3333 1170 3402 ἐργασίαν
1194 3332 1405 3421 ἐλευθέροις
1430 3356 1579 3401 προση-

489 3424 656 3463 κουσαν,
690 3407 779 3454 ἀλλ’
813 3404 972 3468 ἔκχυσιν
1004 3427 1177 3467 αιματος
1198 3442 1212 3465 ,
1243 3426 1311 3452 και
1345 3427 1481 3456 τουτου
1518 3408 1581 3455 δι-

396 3510 419 3522 ,,
486 3494 624 3532 καιου,
650 3476 716 3565 0132«2
746 3472 918 3541 ἀφορμήν
950 3473 1186 3536 δεδωκοτος,
1210 3477 1252 3523 οὐ
1286 3471 1412 3531 λυπης
1444 3472 1582 3525 αιτῖαν

488 3540 783 3631 παρεσχηκότος
805 3583 818 3601 .,
856 3567 903 3598 ως
933 3543 1000 3593 καὶ
1036 3544 1148 3595 αὐτοι
1185 3548 1488 3611 συνομολογουσι
1517 3568 1585 3595 και

491 3611 686 3680 λέγουσιν·
721 3612 819 3662 ἐλθὲ
851 3614 938 3676 μεθ’
972 3636 1106 3678 τιμων,
1131 3635 1358 3668 κοινωνησον
1388 3637 1584 3679 αιματος,

490 3683 692 3750 κρύψωμεν
723 3685 776 3739 εἰς
808 3687 881 3749 γῆν
912 3682 1036 3750 ανδρα
1071 3683 1235 3734 δίκαιον

557 3756 681 3806 εὨΟὟΕ
725 3775 780 3818 μῚ]
823 3774 1013 3820 προφασιν
1057 3753 1162 3819 ,ἔχειν
1209 3776 1276 3805 τον
1330 3776 1486 3824 Οκνηρθν
1531 3778 1588 3812 Εἰς

496 3822 706 3875 ἀσθένειαν
749 3821 1008 3892 καταφεύγειν
1029 3861 1043 3885 ,
1080 3821 1282 3892 παρελαβε
1325 3829 1418 3890 ζῷον
1454 3826 1588 3876 ἀσθε-

1629 1459 1988 1554 APoLmNAms.
2006 1511 2230 1566 Incantos,
2247 1511 2408 1566 inquit,
2429 1513 2472 1554 et
2487 1510 2724 1567 improvida

1629 1584 1768 1623 mente
1785 1581 1979 1625 homines
1994 1581 2121 1624 faciet
2138 1581 2389 1639 prudentes:
2411 1593 2595 1637 namque
2612 1585 2727 1624 astu-

1627 1651 1732 1694 tiam
1741 1650 1938 1695 hocloco
1952 1651 2057 1695 dicit
2069 1664 2150 1708 pro
2163 1652 2402 1708 prudentia.
2418 1652 2574 1696 Adhuc
2584 1657 2727 1697 autem
2759 1657 2763 1661 ⁴

1627 1720 1985 1778 adolescentulos,·
2013 1722 2200 1779 ideoque
2228 1722 2495 1766 institutione
2523 1727 2694 1778 egentes
2711 1755 2723 1778 ‚

1629 1793 1833 1848 sapientes
1847 1792 1997 1838 reddet
2012 1826 2024 1848 ,
2047 1794 2083 1836 si
2103 1794 2199 1849 quis
2220 1793 2322 1836 huic
2341 1793 2454 1836 libro
2475 1797 2661 1837 mentem
2677 1799 2727 1837 ut

1629 1874 1706 1917 par
1735 1866 1799 1906 est
1819 1863 2028 1906 intendet.
2048 1862 2154 1906 Ideo
2177 1863 2289 1906 enim
2307 1874 2478 1906 sensum
2496 1862 2726 1917 cogitatio-

1630 1933 1675 1975 ni
1688 1935 1907 1989 praemisit
1922 1965 1935 1988 ,
1949 1939 1999 1976 ut
2017 1934 2403 1977 convenientiorem
2423 1933 2567 1976 locum
2584 1938 2727 1977 osten-

1632 2004 1752 2048 deret
1782 2005 2198 2050 adolescentulorum
2229 2005 2534 2048 institutionis:
2572 2007 2670 2061 quia
2703 2019 2729 2049 a

1632 2076 1855 2120 sensilibus
1883 2076 1937 2120 ad
1965 2077 2263 2120 intellectualia
2282 2080 2466 2120 mentem
2490 2077 2730 2132 provehen-

1632 2151 1717 2202 tes,
1737 2148 1821 2204 ipsi
1840 2142 2015 2204 quoque
2045 2148 2151 2191 fient
2178 2150 2402 2204 sapientes.
2426 2147 2508 2191 Sed
2536 2148 2639 2204 quia
2658 2149 2728 2191 in-

1634 2219 1881 2261 nocentium
1910 2223 1954 2261 et
1975 2217 2308 2260 adolescentium
2329 2217 2428 2260 fecit
2447 2219 2725 2273 mentionem,

1635 2292 1758 2332 cavet
1785 2301 1840 2332 ne
1861 2287 1915 2331 ab
1935 2289 2008 2342 iis,
2032 2288 2169 2342 quiin
2197 2286 2449 2343 prudentiae
2471 2291 2597 2342 atque
2617 2292 2731 2330 aeta-

1634 2360 1689 2402 tis
1716 2359 1823 2402 flore
1852 2364 1951 2402 sunt
1966 2389 1979 2411 ,
2009 2359 2115 2401 liber
2135 2358 2204 2401 hic
2234 2362 2484 2413 spernatur,
2510 2362 2728 2414 tamquam

1635 2429 1963 2473 adolescentium
1992 2442 2041 2472 ac
2070 2441 2304 2485 puerorum
2338 2428 2640 2482 magisterium.
2669 2461 2671 2463 .

1695 2503 1932 2544 Puerorum
1947 2501 2172 2557 institutor
2185 2531 2197 2554 ‚
2222 2499 2294 2541 hic
2310 2497 2637 2554 proverbiorum
2657 2510 2734 2541 au-
2786 2505 2791 2508 '

1639 2576 1733 2615 ctor
1745 2571 1761 2626 ,⁴
1780 2577 1823 2615 et
1841 2571 2170 2614 adolescentium
2190 2569 2382 2613 divinans
2402 2568 2612 2623 indolem,
2631 2568 2733 2611 dum

1639 2656 1666 2686 a
1681 2643 1806 2686 caede
1823 2643 2033 2696 deterret,
2047 2641 2162 2685 haud
2178 2642 2313 2697 prima
2330 2641 2473 2683 statim
2487 2640 2612 2696 ponit
2627 2652 2736 2695 quae

1638 2715 1756 2758 illinc
1774 2714 1974 2757 videntur
1993 2712 2172 2756 confieri
2186 2713 2307 2755 lucra
2314 2742 2331 2767 o
2347 2724 2402 2754 ne
2419 2711 2613 2764 incautus
2633 2710 2735 2754 dum

1642 2785 1894 2829 dehortatur
1909 2818 1923 2840 ‚
1956 2784 2012 2828 ad
2041 2783 2215 2827 caedem
2244 2784 2388 2839 potius
2417 2782 2627 2838 impellat:
2661 2781 2736 2825 sed

1641 2857 1786 2900 multis
1804 2856 2039 2912 praemissis
2054 2867 2161 2910 quae
2178 2853 2248 2896 vel
2262 2853 2356 2896 solo
2375 2853 2547 2896 nomine
2568 2852 2738 2896 audien-

1642 2932 1727 2971 tem
1753 2927 1965 2971 deterrere
1986 2929 2169 2982 possunt
2186 2956 2199 2979 ,
2223 2937 2318 2967 sero
2349 2924 2521 2967 demum
2541 2922 2661 2966 addit
2690 2935 2739 2966 ea

1644 3011 1752 3055 quae
1779 2996 1987 3053 improbis
2015 2996 2069 3039 ab
2105 2995 2313 3038 eiusmodi
2343 2993 2588 3038 criminibus
2619 2993 2738 3037 lucra

1644 3069 1866 3114 accedunt.
1887 3069 1949 3111 Ne
1965 3066 2170 3123 praebeas
2188 3067 2330 3121 itaque
2349 3077 2496 3108 aurem
2508 3064 2740 3120 impiorum

1645 3141 1886 3198 magisterio
1903 3154 1914 3182 ι
1937 3141 2067 3182 immo
2085 3140 2130 3181 iu
2145 3139 2292 3194 primis
2311 3136 2501 3193 expende
2518 3135 2572 3179 ad
2588 3147 2740 3191 quam-

1646 3215 1818 3255 nam'te
1856 3209 2121 3253 sodalitatem
2154 3209 2334 3252 invitent
2351 3237 2365 3262 ‚
2397 3211 2442 3249 et
2477 3218 2585 3261 quae
2621 3217 2746 3261 agere

1648 3286 1892 3338 suggerant.
1910 3282 2007 3324 Non
2027 3281 2140 3323 enim
2163 3279 2219 3322 ad
2238 3279 2387 3321 utilem
2408 3278 2517 3323 vitae
2534 3278 2742 3320 rationem

1648 3355 1848 3408 trahunt,
1873 3365 1950 3396 nec
1973 3352 2028 3395 ad
2057 3365 2166 3407 opus
2192 3351 2338 3395 liberis
2367 3349 2621 3402 hominibus
2643 3346 2741 3401 dig-

1650 3438 1775 3480 num,
1795 3424 1871 3467 sed
1891 3423 1946 3467 ad
1963 3425 2179 3480 sanguinis
2201 3422 2450 3466 effusionem
2463 3451 2475 3475 ,
2500 3424 2543 3462 et
2569 3415 2742 3473 quidem

1651 3497 1775 3551 iusti,
1796 3508 1875 3555 nec
1896 3496 2159 3538 occasionem
2179 3487 2641 3547 facinori‘praehentis,
2662 3499 2742 3529 nec

1653 3567 1891 3611 molestiam
1906 3566 2029 3609 alicui
2047 3565 2241 3619 creantis3
2258 3567 2362 3606 utet
2375 3561 2455 3618 ipsi
2469 3557 2743 3610 confitentur,

1656 3639 1759 3682 dum
1775 3639 1909 3681 aiunt:
1932 3637 2030 3679 veni
2049 3635 2287 3689 nobiscum3
2310 3632 2518 3689 particeps
2539 3632 2629 3670 esto
2648 3639 2746 3670 san-

1656 3710 1817 3764 guinis3
1840 3709 2073 3751 obruamus
2092 3706 2172 3749 sub
2201 3709 2314 3747 terra
2334 3701 2551 3745 hominem
2566 3700 2739 3741 iustum.

1716 3781 1778 3823 Ne
1797 3779 1921 3835 piger
1946 3781 2205 3835 praetextum
2234 3771 2433 3816 obtendat
2459 3769 2745 3813 infirmitatem

1659 3861 1778 3893 suam
1792 3881 1804 3903 ,
1836 3848 1964 3891 sumit
1992 3845 2228 3901 exemplum
2257 3843 2309 3886 de
2337 3840 2508 3884 infirmo
2546 3840 2715 3883 animali
2730 3871 2745 3894 ‚
