<?xml version="1.0" encoding="UTF-8"?>
<!DOCTYPE html PUBLIC "-//W3C//DTD XHTML 1.0 Transitional//EN"
    "http://www.w3.org/TR/xhtml1/DTD/xhtml1-transitional.dtd">
<html xmlns="http://www.w3.org/1999/xhtml" xml:lang="en" lang="en">
 <head>
  <title>
</title>
<meta http-equiv="Content-Type" content="text/html;charset=utf-8" />
  <meta name='ocr-system' content='tesseract 3.04.00' />
  <meta name='ocr-capabilities' content='ocr_page ocr_carea ocr_par ocr_line ocrx_word'/>
</head>
<body>
  <div class='ocr_page' id='page_1' title='image "./novaepatrumbibli07maiauoft/novaepatrumbibli07maiauoft_0841.png"; bbox 0 0 2996 4432; ppageno 0'>
   <div class='ocr_carea' id='block_1_1' title="bbox 1006 247 2534 294">
    <p class='ocr_par' dir='ltr' id='par_1_1' title="bbox 1006 247 2534 294">
     <span class='ocr_line' id='line_1_1' title="bbox 1006 247 2534 294; baseline 0.003 -4"><span class='ocrx_word' id='word_1_1' title='bbox 1006 257 1175 290; x_wconf 61' lang='lat' dir='ltr'><strong>com-sa</strong></span> <span class='ocrx_word' id='word_1_2' title='bbox 1209 255 1448 289; x_wconf 60' lang='lat' dir='ltr'><strong>mvnsosss</strong></span> <span class='ocrx_word' id='word_1_3' title='bbox 1482 256 1576 288; x_wconf 71' lang='lat' dir='ltr'><strong>erc.</strong></span> <span class='ocrx_word' id='word_1_4' title='bbox 1614 259 1700 290; x_wconf 80' lang='lat' dir='ltr'><strong>un.</strong></span> <span class='ocrx_word' id='word_1_5' title='bbox 1739 259 1790 290; x_wconf 86' lang='lat'><strong>11.</strong></span> <span class='ocrx_word' id='word_1_6' title='bbox 2470 247 2534 294; x_wconf 79' lang='lat'><strong>89</strong></span> 
     </span>
    </p>
   </div>
   <div class='ocr_carea' id='block_1_2' title="bbox 219 337 2764 3455">
    <p class='ocr_par' dir='ltr' id='par_1_2' title="bbox 238 337 2538 1043">
     <span class='ocr_line' id='line_1_2' title="bbox 238 337 2538 402; baseline -0 -11"><span class='ocrx_word' id='word_1_7' title='bbox 238 399 242 402; x_wconf 13' lang='grc' dir='ltr'><strong><em>Δ</em></strong></span> <span class='ocrx_word' id='word_1_8' title='bbox 273 347 497 402; x_wconf 76' lang='lat' dir='ltr'><strong>sacrilegae</strong></span> <span class='ocrx_word' id='word_1_9' title='bbox 523 343 831 389; x_wconf 83' lang='lat' dir='ltr'><strong>communionis</strong></span> <span class='ocrx_word' id='word_1_10' title='bbox 859 343 1170 386; x_wconf 79' lang='lat' dir='ltr'>execrationem</span> <span class='ocrx_word' id='word_1_11' title='bbox 1196 342 1452 398; x_wconf 88' lang='lat' dir='ltr'><strong>perciperet;</strong></span> <span class='ocrx_word' id='word_1_12' title='bbox 1476 346 1525 384; x_wconf 87' lang='lat' dir='ltr'><strong>ut</strong></span> <span class='ocrx_word' id='word_1_13' title='bbox 1550 337 1631 398; x_wconf 65' lang='lat' dir='ltr'><strong>&#39;per</strong></span> <span class='ocrx_word' id='word_1_14' title='bbox 1658 344 1742 386; x_wconf 91' lang='lat' dir='ltr'><strong>hoc</strong></span> <span class='ocrx_word' id='word_1_15' title='bbox 1768 342 1821 387; x_wconf 90' lang='lat' dir='ltr'><strong>de</strong></span> <span class='ocrx_word' id='word_1_16' title='bbox 1848 356 2012 387; x_wconf 88' lang='lat' dir='ltr'><strong>carcerc</strong></span> <span class='ocrx_word' id='word_1_17' title='bbox 2033 357 2082 388; x_wconf 90' lang='lat' dir='ltr'><strong>ac</strong></span> <span class='ocrx_word' id='word_1_18' title='bbox 2105 345 2287 388; x_wconf 76' lang='lat' dir='ltr'><strong>vinculis</strong></span> <span class='ocrx_word' id='word_1_19' title='bbox 2313 345 2367 389; x_wconf 90' lang='lat' dir='ltr'><strong>ad</strong></span> <span class='ocrx_word' id='word_1_20' title='bbox 2399 348 2538 402; x_wconf 72' lang='lat' dir='ltr'><strong>patris</strong></span> 
     </span>
     <span class='ocr_line' id='line_1_3' title="bbox 275 414 2531 474; baseline -0.001 -12"><span class='ocrx_word' id='word_1_21' title='bbox 275 419 456 474; x_wconf 84' lang='lat' dir='ltr'><strong>gratiam</strong></span> <span class='ocrx_word' id='word_1_22' title='bbox 484 417 620 461; x_wconf 88' lang='lat' dir='ltr'><strong>redire</strong></span> <span class='ocrx_word' id='word_1_23' title='bbox 645 420 889 459; x_wconf 90' lang='lat' dir='ltr'><strong>mereretur.</strong></span> <span class='ocrx_word' id='word_1_24' title='bbox 920 415 1002 458; x_wconf 87' lang='lat' dir='ltr'><strong>Sed</strong></span> <span class='ocrx_word' id='word_1_25' title='bbox 1026 416 1093 458; x_wconf 84' lang='lat' dir='ltr'><strong>vir</strong></span> <span class='ocrx_word' id='word_1_26' title='bbox 1122 414 1288 458; x_wconf 89' lang='lat' dir='ltr'><strong>deditus</strong></span> <span class='ocrx_word' id='word_1_27' title='bbox 1306 416 1398 457; x_wconf 90' lang='lat' dir='ltr'><strong>Deo</strong></span> <span class='ocrx_word' id='word_1_28' title='bbox 1415 445 1427 468; x_wconf 93' lang='lat'>‚</span> <span class='ocrx_word' id='word_1_29' title='bbox 1462 414 1606 456; x_wconf 89' lang='lat' dir='ltr'><strong>ariano</strong></span> <span class='ocrx_word' id='word_1_30' title='bbox 1627 414 1831 469; x_wconf 89' lang='lat' dir='ltr'><strong>episcopo</strong></span> <span class='ocrx_word' id='word_1_31' title='bbox 1867 416 2051 458; x_wconf 87' lang='lat' dir='ltr'><strong>venienti</strong></span> <span class='ocrx_word' id='word_1_32' title='bbox 2085 416 2356 471; x_wconf 82' lang='lat' dir='ltr'><strong>exprobravit</strong></span> <span class='ocrx_word' id='word_1_33' title='bbox 2386 422 2433 458; x_wconf 89' lang='lat' dir='ltr'><strong>ut</strong></span> <span class='ocrx_word' id='word_1_34' title='bbox 2455 417 2531 460; x_wconf 93' lang='lat' dir='ltr'><strong>de-</strong></span> 
     </span>
     <span class='ocr_line' id='line_1_4' title="bbox 274 484 2537 544; baseline -0.001 -11"><span class='ocrx_word' id='word_1_35' title='bbox 274 490 383 533; x_wconf 83' lang='lat' dir='ltr'><strong>buit.</strong></span> <span class='ocrx_word' id='word_1_36' title='bbox 410 509 426 526; x_wconf 77' lang='lat'><strong>»</strong></span> <span class='ocrx_word' id='word_1_37' title='bbox 460 491 514 532; x_wconf 90' lang='lat' dir='ltr'><strong>Et</strong></span> <span class='ocrx_word' id='word_1_38' title='bbox 545 488 675 544; x_wconf 89' lang='lat' dir='ltr'><strong>paulo</strong></span> <span class='ocrx_word' id='word_1_39' title='bbox 714 490 814 542; x_wconf 85' lang='lat' dir='ltr'><strong>post</strong></span> <span class='ocrx_word' id='word_1_40' title='bbox 851 505 869 523; x_wconf 75' lang='grc' dir='ltr'>ι</span> <span class='ocrx_word' id='word_1_41' title='bbox 890 486 956 529; x_wconf 76' lang='lat' dir='ltr'><strong>Ad</strong></span> <span class='ocrx_word' id='word_1_42' title='bbox 989 499 1034 529; x_wconf 91' lang='lat' dir='ltr'><strong>se</strong></span> <span class='ocrx_word' id='word_1_43' title='bbox 1065 487 1209 541; x_wconf 87' lang='lat' dir='ltr'><strong>itaque</strong></span> <span class='ocrx_word' id='word_1_44' title='bbox 1240 497 1409 527; x_wconf 86' lang='lat' dir='ltr'><strong>reverso</strong></span> <span class='ocrx_word' id='word_1_45' title='bbox 1442 484 1643 539; x_wconf 88' lang='lat' dir='ltr'><strong>episcopo</strong></span> <span class='ocrx_word' id='word_1_46' title='bbox 1677 484 1849 537; x_wconf 88' lang='lat' dir='ltr'><strong>ariano,</strong></span> <span class='ocrx_word' id='word_1_47' title='bbox 1883 490 2003 539; x_wconf 84' lang='lat' dir='ltr'><strong>pater</strong></span> <span class='ocrx_word' id='word_1_48' title='bbox 2036 485 2280 540; x_wconf 86' lang='lat' dir='ltr'><strong>infremuit,</strong></span> <span class='ocrx_word' id='word_1_49' title='bbox 2319 491 2361 529; x_wconf 86' lang='lat' dir='ltr'><strong>et</strong></span> <span class='ocrx_word' id='word_1_50' title='bbox 2394 488 2537 530; x_wconf 64' lang='lat' dir='ltr'><strong>missis»</strong></span> 
     </span>
     <span class='ocr_line' id='line_1_5' title="bbox 271 555 2536 616; baseline -0 -13"><span class='ocrx_word' id='word_1_51' title='bbox 271 559 584 616; x_wconf 71' lang='lat' dir='ltr'><strong>apparitoribus</strong></span> <span class='ocrx_word' id='word_1_52' title='bbox 611 559 748 602; x_wconf 83' lang='lat' dir='ltr'><strong>securi</strong></span> <span class='ocrx_word' id='word_1_53' title='bbox 776 558 822 600; x_wconf 92' lang='lat' dir='ltr'><strong>in</strong></span> <span class='ocrx_word' id='word_1_54' title='bbox 858 557 1080 600; x_wconf 88' lang='lat' dir='ltr'><strong>cerebrum</strong></span> <span class='ocrx_word' id='word_1_55' title='bbox 1109 556 1260 611; x_wconf 88' lang='lat' dir='ltr'><strong>infixa,</strong></span> <span class='ocrx_word' id='word_1_56' title='bbox 1293 555 1429 603; x_wconf 87' lang='lat' dir='ltr'><strong>filium</strong></span> <span class='ocrx_word' id='word_1_57' title='bbox 1465 555 1617 598; x_wconf 85' lang='lat' dir='ltr'>Christi</span> <span class='ocrx_word' id='word_1_58' title='bbox 1646 556 2018 610; x_wconf 27' lang='lat' dir='ltr'><strong>martyremrfecit.</strong></span> <span class='ocrx_word' id='word_1_59' title='bbox 2045 575 2061 593; x_wconf 77' lang='grc' dir='ltr'><strong>ι»</strong></span> <span class='ocrx_word' id='word_1_60' title='bbox 2087 558 2369 613; x_wconf 87' lang='lat' dir='ltr'><strong>Hieronymus</strong></span> <span class='ocrx_word' id='word_1_61' title='bbox 2401 571 2536 614; x_wconf 78' lang='lat' dir='ltr'><strong>super</strong></span> 
     </span>
     <span class='ocr_line' id='line_1_6' title="bbox 276 626 2534 685; baseline -0 -11"><span class='ocrx_word' id='word_1_62' title='bbox 276 630 500 674; x_wconf 87' lang='lat' dir='ltr'><strong>duodecim</strong></span> <span class='ocrx_word' id='word_1_63' title='bbox 519 628 747 685; x_wconf 80' lang='lat' dir='ltr'><strong>prophetas</strong></span> <span class='ocrx_word' id='word_1_64' title='bbox 771 626 825 684; x_wconf 87' lang='lat' dir='ltr'><strong>l).</strong></span> <span class='ocrx_word' id='word_1_65' title='bbox 853 646 868 663; x_wconf 70' lang='grc' dir='ltr'><strong>ιι</strong></span> <span class='ocrx_word' id='word_1_66' title='bbox 888 627 990 671; x_wconf 88' lang='lat' dir='ltr'><strong>Odit</strong></span> <span class='ocrx_word' id='word_1_67' title='bbox 1015 629 1128 670; x_wconf 92' lang='lat' dir='ltr'><strong>Dens</strong></span> <span class='ocrx_word' id='word_1_68' title='bbox 1153 626 1357 669; x_wconf 87' lang='lat' dir='ltr'><strong>sacrificia</strong></span> <span class='ocrx_word' id='word_1_69' title='bbox 1382 626 1688 668; x_wconf 87' lang='lat' dir='ltr'><strong>haereticorum</strong></span> <span class='ocrx_word' id='word_1_70' title='bbox 1706 631 1748 668; x_wconf 92' lang='lat' dir='ltr'><strong>et</strong></span> <span class='ocrx_word' id='word_1_71' title='bbox 1770 639 1796 668; x_wconf 88' lang='lat' dir='ltr'><strong>a</strong></span> <span class='ocrx_word' id='word_1_72' title='bbox 1819 639 1864 668; x_wconf 89' lang='lat' dir='ltr'><strong>se</strong></span> <span class='ocrx_word' id='word_1_73' title='bbox 1885 627 2082 681; x_wconf 88' lang='lat' dir='ltr'><strong>proiicit:</strong></span> <span class='ocrx_word' id='word_1_74' title='bbox 2109 632 2151 670; x_wconf 89' lang='lat' dir='ltr'><strong>et</strong></span> <span class='ocrx_word' id='word_1_75' title='bbox 2177 629 2534 685; x_wconf 78' lang='lat' dir='ltr'><strong>quotiescumque</strong></span> 
     </span>
     <span class='ocr_line' id='line_1_7' title="bbox 272 695 2524 753; baseline -0.001 -9"><span class='ocrx_word' id='word_1_76' title='bbox 272 701 353 744; x_wconf 91' lang='lat' dir='ltr'><strong>snb</strong></span> <span class='ocrx_word' id='word_1_77' title='bbox 387 701 560 744; x_wconf 85' lang='lat' dir='ltr'><strong>nomine</strong></span> <span class='ocrx_word' id='word_1_78' title='bbox 587 700 757 742; x_wconf 88' lang='lat' dir='ltr'><strong>Domini</strong></span> <span class='ocrx_word' id='word_1_79' title='bbox 788 699 948 741; x_wconf 85' lang='lat' dir='ltr'><strong>fuerint</strong></span> <span class='ocrx_word' id='word_1_80' title='bbox 986 698 1258 753; x_wconf 87' lang='lat' dir='ltr'><strong>congregati,</strong></span> <span class='ocrx_word' id='word_1_81' title='bbox 1297 695 1530 739; x_wconf 86' lang='lat' dir='ltr'><strong>detestatur</strong></span> <span class='ocrx_word' id='word_1_82' title='bbox 1558 696 1765 738; x_wconf 87' lang='lat' dir='ltr'><strong>foetorem</strong></span> <span class='ocrx_word' id='word_1_83' title='bbox 1803 709 1950 739; x_wconf 91' lang='lat' dir='ltr'><strong>eorum</strong></span> <span class='ocrx_word' id='word_1_84' title='bbox 1983 702 2026 740; x_wconf 90' lang='lat' dir='ltr'><strong>et</strong></span> <span class='ocrx_word' id='word_1_85' title='bbox 2061 698 2220 741; x_wconf 86' lang='lat' dir='ltr'><strong>claudit</strong></span> <span class='ocrx_word' id='word_1_86' title='bbox 2254 712 2379 742; x_wconf 63' lang='lat' dir='ltr'><strong>nares&gt;</strong></span> <span class='ocrx_word' id='word_1_87' title='bbox 2413 713 2524 743; x_wconf 88' lang='lat' dir='ltr'><strong>suas.</strong></span> 
     </span>
     <span class='ocr_line' id='line_1_8' title="bbox 271 757 2531 826; baseline -0 -10"><span class='ocrx_word' id='word_1_88' title='bbox 271 773 420 816; x_wconf 87' lang='lat' dir='ltr'><strong>Odisse</strong></span> <span class='ocrx_word' id='word_1_89' title='bbox 450 776 590 815; x_wconf 84' lang='lat' dir='ltr'><strong>autem</strong></span> <span class='ocrx_word' id='word_1_90' title='bbox 617 776 668 814; x_wconf 62' lang='lat' dir='ltr'><strong>et&gt;</strong></span> <span class='ocrx_word' id='word_1_91' title='bbox 686 771 898 826; x_wconf 78' lang='lat' dir='ltr'><strong>proiicere</strong></span> <span class='ocrx_word' id='word_1_92' title='bbox 915 801 927 824; x_wconf 91' lang='lat'><strong>,</strong></span> <span class='ocrx_word' id='word_1_93' title='bbox 960 775 1003 813; x_wconf 91' lang='lat' dir='ltr'><strong>et</strong></span> <span class='ocrx_word' id='word_1_94' title='bbox 1034 783 1122 813; x_wconf 91' lang='lat' dir='ltr'><strong>non</strong></span> <span class='ocrx_word' id='word_1_95' title='bbox 1153 769 1351 822; x_wconf 88' lang='lat' dir='ltr'><strong>odorari,</strong></span> <span class='ocrx_word' id='word_1_96' title='bbox 1383 768 1568 810; x_wconf 89' lang='lat' dir='ltr'><strong>humana</strong></span> <span class='ocrx_word' id='word_1_97' title='bbox 1595 757 1787 822; x_wconf 79' lang='lat' dir='ltr'><strong>loquitur</strong></span> <span class='ocrx_word' id='word_1_98' title='bbox 1818 768 2116 823; x_wconf 82' lang='lat' dir='ltr'><strong>similitudine,</strong></span> <span class='ocrx_word' id='word_1_99' title='bbox 2142 775 2190 812; x_wconf 91' lang='lat' dir='ltr'><strong>ut</strong></span> <span class='ocrx_word' id='word_1_100' title='bbox 2222 783 2300 813; x_wconf 89' lang='lat' dir='ltr'><strong>nos</strong></span> <span class='ocrx_word' id='word_1_101' title='bbox 2329 772 2531 815; x_wconf 69' lang='lat' dir='ltr'><strong>affectum</strong></span> 
     </span>
     <span class='ocr_line' id='line_1_9' title="bbox 271 838 2532 898; baseline -0.002 -11"><span class='ocrx_word' id='word_1_102' title='bbox 271 845 349 887; x_wconf 86' lang='lat' dir='ltr'><strong>Dei</strong></span> <span class='ocrx_word' id='word_1_103' title='bbox 379 845 424 886; x_wconf 90' lang='lat' dir='ltr'><strong>in</strong></span> <span class='ocrx_word' id='word_1_104' title='bbox 458 843 614 886; x_wconf 88' lang='lat' dir='ltr'><strong>nostris</strong></span> <span class='ocrx_word' id='word_1_105' title='bbox 646 842 913 885; x_wconf 85' lang='lat' dir='ltr'><strong>sermonibus</strong></span> <span class='ocrx_word' id='word_1_106' title='bbox 934 853 1251 897; x_wconf 78' lang='lat' dir='ltr'><strong>cognoscamus.</strong></span> <span class='ocrx_word' id='word_1_107' title='bbox 1277 841 1330 882; x_wconf 88' lang='lat' dir='ltr'><strong>Et</strong></span> <span class='ocrx_word' id='word_1_108' title='bbox 1351 839 1386 881; x_wconf 90' lang='lat' dir='ltr'><strong>si</strong></span> <span class='ocrx_word' id='word_1_109' title='bbox 1414 839 1665 881; x_wconf 88' lang='lat' dir='ltr'><strong>holocausta</strong></span> <span class='ocrx_word' id='word_1_110' title='bbox 1691 838 1950 892; x_wconf 89' lang='lat' dir='ltr'><strong>obtulerint,</strong></span> <span class='ocrx_word' id='word_1_111' title='bbox 1974 844 2048 882; x_wconf 87' lang='lat' dir='ltr'><strong>aut</strong></span> <span class='ocrx_word' id='word_1_112' title='bbox 2069 841 2291 884; x_wconf 85' lang='lat' dir='ltr'><strong>videantur</strong></span> <span class='ocrx_word' id='word_1_113' title='bbox 2315 844 2497 887; x_wconf 88' lang='lat' dir='ltr'><strong>ieiunare</strong></span> <span class='ocrx_word' id='word_1_114' title='bbox 2511 876 2532 898; x_wconf 91' lang='lat'><strong>,.</strong></span> 
     </span>
     <span class='ocr_line' id='line_1_10' title="bbox 271 909 2529 971; baseline -0 -13"><span class='ocrx_word' id='word_1_115' title='bbox 271 915 374 958; x_wconf 87' lang='lat' dir='ltr'><strong>dare</strong></span> <span class='ocrx_word' id='word_1_116' title='bbox 404 915 716 969; x_wconf 81' lang='lat' dir='ltr'><strong>eleemosynas,</strong></span> <span class='ocrx_word' id='word_1_117' title='bbox 745 913 992 968; x_wconf 84' lang='lat' dir='ltr'><strong>pudicitiam</strong></span> <span class='ocrx_word' id='word_1_118' title='bbox 1024 912 1244 968; x_wconf 88' lang='lat' dir='ltr'><strong>polliceri,</strong></span> <span class='ocrx_word' id='word_1_119' title='bbox 1272 912 1380 966; x_wconf 87' lang='lat' dir='ltr'><strong>quae</strong></span> <span class='ocrx_word' id='word_1_120' title='bbox 1411 909 1661 952; x_wconf 89' lang='lat' dir='ltr'><strong>holocausta</strong></span> <span class='ocrx_word' id='word_1_121' title='bbox 1686 922 1786 952; x_wconf 87' lang='lat' dir='ltr'><strong>vera</strong></span> <span class='ocrx_word' id='word_1_122' title='bbox 1814 915 1938 961; x_wconf 90' lang='lat' dir='ltr'><strong>sunt,</strong></span> <span class='ocrx_word' id='word_1_123' title='bbox 1972 923 2060 953; x_wconf 92' lang='lat' dir='ltr'><strong>non</strong></span> <span class='ocrx_word' id='word_1_124' title='bbox 2093 924 2140 954; x_wconf 90' lang='lat' dir='ltr'><strong>ea</strong></span> <span class='ocrx_word' id='word_1_125' title='bbox 2172 914 2346 968; x_wconf 85' lang='lat' dir='ltr'><strong>suscipit</strong></span> <span class='ocrx_word' id='word_1_126' title='bbox 2376 916 2529 971; x_wconf 85' lang='lat' dir='ltr'><strong>Domi-</strong></span> 
     </span>
     <span class='ocr_line' id='line_1_11' title="bbox 270 981 2528 1043; baseline 0.001 -16"><span class='ocrx_word' id='word_1_127' title='bbox 270 998 365 1028; x_wconf 89' lang='lat' dir='ltr'><strong>nus.</strong></span> <span class='ocrx_word' id='word_1_128' title='bbox 398 986 494 1027; x_wconf 88' lang='lat' dir='ltr'><strong>Non</strong></span> <span class='ocrx_word' id='word_1_129' title='bbox 523 986 635 1027; x_wconf 89' lang='lat' dir='ltr'><strong>enim</strong></span> <span class='ocrx_word' id='word_1_130' title='bbox 666 984 972 1026; x_wconf 88' lang='lat' dir='ltr'><strong>sacrificiorum</strong></span> <span class='ocrx_word' id='word_1_131' title='bbox 997 982 1356 1038; x_wconf 77' lang='lat' dir='ltr'><strong>magnitudinem,</strong></span> <span class='ocrx_word' id='word_1_132' title='bbox 1393 981 1470 1024; x_wconf 88' lang='lat' dir='ltr'><strong>sed</strong></span> <span class='ocrx_word' id='word_1_133' title='bbox 1499 982 1768 1024; x_wconf 80' lang='lat' dir='ltr'><strong>offerentium</strong></span> <span class='ocrx_word' id='word_1_134' title='bbox 1796 983 1944 1025; x_wconf 88' lang='lat' dir='ltr'><strong>merita</strong></span> <span class='ocrx_word' id='word_1_135' title='bbox 1973 995 2198 1038; x_wconf 79' lang='lat' dir='ltr'><strong>causasque</strong></span> <span class='ocrx_word' id='word_1_136' title='bbox 2228 984 2425 1028; x_wconf 89' lang='lat' dir='ltr'><strong>diiudicat</strong></span> <span class='ocrx_word' id='word_1_137' title='bbox 2448 985 2491 1043; x_wconf 80' lang='lat'><strong>2)</strong></span> <span class='ocrx_word' id='word_1_138' title='bbox 2508 1000 2528 1040; x_wconf 65' lang='grc' dir='ltr'><strong>ς.</strong></span> 
     </span>
    </p>

    <p class='ocr_par' dir='ltr' id='par_1_3' title="bbox 223 1053 1892 1110">
     <span class='ocr_line' id='line_1_12' title="bbox 223 1053 1892 1110; baseline -0.003 -11"><span class='ocrx_word' id='word_1_139' title='bbox 223 1097 230 1102; x_wconf 75' lang='grc'>,</span> <span class='ocrx_word' id='word_1_140' title='bbox 265 1059 312 1098; x_wconf 85' lang='lat' dir='ltr'><strong>et</strong></span> <span class='ocrx_word' id='word_1_141' title='bbox 341 1067 427 1098; x_wconf 90' lang='lat' dir='ltr'><strong>non</strong></span> <span class='ocrx_word' id='word_1_142' title='bbox 459 1068 508 1098; x_wconf 91' lang='lat' dir='ltr'><strong>ea</strong></span> <span class='ocrx_word' id='word_1_143' title='bbox 537 1067 646 1110; x_wconf 91' lang='lat' dir='ltr'><strong>quae</strong></span> <span class='ocrx_word' id='word_1_144' title='bbox 675 1055 942 1107; x_wconf 81' lang='lat' dir='ltr'><strong>offeruntur,</strong></span> <span class='ocrx_word' id='word_1_145' title='bbox 974 1054 1049 1097; x_wconf 89' lang='lat' dir='ltr'><strong>sed</strong></span> <span class='ocrx_word' id='word_1_146' title='bbox 1079 1054 1352 1096; x_wconf 82' lang='lat' dir='ltr'><strong>offerentium</strong></span> <span class='ocrx_word' id='word_1_147' title='bbox 1382 1055 1546 1108; x_wconf 88' lang='lat' dir='ltr'><strong>respuit</strong></span> <span class='ocrx_word' id='word_1_148' title='bbox 1572 1053 1847 1096; x_wconf 81' lang='lat' dir='ltr'><strong>voluntatem.</strong></span> <span class='ocrx_word' id='word_1_149' title='bbox 1875 1071 1892 1090; x_wconf 70' lang='grc' dir='ltr'><strong>υ</strong></span> 
     </span>
    </p>

    <p class='ocr_par' dir='ltr' id='par_1_4' title="bbox 262 1115 2764 2248">
     <span class='ocr_line' id='line_1_13' title="bbox 386 1115 2526 1182; baseline 0.001 -14"><span class='ocrx_word' id='word_1_150' title='bbox 386 1128 429 1168; x_wconf 82' lang='grc'>4.</span> <span class='ocrx_word' id='word_1_151' title='bbox 464 1128 577 1169; x_wconf 85' lang='lat' dir='ltr'><strong>Haec</strong></span> <span class='ocrx_word' id='word_1_152' title='bbox 607 1126 750 1181; x_wconf 89' lang='lat' dir='ltr'><strong>itaque</strong></span> <span class='ocrx_word' id='word_1_153' title='bbox 778 1130 864 1168; x_wconf 91' lang='lat' dir='ltr'><strong>tam</strong></span> <span class='ocrx_word' id='word_1_154' title='bbox 897 1126 1082 1181; x_wconf 89' lang='lat' dir='ltr'><strong>patentia</strong></span> <span class='ocrx_word' id='word_1_155' title='bbox 1106 1129 1278 1180; x_wconf 90' lang='lat' dir='ltr'><strong>tamque</strong></span> <span class='ocrx_word' id='word_1_156' title='bbox 1310 1124 1527 1168; x_wconf 85' lang='lat' dir='ltr'><strong>manifesta</strong></span> <span class='ocrx_word' id='word_1_157' title='bbox 1555 1115 1677 1177; x_wconf 83' lang='lat' dir='ltr'><strong>sunt,</strong></span> <span class='ocrx_word' id='word_1_158' title='bbox 1704 1129 1754 1167; x_wconf 90' lang='lat' dir='ltr'><strong>ut</strong></span> <span class='ocrx_word' id='word_1_159' title='bbox 1783 1124 2004 1167; x_wconf 82' lang='lat' dir='ltr'><strong>dilucidari</strong></span> <span class='ocrx_word' id='word_1_160' title='bbox 2036 1138 2126 1167; x_wconf 92' lang='lat' dir='ltr'><strong>non</strong></span> <span class='ocrx_word' id='word_1_161' title='bbox 2166 1131 2338 1180; x_wconf 81' lang='lat' dir='ltr'><strong>egeant:</strong></span> <span class='ocrx_word' id='word_1_162' title='bbox 2374 1131 2526 1182; x_wconf 89' lang='lat' dir='ltr'><strong>paten-</strong></span> 
     </span>
     <span class='ocr_line' id='line_1_14' title="bbox 269 1195 2515 1252; baseline 0 -12"><span class='ocrx_word' id='word_1_163' title='bbox 269 1198 428 1240; x_wconf 84' lang='lat' dir='ltr'><strong>tissime</strong></span> <span class='ocrx_word' id='word_1_164' title='bbox 463 1209 644 1251; x_wconf 90' lang='lat' dir='ltr'><strong>uamque</strong></span> <span class='ocrx_word' id='word_1_165' title='bbox 677 1197 1002 1240; x_wconf 87' lang='lat' dir='ltr'><strong>simoniacorum</strong></span> <span class='ocrx_word' id='word_1_166' title='bbox 1032 1196 1313 1239; x_wconf 84' lang='lat' dir='ltr'><strong>sacerdotium</strong></span> <span class='ocrx_word' id='word_1_167' title='bbox 1339 1199 1380 1238; x_wconf 90' lang='lat' dir='ltr'><strong>et</strong></span> <span class='ocrx_word' id='word_1_168' title='bbox 1399 1195 1651 1239; x_wconf 88' lang='lat' dir='ltr'><strong>sacrificium</strong></span> <span class='ocrx_word' id='word_1_169' title='bbox 1679 1195 1925 1238; x_wconf 86' lang='lat' dir='ltr'><strong>eorumdem</strong></span> <span class='ocrx_word' id='word_1_170' title='bbox 1944 1227 1956 1248; x_wconf 92' lang='lat'><strong>,</strong></span> <span class='ocrx_word' id='word_1_171' title='bbox 1982 1201 2024 1238; x_wconf 89' lang='lat' dir='ltr'><strong>et</strong></span> <span class='ocrx_word' id='word_1_172' title='bbox 2045 1197 2431 1252; x_wconf 87' lang='lat' dir='ltr'><strong>schismaticorum,</strong></span> <span class='ocrx_word' id='word_1_173' title='bbox 2454 1198 2515 1240; x_wconf 89' lang='lat' dir='ltr'><strong>ir-</strong></span> 
     </span>
     <span class='ocr_line' id='line_1_15' title="bbox 269 1266 2519 1322; baseline 0 -12"><span class='ocrx_word' id='word_1_174' title='bbox 269 1269 352 1311; x_wconf 85' lang='lat' dir='ltr'><strong>rita</strong></span> <span class='ocrx_word' id='word_1_175' title='bbox 377 1281 465 1310; x_wconf 89' lang='lat' dir='ltr'><strong>esse</strong></span> <span class='ocrx_word' id='word_1_176' title='bbox 499 1268 814 1310; x_wconf 73' lang='lat' dir='ltr'><strong>demonstrautt</strong></span> <span class='ocrx_word' id='word_1_177' title='bbox 850 1267 1042 1322; x_wconf 87' lang='lat' dir='ltr'><strong>quamvis</strong></span> <span class='ocrx_word' id='word_1_178' title='bbox 1075 1267 1248 1322; x_wconf 90' lang='lat' dir='ltr'><strong>qnidam</strong></span> <span class='ocrx_word' id='word_1_179' title='bbox 1277 1268 1315 1320; x_wconf 90' lang='lat'><strong>3)</strong></span> <span class='ocrx_word' id='word_1_180' title='bbox 1334 1267 1576 1321; x_wconf 89' lang='lat' dir='ltr'><strong>scripserit,</strong></span> <span class='ocrx_word' id='word_1_181' title='bbox 1607 1266 1725 1321; x_wconf 91' lang='lat' dir='ltr'><strong>quod</strong></span> <span class='ocrx_word' id='word_1_182' title='bbox 1758 1267 1881 1310; x_wconf 89' lang='lat' dir='ltr'><strong>sicuti</strong></span> <span class='ocrx_word' id='word_1_183' title='bbox 1905 1268 1956 1309; x_wconf 84' lang='lat' dir='ltr'><strong>in</strong></span> <span class='ocrx_word' id='word_1_184' title='bbox 1990 1267 2240 1322; x_wconf 87' lang='lat' dir='ltr'><strong>baptismate</strong></span> <span class='ocrx_word' id='word_1_185' title='bbox 2269 1269 2519 1311; x_wconf 88' lang='lat' dir='ltr'><strong>simoniaco-</strong></span> 
     </span>
     <span class='ocr_line' id='line_1_16' title="bbox 268 1338 2519 1393; baseline 0 -11"><span class='ocrx_word' id='word_1_186' title='bbox 268 1352 392 1391; x_wconf 87' lang='lat' dir='ltr'><strong>rum,</strong></span> <span class='ocrx_word' id='word_1_187' title='bbox 431 1340 491 1381; x_wconf 86' lang='lat' dir='ltr'><strong>ita</strong></span> <span class='ocrx_word' id='word_1_188' title='bbox 526 1343 570 1381; x_wconf 88' lang='lat' dir='ltr'><strong>et</strong></span> <span class='ocrx_word' id='word_1_189' title='bbox 604 1339 649 1381; x_wconf 91' lang='lat' dir='ltr'><strong>in</strong></span> <span class='ocrx_word' id='word_1_190' title='bbox 685 1338 928 1381; x_wconf 87' lang='lat' dir='ltr'><strong>eorumdem</strong></span> <span class='ocrx_word' id='word_1_191' title='bbox 960 1338 1165 1381; x_wconf 87' lang='lat' dir='ltr'><strong>sacrificio</strong></span> <span class='ocrx_word' id='word_1_192' title='bbox 1195 1338 1330 1380; x_wconf 84' lang='lat' dir='ltr'><strong>virtus</strong></span> <span class='ocrx_word' id='word_1_193' title='bbox 1363 1338 1541 1393; x_wconf 83' lang='lat' dir='ltr'><strong>Spiritus</strong></span> <span class='ocrx_word' id='word_1_194' title='bbox 1569 1339 1701 1380; x_wconf 87' lang='lat' dir='ltr'><strong>sancti</strong></span> <span class='ocrx_word' id='word_1_195' title='bbox 1732 1343 2013 1393; x_wconf 89' lang='lat' dir='ltr'><strong>cooperetur,</strong></span> <span class='ocrx_word' id='word_1_196' title='bbox 2044 1339 2203 1381; x_wconf 89' lang='lat' dir='ltr'><strong>scilicet</strong></span> <span class='ocrx_word' id='word_1_197' title='bbox 2238 1343 2287 1381; x_wconf 92' lang='lat' dir='ltr'><strong>ut</strong></span> <span class='ocrx_word' id='word_1_198' title='bbox 2319 1352 2406 1381; x_wconf 92' lang='lat' dir='ltr'><strong>non</strong></span> <span class='ocrx_word' id='word_1_199' title='bbox 2437 1341 2519 1383; x_wconf 90' lang='lat' dir='ltr'><strong>eis-</strong></span> 
     </span>
     <span class='ocr_line' id='line_1_17' title="bbox 269 1406 2518 1464; baseline 0 -11"><span class='ocrx_word' id='word_1_200' title='bbox 269 1410 366 1453; x_wconf 87' lang='lat' dir='ltr'><strong>dem</strong></span> <span class='ocrx_word' id='word_1_201' title='bbox 387 1410 441 1452; x_wconf 90' lang='lat' dir='ltr'><strong>sit</strong></span> <span class='ocrx_word' id='word_1_202' title='bbox 468 1422 616 1452; x_wconf 87' lang='lat' dir='ltr'><strong>verum</strong></span> <span class='ocrx_word' id='word_1_203' title='bbox 639 1414 682 1451; x_wconf 90' lang='lat' dir='ltr'><strong>et</strong></span> <span class='ocrx_word' id='word_1_204' title='bbox 708 1409 892 1451; x_wconf 81' lang='lat' dir='ltr'><strong>salutare</strong></span> <span class='ocrx_word' id='word_1_205' title='bbox 915 1409 1162 1452; x_wconf 87' lang='lat' dir='ltr'><strong>sacrificium</strong></span> <span class='ocrx_word' id='word_1_206' title='bbox 1178 1439 1190 1461; x_wconf 89' lang='lat'><strong><em>‚</em></strong></span> <span class='ocrx_word' id='word_1_207' title='bbox 1225 1408 1301 1451; x_wconf 89' lang='lat' dir='ltr'><strong>sed</strong></span> <span class='ocrx_word' id='word_1_208' title='bbox 1332 1408 1398 1450; x_wconf 91' lang='lat' dir='ltr'><strong>his</strong></span> <span class='ocrx_word' id='word_1_209' title='bbox 1423 1408 1578 1463; x_wconf 87' lang='lat' dir='ltr'><strong>quibus</strong></span> <span class='ocrx_word' id='word_1_210' title='bbox 1605 1408 1852 1462; x_wconf 76' lang='lat' dir='ltr'><strong>exhibetur3</strong></span> <span class='ocrx_word' id='word_1_211' title='bbox 1879 1406 1997 1463; x_wconf 84' lang='lat' dir='ltr'><strong>qnod</strong></span> <span class='ocrx_word' id='word_1_212' title='bbox 2016 1422 2066 1451; x_wconf 83' lang='lat' dir='ltr'><strong>ex</strong></span> <span class='ocrx_word' id='word_1_213' title='bbox 2091 1411 2324 1464; x_wconf 85' lang='lat' dir='ltr'><strong>praemissis</strong></span> <span class='ocrx_word' id='word_1_214' title='bbox 2348 1414 2518 1464; x_wconf 88' lang='lat' dir='ltr'><strong>patrum</strong></span> 
     </span>
     <span class='ocr_line' id='line_1_18' title="bbox 265 1468 2517 1535; baseline 0 -13"><span class='ocrx_word' id='word_1_215' title='bbox 265 1480 482 1522; x_wconf 86' lang='lat' dir='ltr'><strong>sententiis</strong></span> <span class='ocrx_word' id='word_1_216' title='bbox 512 1480 769 1534; x_wconf 85' lang='lat' dir='ltr'><strong>apertissime</strong></span> <span class='ocrx_word' id='word_1_217' title='bbox 792 1480 1022 1532; x_wconf 82' lang='lat' dir='ltr'><strong>refellitur3</strong></span> <span class='ocrx_word' id='word_1_218' title='bbox 1049 1483 1091 1522; x_wconf 93' lang='lat' dir='ltr'><strong>et</strong></span> <span class='ocrx_word' id='word_1_219' title='bbox 1119 1481 1298 1522; x_wconf 85' lang='lat' dir='ltr'><strong>maxime</strong></span> <span class='ocrx_word' id='word_1_220' title='bbox 1325 1492 1376 1521; x_wconf 87' lang='lat' dir='ltr'><strong>ex</strong></span> <span class='ocrx_word' id='word_1_221' title='bbox 1407 1491 1459 1521; x_wconf 91' lang='lat' dir='ltr'><strong>eo</strong></span> <span class='ocrx_word' id='word_1_222' title='bbox 1491 1478 1610 1534; x_wconf 91' lang='lat' dir='ltr'><strong>quod</strong></span> <span class='ocrx_word' id='word_1_223' title='bbox 1633 1479 1810 1522; x_wconf 86' lang='lat' dir='ltr'><strong>dicitur:</strong></span> <span class='ocrx_word' id='word_1_224' title='bbox 1842 1483 2036 1526; x_wconf 78' lang='lat' dir='ltr'><strong>sacrificia</strong></span> <span class='ocrx_word' id='word_1_225' title='bbox 2063 1494 2196 1521; x_wconf 81' lang='lat' dir='ltr'><strong>eorum</strong></span> <span class='ocrx_word' id='word_1_226' title='bbox 2219 1468 2415 1534; x_wconf 71' lang='lat' dir='ltr'><strong>tamqnam</strong></span> <span class='ocrx_word' id='word_1_227' title='bbox 2436 1495 2517 1535; x_wconf 83' lang='lat' dir='ltr'><strong>pa-</strong></span> 
     </span>
     <span class='ocr_line' id='line_1_19' title="bbox 268 1550 2764 1606; baseline 0.002 -14"><span class='ocrx_word' id='word_1_228' title='bbox 268 1556 329 1593; x_wconf 79' lang='lat' dir='ltr'><strong>m&#39;s</strong></span> <span class='ocrx_word' id='word_1_229' title='bbox 358 1553 510 1601; x_wconf 65' lang='lat' dir='ltr'><strong>ludus,-</strong></span> <span class='ocrx_word' id='word_1_230' title='bbox 533 1565 663 1592; x_wconf 77' lang='lat' dir='ltr'><strong>omnes</strong></span> <span class='ocrx_word' id='word_1_231' title='bbox 691 1555 760 1604; x_wconf 82' lang='lat' dir='ltr'><strong>qui</strong></span> <span class='ocrx_word' id='word_1_232' title='bbox 789 1553 1024 1592; x_wconf 79' lang='lat' dir='ltr'><strong>manducant</strong></span> <span class='ocrx_word' id='word_1_233' title='bbox 1053 1565 1121 1603; x_wconf 87' lang='lat' dir='ltr'><strong>ea,</strong></span> <span class='ocrx_word' id='word_1_234' title='bbox 1157 1553 1519 1593; x_wconf 78' lang='lat' dir='ltr'><strong>contaminabantur</strong></span> <span class='ocrx_word' id='word_1_235' title='bbox 1536 1550 1571 1592; x_wconf 89' lang='lat'><strong>*.</strong></span> <span class='ocrx_word' id='word_1_236' title='bbox 1594 1552 1690 1593; x_wconf 76' lang='lat' dir='ltr'><strong>Non</strong></span> <span class='ocrx_word' id='word_1_237' title='bbox 1709 1552 1817 1593; x_wconf 85' lang='lat' dir='ltr'><strong>enim</strong></span> <span class='ocrx_word' id='word_1_238' title='bbox 1837 1583 1849 1605; x_wconf 93' lang='lat'><strong>,</strong></span> <span class='ocrx_word' id='word_1_239' title='bbox 1878 1557 1926 1594; x_wconf 91' lang='lat' dir='ltr'><strong>ut</strong></span> <span class='ocrx_word' id='word_1_240' title='bbox 1956 1553 2045 1606; x_wconf 86' lang='lat' dir='ltr'><strong>ipse</strong></span> <span class='ocrx_word' id='word_1_241' title='bbox 2072 1551 2296 1594; x_wconf 83' lang='lat' dir='ltr'><strong>arbitratus</strong></span> <span class='ocrx_word' id='word_1_242' title='bbox 2323 1558 2410 1606; x_wconf 86' lang='lat' dir='ltr'><strong>est,</strong></span> <span class='ocrx_word' id='word_1_243' title='bbox 2441 1566 2525 1596; x_wconf 50' lang='lat' dir='ltr'><strong>eir-⁷</strong></span> <span class='ocrx_word' id='word_1_244' title='bbox 2556 1564 2639 1599; x_wconf 58' lang='lat' dir='ltr'><strong>*oa</strong></span> <span class='ocrx_word' id='word_1_245' title='bbox 2661 1565 2764 1596; x_wconf 50' lang='lat'><strong>1224.</strong></span> 
     </span>
     <span class='ocr_line' id='line_1_20' title="bbox 267 1622 2602 1677; baseline 0.001 -13"><span class='ocrx_word' id='word_1_246' title='bbox 267 1622 419 1664; x_wconf 87' lang='lat' dir='ltr'><strong>bibitio</strong></span> <span class='ocrx_word' id='word_1_247' title='bbox 450 1622 712 1676; x_wconf 87' lang='lat' dir='ltr'><strong>baptismatis</strong></span> <span class='ocrx_word' id='word_1_248' title='bbox 741 1626 783 1664; x_wconf 90' lang='lat' dir='ltr'><strong>et</strong></span> <span class='ocrx_word' id='word_1_249' title='bbox 811 1622 1004 1664; x_wconf 87' lang='lat' dir='ltr'><strong>sacrificii</strong></span> <span class='ocrx_word' id='word_1_250' title='bbox 1033 1622 1231 1664; x_wconf 87' lang='lat' dir='ltr'><strong>dominici</strong></span> <span class='ocrx_word' id='word_1_251' title='bbox 1260 1622 1476 1677; x_wconf 88' lang='lat' dir='ltr'><strong>corporis,</strong></span> <span class='ocrx_word' id='word_1_252' title='bbox 1504 1622 1677 1664; x_wconf 90' lang='lat' dir='ltr'><strong>omnino</strong></span> <span class='ocrx_word' id='word_1_253' title='bbox 1707 1623 1831 1664; x_wconf 86' lang='lat' dir='ltr'><strong>simili</strong></span> <span class='ocrx_word' id='word_1_254' title='bbox 1861 1623 1943 1665; x_wconf 90' lang='lat' dir='ltr'><strong>sibi</strong></span> <span class='ocrx_word' id='word_1_255' title='bbox 1975 1623 2199 1665; x_wconf 88' lang='lat' dir='ltr'><strong>collatione</strong></span> <span class='ocrx_word' id='word_1_256' title='bbox 2226 1624 2408 1666; x_wconf 90' lang='lat' dir='ltr'><strong>conferri</strong></span> <span class='ocrx_word' id='word_1_257' title='bbox 2437 1637 2515 1667; x_wconf 85' lang='lat' dir='ltr'><strong>va-</strong></span> <span class='ocrx_word' id='word_1_258' title='bbox 2597 1623 2602 1626; x_wconf 78' lang='grc'><strong>’</strong></span> 
     </span>
     <span class='ocr_line' id='line_1_21' title="bbox 267 1692 2510 1749; baseline 0.001 -13"><span class='ocrx_word' id='word_1_259' title='bbox 267 1695 385 1736; x_wconf 88' lang='lat' dir='ltr'><strong>lent:</strong></span> <span class='ocrx_word' id='word_1_260' title='bbox 417 1706 515 1735; x_wconf 91' lang='lat' dir='ltr'><strong>nam</strong></span> <span class='ocrx_word' id='word_1_261' title='bbox 550 1694 794 1735; x_wconf 87' lang='lat' dir='ltr'><strong>necessitate</strong></span> <span class='ocrx_word' id='word_1_262' title='bbox 821 1697 998 1747; x_wconf 82' lang='lat' dir='ltr'><strong>urgente</strong></span> <span class='ocrx_word' id='word_1_263' title='bbox 1026 1694 1142 1735; x_wconf 91' lang='lat' dir='ltr'><strong>omni</strong></span> <span class='ocrx_word' id='word_1_264' title='bbox 1164 1693 1377 1748; x_wconf 88' lang='lat' dir='ltr'><strong>baptizato</strong></span> <span class='ocrx_word' id='word_1_265' title='bbox 1408 1693 1655 1736; x_wconf 89' lang='lat' dir='ltr'><strong>conceditur</strong></span> <span class='ocrx_word' id='word_1_266' title='bbox 1679 1692 1893 1748; x_wconf 87' lang='lat' dir='ltr'><strong>baptizare</strong></span> <span class='ocrx_word' id='word_1_267' title='bbox 1918 1694 1996 1736; x_wconf 91' lang='lat' dir='ltr'><strong>sub</strong></span> <span class='ocrx_word' id='word_1_268' title='bbox 2031 1694 2131 1736; x_wconf 87' lang='lat' dir='ltr'><strong>fidei</strong></span> <span class='ocrx_word' id='word_1_269' title='bbox 2156 1695 2510 1749; x_wconf 86' lang='lat' dir='ltr'><strong>interrogatione,</strong></span> 
     </span>
     <span class='ocr_line' id='line_1_22' title="bbox 266 1761 2511 1822; baseline 0 -15"><span class='ocrx_word' id='word_1_270' title='bbox 266 1769 310 1807; x_wconf 91' lang='lat' dir='ltr'><strong>et</strong></span> <span class='ocrx_word' id='word_1_271' title='bbox 337 1765 507 1807; x_wconf 89' lang='lat' dir='ltr'><strong>nomine</strong></span> <span class='ocrx_word' id='word_1_272' title='bbox 531 1764 772 1817; x_wconf 89' lang='lat' dir='ltr'><strong>Trinitatis,</strong></span> <span class='ocrx_word' id='word_1_273' title='bbox 808 1769 851 1806; x_wconf 92' lang='lat' dir='ltr'><strong>et</strong></span> <span class='ocrx_word' id='word_1_274' title='bbox 881 1765 991 1807; x_wconf 89' lang='lat' dir='ltr'><strong>trina</strong></span> <span class='ocrx_word' id='word_1_275' title='bbox 1022 1765 1272 1818; x_wconf 67' lang='lat' dir='ltr'><strong>mersione,</strong></span> <span class='ocrx_word' id='word_1_276' title='bbox 1295 1765 1414 1820; x_wconf 90' lang='lat' dir='ltr'><strong>qnod</strong></span> <span class='ocrx_word' id='word_1_277' title='bbox 1446 1765 1594 1820; x_wconf 86' lang='lat' dir='ltr'><strong>utique</strong></span> <span class='ocrx_word' id='word_1_278' title='bbox 1625 1777 1871 1807; x_wconf 90' lang='lat' dir='ltr'><strong>concessum</strong></span> <span class='ocrx_word' id='word_1_279' title='bbox 1904 1769 1966 1806; x_wconf 88' lang='lat' dir='ltr'><strong>est</strong></span> <span class='ocrx_word' id='word_1_280' title='bbox 1999 1770 2177 1819; x_wconf 87' lang='lat' dir='ltr'><strong>propter</strong></span> <span class='ocrx_word' id='word_1_281' title='bbox 2202 1761 2298 1807; x_wconf 85' lang='lat' dir='ltr'><strong>enm</strong></span> <span class='ocrx_word' id='word_1_282' title='bbox 2327 1764 2402 1820; x_wconf 84' lang='lat' dir='ltr'><strong>qui</strong></span> <span class='ocrx_word' id='word_1_283' title='bbox 2429 1780 2511 1822; x_wconf 91' lang='lat' dir='ltr'><strong>pe-</strong></span> 
     </span>
     <span class='ocr_line' id='line_1_23' title="bbox 264 1832 2566 1891; baseline 0.001 -13"><span class='ocrx_word' id='word_1_284' title='bbox 264 1836 399 1879; x_wconf 86' lang='lat' dir='ltr'><strong>riculo</strong></span> <span class='ocrx_word' id='word_1_285' title='bbox 429 1836 578 1877; x_wconf 90' lang='lat' dir='ltr'><strong>mortis</strong></span> <span class='ocrx_word' id='word_1_286' title='bbox 605 1839 812 1891; x_wconf 69' lang='lat' dir='ltr'><strong>urgetur-3</strong></span> <span class='ocrx_word' id='word_1_287' title='bbox 847 1847 900 1876; x_wconf 88' lang='lat' dir='ltr'><strong>ne</strong></span> <span class='ocrx_word' id='word_1_288' title='bbox 932 1835 967 1876; x_wconf 91' lang='lat' dir='ltr'><strong>si</strong></span> <span class='ocrx_word' id='word_1_289' title='bbox 989 1839 1091 1877; x_wconf 89' lang='lat' dir='ltr'><strong>tunc</strong></span> <span class='ocrx_word' id='word_1_290' title='bbox 1111 1835 1166 1878; x_wconf 89' lang='lat' dir='ltr'><strong>ad</strong></span> <span class='ocrx_word' id='word_1_291' title='bbox 1194 1832 1483 1890; x_wconf 79' lang='lat' dir='ltr'><strong>sacerdotem,</strong></span> <span class='ocrx_word' id='word_1_292' title='bbox 1517 1849 1612 1878; x_wconf 91' lang='lat' dir='ltr'><strong>cum</strong></span> <span class='ocrx_word' id='word_1_293' title='bbox 1642 1848 1729 1877; x_wconf 91' lang='lat' dir='ltr'><strong>nou</strong></span> <span class='ocrx_word' id='word_1_294' title='bbox 1757 1835 1967 1887; x_wconf 88' lang='lat' dir='ltr'><strong>adfuerit,</strong></span> <span class='ocrx_word' id='word_1_295' title='bbox 1997 1841 2214 1888; x_wconf 88' lang='lat' dir='ltr'><strong>curratur,</strong></span> <span class='ocrx_word' id='word_1_296' title='bbox 2253 1837 2393 1880; x_wconf 88' lang='lat' dir='ltr'><strong>subito</strong></span> <span class='ocrx_word' id='word_1_297' title='bbox 2425 1851 2512 1882; x_wconf 88' lang='lat' dir='ltr'><strong>non</strong></span> <span class='ocrx_word' id='word_1_298' title='bbox 2563 1832 2566 1835; x_wconf 16' lang='grc' dir='ltr'><strong>Δ</strong></span> 
     </span>
     <span class='ocr_line' id='line_1_24' title="bbox 265 1896 2585 1964; baseline 0.001 -15"><span class='ocrx_word' id='word_1_299' title='bbox 265 1908 404 1950; x_wconf 87' lang='lat' dir='ltr'><strong>valeat</strong></span> <span class='ocrx_word' id='word_1_300' title='bbox 429 1896 624 1949; x_wconf 87' lang='lat' dir='ltr'><strong>inveniri</strong></span> <span class='ocrx_word' id='word_1_301' title='bbox 641 1907 713 1961; x_wconf 93' lang='lat' dir='ltr'><strong>qui</strong></span> <span class='ocrx_word' id='word_1_302' title='bbox 732 1906 939 1960; x_wconf 88' lang='lat' dir='ltr'><strong>baptisma</strong></span> <span class='ocrx_word' id='word_1_303' title='bbox 958 1906 1178 1949; x_wconf 87' lang='lat' dir='ltr'><strong>ministret.</strong></span> <span class='ocrx_word' id='word_1_304' title='bbox 1200 1907 1308 1950; x_wconf 89' lang='lat' dir='ltr'><strong>Solis</strong></span> <span class='ocrx_word' id='word_1_305' title='bbox 1326 1912 1465 1949; x_wconf 90' lang='lat' dir='ltr'><strong>autem</strong></span> <span class='ocrx_word' id='word_1_306' title='bbox 1480 1904 1777 1949; x_wconf 42' lang='lat' dir='ltr'><strong>*sacerdotibus</strong></span> <span class='ocrx_word' id='word_1_307' title='bbox 1802 1907 1962 1949; x_wconf 85' lang='lat' dir='ltr'><strong>licitum</strong></span> <span class='ocrx_word' id='word_1_308' title='bbox 1983 1911 2045 1949; x_wconf 87' lang='lat' dir='ltr'><strong>est</strong></span> <span class='ocrx_word' id='word_1_309' title='bbox 2075 1907 2332 1950; x_wconf 88' lang='lat' dir='ltr'><strong>dominicum</strong></span> <span class='ocrx_word' id='word_1_310' title='bbox 2353 1922 2510 1964; x_wconf 91' lang='lat' dir='ltr'><strong>corpus</strong></span> <span class='ocrx_word' id='word_1_311' title='bbox 2573 1897 2585 1902; x_wconf 46' lang='grc'><em>’</em></span> 
     </span>
     <span class='ocr_line' id='line_1_25' title="bbox 265 1976 2510 2035; baseline 0.001 -15"><span class='ocrx_word' id='word_1_312' title='bbox 265 1978 492 2021; x_wconf 85' lang='lat' dir='ltr'><strong>conficere:</strong></span> <span class='ocrx_word' id='word_1_313' title='bbox 517 1977 636 2035; x_wconf 91' lang='lat' dir='ltr'><strong>quod</strong></span> <span class='ocrx_word' id='word_1_314' title='bbox 665 1976 834 2030; x_wconf 88' lang='lat' dir='ltr'><strong>quidem</strong></span> <span class='ocrx_word' id='word_1_315' title='bbox 862 1989 949 2018; x_wconf 86' lang='lat' dir='ltr'><strong>non</strong></span> <span class='ocrx_word' id='word_1_316' title='bbox 977 1977 1191 2031; x_wconf 86' lang='lat' dir='ltr'><strong>baptizato</strong></span> <span class='ocrx_word' id='word_1_317' title='bbox 1215 1978 1313 2020; x_wconf 92' lang='lat' dir='ltr'><strong>ilico</strong></span> <span class='ocrx_word' id='word_1_318' title='bbox 1340 1979 1548 2021; x_wconf 89' lang='lat' dir='ltr'><strong>morituro</strong></span> <span class='ocrx_word' id='word_1_319' title='bbox 1574 1978 1848 2020; x_wconf 86' lang='lat' dir='ltr'><strong>necessarium</strong></span> <span class='ocrx_word' id='word_1_320' title='bbox 1877 1990 1965 2020; x_wconf 88' lang='lat' dir='ltr'><strong>non</strong></span> <span class='ocrx_word' id='word_1_321' title='bbox 1993 1983 2078 2031; x_wconf 88' lang='lat' dir='ltr'><strong>est;</strong></span> <span class='ocrx_word' id='word_1_322' title='bbox 2102 1991 2197 2020; x_wconf 90' lang='lat' dir='ltr'><strong>cnm</strong></span> <span class='ocrx_word' id='word_1_323' title='bbox 2216 1979 2345 2022; x_wconf 87' lang='lat' dir='ltr'><strong>sancti</strong></span> <span class='ocrx_word' id='word_1_324' title='bbox 2374 1981 2510 2035; x_wconf 89' lang='lat' dir='ltr'><strong>Spiri-</strong></span> 
     </span>
     <span class='ocr_line' id='line_1_26' title="bbox 263 2047 2509 2105; baseline 0.001 -14"><span class='ocrx_word' id='word_1_325' title='bbox 263 2054 332 2095; x_wconf 83' lang='lat' dir='ltr'><strong>tus</strong></span> <span class='ocrx_word' id='word_1_326' title='bbox 352 2049 510 2090; x_wconf 85' lang='lat' dir='ltr'><strong>virtute</strong></span> <span class='ocrx_word' id='word_1_327' title='bbox 539 2052 842 2090; x_wconf 86' lang='lat' dir='ltr'><strong>sacramentum</strong></span> <span class='ocrx_word' id='word_1_328' title='bbox 863 2047 1128 2102; x_wconf 83' lang='lat' dir='ltr'><strong>baptismatis</strong></span> <span class='ocrx_word' id='word_1_329' title='bbox 1154 2048 1358 2091; x_wconf 89' lang='lat' dir='ltr'><strong>efficiatur</strong></span> <span class='ocrx_word' id='word_1_330' title='bbox 1373 2079 1385 2102; x_wconf 90' lang='lat'><strong>,</strong></span> <span class='ocrx_word' id='word_1_331' title='bbox 1407 2048 1527 2103; x_wconf 89' lang='lat' dir='ltr'><strong>quod</strong></span> <span class='ocrx_word' id='word_1_332' title='bbox 1541 2047 1595 2091; x_wconf 89' lang='lat' dir='ltr'><strong>&#39;et</strong></span> <span class='ocrx_word' id='word_1_333' title='bbox 1615 2049 1763 2091; x_wconf 89' lang='lat' dir='ltr'><strong>ordine</strong></span> <span class='ocrx_word' id='word_1_334' title='bbox 1785 2053 1827 2090; x_wconf 89' lang='lat' dir='ltr'><strong>et</strong></span> <span class='ocrx_word' id='word_1_335' title='bbox 1850 2049 1995 2091; x_wconf 88' lang='lat' dir='ltr'><strong>maiori</strong></span> <span class='ocrx_word' id='word_1_336' title='bbox 2016 2051 2260 2092; x_wconf 84' lang='lat' dir='ltr'><strong>necessitate</strong></span> <span class='ocrx_word' id='word_1_337' title='bbox 2281 2063 2406 2105; x_wconf 89' lang='lat' dir='ltr'><strong>quam</strong></span> <span class='ocrx_word' id='word_1_338' title='bbox 2428 2051 2509 2094; x_wconf 90' lang='lat' dir='ltr'><strong>do-</strong></span> 
     </span>
     <span class='ocr_line' id='line_1_27' title="bbox 264 2119 2506 2177; baseline 0.001 -15"><span class='ocrx_word' id='word_1_339' title='bbox 264 2121 464 2162; x_wconf 89' lang='lat' dir='ltr'><strong>minicum</strong></span> <span class='ocrx_word' id='word_1_340' title='bbox 493 2131 650 2173; x_wconf 91' lang='lat' dir='ltr'><strong>corpus</strong></span> <span class='ocrx_word' id='word_1_341' title='bbox 675 2131 699 2160; x_wconf 89' lang='lat' dir='ltr'><strong>a</strong></span> <span class='ocrx_word' id='word_1_342' title='bbox 727 2119 934 2160; x_wconf 86' lang='lat' dir='ltr'><strong>morituro</strong></span> <span class='ocrx_word' id='word_1_343' title='bbox 961 2120 1186 2173; x_wconf 82' lang='lat' dir='ltr'><strong>expetitur.</strong></span> <span class='ocrx_word' id='word_1_344' title='bbox 1219 2120 1349 2174; x_wconf 85' lang='lat' dir='ltr'><strong>Magis</strong></span> <span class='ocrx_word' id='word_1_345' title='bbox 1377 2131 1559 2174; x_wconf 88' lang='lat' dir='ltr'><strong>namque</strong></span> <span class='ocrx_word' id='word_1_346' title='bbox 1589 2119 1818 2162; x_wconf 90' lang='lat' dir='ltr'><strong>dolendum</strong></span> <span class='ocrx_word' id='word_1_347' title='bbox 1849 2125 1911 2161; x_wconf 88' lang='lat' dir='ltr'><strong>est</strong></span> <span class='ocrx_word' id='word_1_348' title='bbox 1928 2150 1939 2171; x_wconf 92' lang='lat'><strong>,</strong></span> <span class='ocrx_word' id='word_1_349' title='bbox 1969 2122 2207 2175; x_wconf 84' lang='lat' dir='ltr'><strong>quempiam</strong></span> <span class='ocrx_word' id='word_1_350' title='bbox 2235 2121 2394 2177; x_wconf 85' lang='lat' dir='ltr'><strong>absque</strong></span> <span class='ocrx_word' id='word_1_351' title='bbox 2425 2123 2506 2165; x_wconf 88' lang='lat' dir='ltr'><strong>ba-</strong></span> 
     </span>
     <span class='ocr_line' id='line_1_28' title="bbox 262 2189 2585 2248; baseline 0.002 -16"><span class='ocrx_word' id='word_1_352' title='bbox 262 2192 416 2246; x_wconf 88' lang='lat' dir='ltr'><strong>ptismo</strong></span> <span class='ocrx_word' id='word_1_353' title='bbox 445 2189 639 2232; x_wconf 87' lang='lat' dir='ltr'><strong>humanis</strong></span> <span class='ocrx_word' id='word_1_354' title='bbox 668 2189 796 2231; x_wconf 82' lang='lat' dir='ltr'><strong>rebus</strong></span> <span class='ocrx_word' id='word_1_355' title='bbox 825 2189 1053 2243; x_wconf 80' lang='lat' dir='ltr'><strong>excedere,</strong></span> <span class='ocrx_word' id='word_1_356' title='bbox 1084 2202 1212 2244; x_wconf 91' lang='lat' dir='ltr'><strong>quam</strong></span> <span class='ocrx_word' id='word_1_357' title='bbox 1243 2190 1501 2245; x_wconf 86' lang='lat' dir='ltr'><strong>baptizatum</strong></span> <span class='ocrx_word' id='word_1_358' title='bbox 1530 2190 1688 2245; x_wconf 89' lang='lat' dir='ltr'><strong>absque</strong></span> <span class='ocrx_word' id='word_1_359' title='bbox 1717 2190 1989 2232; x_wconf 86' lang='lat' dir='ltr'><strong>eucharistiae</strong></span> <span class='ocrx_word' id='word_1_360' title='bbox 2014 2193 2336 2246; x_wconf 85' lang='lat' dir='ltr'><strong>communione,</strong></span> <span class='ocrx_word' id='word_1_361' title='bbox 2361 2206 2509 2248; x_wconf 89' lang='lat' dir='ltr'><strong>quam-</strong></span> <span class='ocrx_word' id='word_1_362' title='bbox 2581 2221 2585 2226; x_wconf 72' lang='lat'><em>‹</em></span> 
     </span>
    </p>

    <p class='ocr_par' dir='ltr' id='par_1_5' title="bbox 219 2260 2734 3171">
     <span class='ocr_line' id='line_1_29' title="bbox 219 2260 2502 2318; baseline 0.002 -17"><span class='ocrx_word' id='word_1_363' title='bbox 219 2276 225 2277; x_wconf 27' lang='lat' dir='ltr'><em>ff</em></span> <span class='ocrx_word' id='word_1_364' title='bbox 263 2262 325 2304; x_wconf 87' lang='lat' dir='ltr'><strong>vis</strong></span> <span class='ocrx_word' id='word_1_365' title='bbox 356 2274 490 2304; x_wconf 89' lang='lat' dir='ltr'><strong>nemo·</strong></span> <span class='ocrx_word' id='word_1_366' title='bbox 512 2262 600 2303; x_wconf 91' lang='lat' dir='ltr'><strong>sine</strong></span> <span class='ocrx_word' id='word_1_367' title='bbox 632 2265 815 2315; x_wconf 91' lang='lat' dir='ltr'><strong>utroque</strong></span> <span class='ocrx_word' id='word_1_368' title='bbox 846 2261 982 2314; x_wconf 87' lang='lat' dir='ltr'><strong>possit</strong></span> <span class='ocrx_word' id='word_1_369' title='bbox 1011 2260 1192 2314; x_wconf 88' lang='lat' dir='ltr'><strong>salvari,</strong></span> <span class='ocrx_word' id='word_1_370' title='bbox 1223 2261 1297 2315; x_wconf 92' lang='lat' dir='ltr'><strong>qni</strong></span> <span class='ocrx_word' id='word_1_371' title='bbox 1323 2260 1493 2315; x_wconf 89' lang='lat' dir='ltr'><strong>quidem</strong></span> <span class='ocrx_word' id='word_1_372' title='bbox 1524 2265 1753 2317; x_wconf 89' lang='lat' dir='ltr'><strong>utrumque</strong></span> <span class='ocrx_word' id='word_1_373' title='bbox 1773 2262 1909 2303; x_wconf 86' lang='lat' dir='ltr'><strong>valeat</strong></span> <span class='ocrx_word' id='word_1_374' title='bbox 1937 2274 2118 2304; x_wconf 87' lang='lat' dir='ltr'><strong>sumere.</strong></span> <span class='ocrx_word' id='word_1_375' title='bbox 2147 2264 2252 2305; x_wconf 86' lang='lat' dir='ltr'><strong>Nam</strong></span> <span class='ocrx_word' id='word_1_376' title='bbox 2281 2263 2355 2318; x_wconf 92' lang='lat' dir='ltr'><strong>qui</strong></span> <span class='ocrx_word' id='word_1_377' title='bbox 2375 2264 2502 2307; x_wconf 79' lang='lat' dir='ltr'><strong>dixit:</strong></span> 
     </span>
     <span class='ocr_line' id='line_1_30' title="bbox 261 2324 2734 2387; baseline 0.002 -12"><span class='ocrx_word' id='word_1_378' title='bbox 261 2338 338 2375; x_wconf 73' lang='lat' dir='ltr'><strong>nisi</strong></span> <span class='ocrx_word' id='word_1_379' title='bbox 365 2324 457 2387; x_wconf 32' lang='lat' dir='ltr'><strong>quis*</strong></span> <span class='ocrx_word' id='word_1_380' title='bbox 480 2338 638 2374; x_wconf 77' lang='lat' dir='ltr'><strong>renatus</strong></span> <span class='ocrx_word' id='word_1_381' title='bbox 656 2332 788 2384; x_wconf 79' lang='lat' dir='ltr'><strong>suerit</strong></span> <span class='ocrx_word' id='word_1_382' title='bbox 806 2332 932 2372; x_wconf 81' lang='lat' dir='ltr'><strong>denuo</strong></span> <span class='ocrx_word' id='word_1_383' title='bbox 961 2344 1014 2372; x_wconf 76' lang='lat' dir='ltr'><strong>ex</strong></span> <span class='ocrx_word' id='word_1_384' title='bbox 1041 2345 1146 2384; x_wconf 83' lang='lat' dir='ltr'><strong>aqua</strong></span> <span class='ocrx_word' id='word_1_385' title='bbox 1175 2337 1213 2373; x_wconf 80' lang='lat' dir='ltr'><strong>et</strong></span> <span class='ocrx_word' id='word_1_386' title='bbox 1240 2333 1393 2384; x_wconf 76' lang='lat' dir='ltr'><strong>Spiritu</strong></span> <span class='ocrx_word' id='word_1_387' title='bbox 1420 2338 1573 2384; x_wconf 77' lang='lat' dir='ltr'><strong>sancto,</strong></span> <span class='ocrx_word' id='word_1_388' title='bbox 1600 2346 1677 2374; x_wconf 78' lang='lat' dir='ltr'><strong>non</strong></span> <span class='ocrx_word' id='word_1_389' title='bbox 1704 2334 1872 2374; x_wconf 79' lang='lat' dir='ltr'><strong>intrabit</strong></span> <span class='ocrx_word' id='word_1_390' title='bbox 1887 2335 1930 2374; x_wconf 78' lang='lat' dir='ltr'><strong>in</strong></span> <span class='ocrx_word' id='word_1_391' title='bbox 1950 2347 2123 2386; x_wconf 75' lang='lat' dir='ltr'><strong>reqmcm.</strong></span> <span class='ocrx_word' id='word_1_392' title='bbox 2143 2336 2367 2387; x_wconf 63' lang='lat' dir='ltr'><strong>caelorum,-</strong></span> <span class='ocrx_word' id='word_1_393' title='bbox 2389 2335 2505 2378; x_wconf 88' lang='lat' dir='ltr'><strong>idem</strong></span> <span class='ocrx_word' id='word_1_394' title='bbox 2546 2347 2615 2378; x_wconf 85' lang='lat' dir='ltr'><strong>cod.</strong></span> <span class='ocrx_word' id='word_1_395' title='bbox 2631 2348 2653 2378; x_wconf 78' lang='lat' dir='ltr'><strong>f.</strong></span> <span class='ocrx_word' id='word_1_396' title='bbox 2674 2353 2734 2379; x_wconf 77' lang='lat'><strong>126.</strong></span> 
     </span>
     <span class='ocr_line' id='line_1_31' title="bbox 262 2403 2500 2456; baseline 0.001 -9"><span class='ocrx_word' id='word_1_397' title='bbox 262 2410 338 2447; x_wconf 74' lang='lat' dir='ltr'><strong>nisi</strong></span> <span class='ocrx_word' id='word_1_398' title='bbox 366 2405 694 2446; x_wconf 77' lang='lat' dir='ltr'><strong>manducaveritis</strong></span> <span class='ocrx_word' id='word_1_399' title='bbox 715 2415 870 2444; x_wconf 75' lang='lat' dir='ltr'><strong>earnem</strong></span> <span class='ocrx_word' id='word_1_400' title='bbox 889 2403 977 2454; x_wconf 74' lang='lat' dir='ltr'><strong>filii</strong></span> <span class='ocrx_word' id='word_1_401' title='bbox 1003 2404 1170 2444; x_wconf 78' lang='lat' dir='ltr'><strong>hominis</strong></span> <span class='ocrx_word' id='word_1_402' title='bbox 1191 2407 1228 2444; x_wconf 86' lang='lat' dir='ltr'><strong>et</strong></span> <span class='ocrx_word' id='word_1_403' title='bbox 1251 2405 1426 2445; x_wconf 78' lang='lat' dir='ltr'><strong>biberitis</strong></span> <span class='ocrx_word' id='word_1_404' title='bbox 1453 2407 1537 2444; x_wconf 80' lang='lat' dir='ltr'><strong>eius</strong></span> <span class='ocrx_word' id='word_1_405' title='bbox 1555 2406 1810 2456; x_wconf 74' lang='lat' dir='ltr'><strong>sanquinem,</strong></span> <span class='ocrx_word' id='word_1_406' title='bbox 1835 2417 1911 2445; x_wconf 85' lang='lat' dir='ltr'><strong>non</strong></span> <span class='ocrx_word' id='word_1_407' title='bbox 1941 2405 2130 2446; x_wconf 76' lang='lat' dir='ltr'><strong>habebitis</strong></span> <span class='ocrx_word' id='word_1_408' title='bbox 2159 2409 2281 2446; x_wconf 82' lang='lat' dir='ltr'><strong>vitam</strong></span> <span class='ocrx_word' id='word_1_409' title='bbox 2308 2410 2351 2447; x_wconf 78' lang='lat' dir='ltr'><strong>in</strong></span> <span class='ocrx_word' id='word_1_410' title='bbox 2378 2409 2500 2450; x_wconf 78' lang='lat' dir='ltr'><strong>vobis.</strong></span> 
     </span>
     <span class='ocr_line' id='line_1_32' title="bbox 236 2469 2504 2530; baseline 0.001 -12"><span class='ocrx_word' id='word_1_411' title='bbox 236 2469 238 2471; x_wconf 34' lang='lat'><strong><em>¹</em></strong></span> <span class='ocrx_word' id='word_1_412' title='bbox 262 2476 364 2518; x_wconf 91' lang='lat' dir='ltr'><strong>ldeo</strong></span> <span class='ocrx_word' id='word_1_413' title='bbox 395 2479 534 2518; x_wconf 88' lang='lat' dir='ltr'><strong>autem</strong></span> <span class='ocrx_word' id='word_1_414' title='bbox 568 2473 656 2516; x_wconf 86' lang='lat' dir='ltr'><strong>dixi</strong></span> <span class='ocrx_word' id='word_1_415' title='bbox 690 2473 743 2515; x_wconf 91' lang='lat' dir='ltr'><strong>de</strong></span> <span class='ocrx_word' id='word_1_416' title='bbox 771 2473 964 2528; x_wconf 90' lang='lat' dir='ltr'><strong>potentia</strong></span> <span class='ocrx_word' id='word_1_417' title='bbox 995 2474 1187 2516; x_wconf 89' lang='lat' dir='ltr'><strong>sumendi</strong></span> <span class='ocrx_word' id='word_1_418' title='bbox 1213 2478 1442 2529; x_wconf 88' lang='lat' dir='ltr'><strong>utrumqne</strong></span> <span class='ocrx_word' id='word_1_419' title='bbox 1458 2505 1471 2528; x_wconf 92' lang='lat'><strong>,</strong></span> <span class='ocrx_word' id='word_1_420' title='bbox 1504 2476 1704 2530; x_wconf 90' lang='lat' dir='ltr'><strong>quoniam</strong></span> <span class='ocrx_word' id='word_1_421' title='bbox 1739 2476 1941 2530; x_wconf 85' lang='lat' dir='ltr'><strong>parvulus</strong></span> <span class='ocrx_word' id='word_1_422' title='bbox 1972 2475 2098 2517; x_wconf 91' lang='lat' dir='ltr'><strong>modo</strong></span> <span class='ocrx_word' id='word_1_423' title='bbox 2120 2480 2262 2530; x_wconf 89' lang='lat' dir='ltr'><strong>natus,</strong></span> <span class='ocrx_word' id='word_1_424' title='bbox 2283 2476 2413 2520; x_wconf 90' lang='lat' dir='ltr'><strong>modo</strong></span> <span class='ocrx_word' id='word_1_425' title='bbox 2434 2491 2504 2520; x_wconf 85' lang='lat' dir='ltr'><strong>re-</strong></span> 
     </span>
     <span class='ocr_line' id='line_1_33' title="bbox 262 2544 2542 2604; baseline 0 -14"><span class='ocrx_word' id='word_1_426' title='bbox 262 2552 414 2601; x_wconf 79' lang='lat' dir='ltr'><strong>natnS,</strong></span> <span class='ocrx_word' id='word_1_427' title='bbox 435 2558 521 2588; x_wconf 91' lang='lat' dir='ltr'><strong>non</strong></span> <span class='ocrx_word' id='word_1_428' title='bbox 555 2545 663 2587; x_wconf 84' lang='lat' dir='ltr'><strong>valet</strong></span> <span class='ocrx_word' id='word_1_429' title='bbox 695 2556 865 2586; x_wconf 87' lang='lat' dir='ltr'><strong>carnem</strong></span> <span class='ocrx_word' id='word_1_430' title='bbox 898 2544 1152 2587; x_wconf 83' lang='lat' dir='ltr'><strong>dominicam</strong></span> <span class='ocrx_word' id='word_1_431' title='bbox 1179 2545 1433 2588; x_wconf 86' lang='lat' dir='ltr'><strong>manducare</strong></span> <span class='ocrx_word' id='word_1_432' title='bbox 1453 2576 1466 2599; x_wconf 92' lang='lat'><strong>,</strong></span> <span class='ocrx_word' id='word_1_433' title='bbox 1497 2546 1598 2588; x_wconf 87' lang='lat' dir='ltr'><strong>licet</strong></span> <span class='ocrx_word' id='word_1_434' title='bbox 1623 2547 1866 2600; x_wconf 86' lang='lat' dir='ltr'><strong>sanguinem</strong></span> <span class='ocrx_word' id='word_1_435' title='bbox 1893 2546 2076 2589; x_wconf 89' lang='lat' dir='ltr'><strong>eiusdem</strong></span> <span class='ocrx_word' id='word_1_436' title='bbox 2107 2547 2173 2589; x_wconf 90' lang='lat' dir='ltr'><strong>ori</strong></span> <span class='ocrx_word' id='word_1_437' title='bbox 2191 2548 2375 2591; x_wconf 85' lang='lat' dir='ltr'><strong>infusum</strong></span> <span class='ocrx_word' id='word_1_438' title='bbox 2400 2561 2503 2604; x_wconf 89' lang='lat' dir='ltr'><strong>pos·</strong></span> <span class='ocrx_word' id='word_1_439' title='bbox 2538 2595 2542 2601; x_wconf 52' lang='grc'>,</span> 
     </span>
     <span class='ocr_line' id='line_1_34' title="bbox 260 2614 2503 2676; baseline 0.001 -16"><span class='ocrx_word' id='word_1_440' title='bbox 260 2620 315 2660; x_wconf 87' lang='lat' dir='ltr'><strong>sit</strong></span> <span class='ocrx_word' id='word_1_441' title='bbox 345 2622 388 2660; x_wconf 85' lang='lat' dir='ltr'><strong>et</strong></span> <span class='ocrx_word' id='word_1_442' title='bbox 410 2615 562 2661; x_wconf 84' lang='lat' dir='ltr'><strong>debeat</strong></span> <span class='ocrx_word' id='word_1_443' title='bbox 583 2616 808 2670; x_wconf 86' lang='lat' dir='ltr'><strong>degluttire</strong></span> <span class='ocrx_word' id='word_1_444' title='bbox 828 2616 886 2668; x_wconf 80' lang='grc'>4).</span> <span class='ocrx_word' id='word_1_445' title='bbox 909 2617 1015 2657; x_wconf 83' lang='lat' dir='ltr'><strong>Nam</strong></span> <span class='ocrx_word' id='word_1_446' title='bbox 1046 2614 1164 2670; x_wconf 89' lang='lat' dir='ltr'><strong>quod</strong></span> <span class='ocrx_word' id='word_1_447' title='bbox 1192 2616 1348 2659; x_wconf 90' lang='lat' dir='ltr'><strong>dicitur</strong></span> <span class='ocrx_word' id='word_1_448' title='bbox 1370 2621 1447 2658; x_wconf 80' lang='lat' dir='ltr'><strong>nisi</strong></span> <span class='ocrx_word' id='word_1_449' title='bbox 1474 2618 1845 2676; x_wconf 42' lang='lat' dir='ltr'><strong>manducaveritis„</strong></span> <span class='ocrx_word' id='word_1_450' title='bbox 1860 2617 1911 2659; x_wconf 94' lang='lat' dir='ltr'><strong>de</strong></span> <span class='ocrx_word' id='word_1_451' title='bbox 1933 2618 1999 2660; x_wconf 92' lang='lat' dir='ltr'><strong>his</strong></span> <span class='ocrx_word' id='word_1_452' title='bbox 2026 2619 2099 2672; x_wconf 92' lang='lat' dir='ltr'><strong>qui</strong></span> <span class='ocrx_word' id='word_1_453' title='bbox 2122 2618 2372 2661; x_wconf 87' lang='lat' dir='ltr'><strong>manducare</strong></span> <span class='ocrx_word' id='word_1_454' title='bbox 2399 2632 2503 2674; x_wconf 90' lang='lat' dir='ltr'><strong>pos-</strong></span> 
     </span>
     <span class='ocr_line' id='line_1_35' title="bbox 263 2686 2498 2745; baseline 0 -14"><span class='ocrx_word' id='word_1_455' title='bbox 263 2693 361 2731; x_wconf 83' lang='lat' dir='ltr'><strong>sunt</strong></span> <span class='ocrx_word' id='word_1_456' title='bbox 378 2687 667 2742; x_wconf 87' lang='lat' dir='ltr'><strong>accipiendum</strong></span> <span class='ocrx_word' id='word_1_457' title='bbox 696 2691 819 2742; x_wconf 92' lang='lat' dir='ltr'><strong>puto.</strong></span> <span class='ocrx_word' id='word_1_458' title='bbox 849 2687 980 2728; x_wconf 81' lang='lat' dir='ltr'><strong>Nemo</strong></span> <span class='ocrx_word' id='word_1_459' title='bbox 1006 2687 1115 2728; x_wconf 91' lang='lat' dir='ltr'><strong>enim</strong></span> <span class='ocrx_word' id='word_1_460' title='bbox 1142 2686 1244 2729; x_wconf 91' lang='lat' dir='ltr'><strong>dicit</strong></span> <span class='ocrx_word' id='word_1_461' title='bbox 1268 2686 1320 2729; x_wconf 93' lang='lat' dir='ltr'><strong>de</strong></span> <span class='ocrx_word' id='word_1_462' title='bbox 1340 2699 1390 2729; x_wconf 91' lang='lat' dir='ltr'><strong>eo</strong></span> <span class='ocrx_word' id='word_1_463' title='bbox 1420 2688 1599 2742; x_wconf 90' lang='lat' dir='ltr'><strong>quinon</strong></span> <span class='ocrx_word' id='word_1_464' title='bbox 1623 2693 1763 2742; x_wconf 89' lang='lat' dir='ltr'><strong>potest</strong></span> <span class='ocrx_word' id='word_1_465' title='bbox 1781 2689 2032 2731; x_wconf 88' lang='lat' dir='ltr'><strong>manducare</strong></span> <span class='ocrx_word' id='word_1_466' title='bbox 2047 2719 2060 2741; x_wconf 94' lang='lat'><strong>,</strong></span> <span class='ocrx_word' id='word_1_467' title='bbox 2085 2693 2161 2730; x_wconf 80' lang='lat' dir='ltr'><strong>nisi</strong></span> <span class='ocrx_word' id='word_1_468' title='bbox 2180 2691 2498 2745; x_wconf 76' lang='lat' dir='ltr'><strong>manducaverit,</strong></span> 
     </span>
     <span class='ocr_line' id='line_1_36' title="bbox 260 2748 2499 2816; baseline 0.001 -14"><span class='ocrx_word' id='word_1_469' title='bbox 260 2759 334 2802; x_wconf 90' lang='lat' dir='ltr'><strong>sed</strong></span> <span class='ocrx_word' id='word_1_470' title='bbox 360 2758 414 2801; x_wconf 92' lang='lat' dir='ltr'><strong>de</strong></span> <span class='ocrx_word' id='word_1_471' title='bbox 446 2771 498 2800; x_wconf 91' lang='lat' dir='ltr'><strong>eo</strong></span> <span class='ocrx_word' id='word_1_472' title='bbox 528 2748 602 2813; x_wconf 77' lang='lat' dir='ltr'><strong>qni</strong></span> <span class='ocrx_word' id='word_1_473' title='bbox 625 2761 771 2812; x_wconf 89' lang='lat' dir='ltr'><strong>-potest</strong></span> <span class='ocrx_word' id='word_1_474' title='bbox 796 2756 1061 2798; x_wconf 88' lang='lat' dir='ltr'><strong>manducare.</strong></span> <span class='ocrx_word' id='word_1_475' title='bbox 1094 2758 1158 2799; x_wconf 93' lang='lat' dir='ltr'><strong>De</strong></span> <span class='ocrx_word' id='word_1_476' title='bbox 1184 2757 1252 2800; x_wconf 89' lang='lat' dir='ltr'><strong>his</strong></span> <span class='ocrx_word' id='word_1_477' title='bbox 1272 2762 1412 2800; x_wconf 90' lang='lat' dir='ltr'><strong>autem</strong></span> <span class='ocrx_word' id='word_1_478' title='bbox 1446 2759 1520 2813; x_wconf 92' lang='lat' dir='ltr'><strong>qui</strong></span> <span class='ocrx_word' id='word_1_479' title='bbox 1546 2758 1661 2813; x_wconf 91' lang='lat' dir='ltr'><strong>apud</strong></span> <span class='ocrx_word' id='word_1_480' title='bbox 1694 2760 1942 2802; x_wconf 89' lang='lat' dir='ltr'><strong>simoniacos</strong></span> <span class='ocrx_word' id='word_1_481' title='bbox 1975 2763 2018 2801; x_wconf 90' lang='lat' dir='ltr'><strong>et</strong></span> <span class='ocrx_word' id='word_1_482' title='bbox 2043 2759 2328 2803; x_wconf 85' lang='lat' dir='ltr'><strong>schismaticos</strong></span> <span class='ocrx_word' id='word_1_483' title='bbox 2355 2761 2499 2816; x_wconf 88' lang='lat' dir='ltr'><strong>bapti-</strong></span> 
     </span>
     <span class='ocr_line' id='line_1_37' title="bbox 259 2826 2497 2887; baseline 0.001 -15"><span class='ocrx_word' id='word_1_484' title='bbox 259 2834 430 2883; x_wconf 87' lang='lat' dir='ltr'><strong>zantur,</strong></span> <span class='ocrx_word' id='word_1_485' title='bbox 461 2828 507 2871; x_wconf 87' lang='lat' dir='ltr'><strong>id</strong></span> <span class='ocrx_word' id='word_1_486' title='bbox 536 2827 764 2870; x_wconf 90' lang='lat' dir='ltr'><strong>tenendum</strong></span> <span class='ocrx_word' id='word_1_487' title='bbox 793 2826 960 2871; x_wconf 77' lang='lat' dir='ltr'><strong>videtur</strong></span> <span class='ocrx_word' id='word_1_488' title='bbox 992 2827 1111 2881; x_wconf 90' lang='lat' dir='ltr'><strong>qnod</strong></span> <span class='ocrx_word' id='word_1_489' title='bbox 1145 2828 1388 2870; x_wconf 86' lang='lat' dir='ltr'><strong>Anastasius</strong></span> <span class='ocrx_word' id='word_1_490' title='bbox 1422 2840 1534 2883; x_wconf 87' lang='lat' dir='ltr'><strong>papa</strong></span> <span class='ocrx_word' id='word_1_491' title='bbox 1571 2827 1951 2871; x_wconf 82' lang='lat' dir='ltr'><strong>Mediolanensibus</strong></span> <span class='ocrx_word' id='word_1_492' title='bbox 1988 2829 2148 2872; x_wconf 87' lang='lat' dir='ltr'><strong>scribit.</strong></span> <span class='ocrx_word' id='word_1_493' title='bbox 2186 2849 2203 2866; x_wconf 70' lang='grc' dir='ltr'><strong>α</strong></span> <span class='ocrx_word' id='word_1_494' title='bbox 2222 2831 2300 2884; x_wconf 87' lang='lat' dir='ltr'><strong>Hi,</strong></span> <span class='ocrx_word' id='word_1_495' title='bbox 2330 2832 2497 2887; x_wconf 91' lang='lat' dir='ltr'><strong>inquit,</strong></span> 
     </span>
     <span class='ocr_line' id='line_1_38' title="bbox 258 2897 2495 2956; baseline 0 -13"><span class='ocrx_word' id='word_1_496' title='bbox 258 2902 334 2956; x_wconf 93' lang='lat' dir='ltr'><strong>qni</strong></span> <span class='ocrx_word' id='word_1_497' title='bbox 361 2899 475 2955; x_wconf 87' lang='lat' dir='ltr'><strong>apud</strong></span> <span class='ocrx_word' id='word_1_498' title='bbox 504 2899 743 2952; x_wconf 79' lang='lat' dir='ltr'><strong>Donatistas</strong></span> <span class='ocrx_word' id='word_1_499' title='bbox 770 2898 937 2952; x_wconf 86' lang='lat' dir='ltr'><strong>parvuli</strong></span> <span class='ocrx_word' id='word_1_500' title='bbox 958 2897 1158 2952; x_wconf 87' lang='lat' dir='ltr'><strong>baptizati</strong></span> <span class='ocrx_word' id='word_1_501' title='bbox 1176 2902 1300 2952; x_wconf 91' lang='lat' dir='ltr'><strong>sunt,</strong></span> <span class='ocrx_word' id='word_1_502' title='bbox 1336 2898 1526 2940; x_wconf 90' lang='lat' dir='ltr'><strong>nondum</strong></span> <span class='ocrx_word' id='word_1_503' title='bbox 1554 2899 1659 2941; x_wconf 91' lang='lat' dir='ltr'><strong>scire</strong></span> <span class='ocrx_word' id='word_1_504' title='bbox 1683 2900 1871 2942; x_wconf 83' lang='lat' dir='ltr'><strong>valentes</strong></span> <span class='ocrx_word' id='word_1_505' title='bbox 1897 2900 2052 2942; x_wconf 88' lang='lat' dir='ltr'><strong>erroris</strong></span> <span class='ocrx_word' id='word_1_506' title='bbox 2078 2912 2225 2942; x_wconf 88' lang='lat' dir='ltr'><strong>eorum</strong></span> <span class='ocrx_word' id='word_1_507' title='bbox 2257 2901 2464 2945; x_wconf 90' lang='lat' dir='ltr'><strong>intentum</strong></span> <span class='ocrx_word' id='word_1_508' title='bbox 2481 2933 2495 2956; x_wconf 93' lang='lat'><strong>,</strong></span> 
     </span>
     <span class='ocr_line' id='line_1_39' title="bbox 258 2969 2499 3026; baseline 0.001 -12"><span class='ocrx_word' id='word_1_509' title='bbox 258 2977 302 3014; x_wconf 90' lang='lat' dir='ltr'><strong>et</strong></span> <span class='ocrx_word' id='word_1_510' title='bbox 329 2976 474 3026; x_wconf 91' lang='lat' dir='ltr'><strong>postea</strong></span> <span class='ocrx_word' id='word_1_511' title='bbox 505 2982 633 3025; x_wconf 89' lang='lat' dir='ltr'><strong>quam</strong></span> <span class='ocrx_word' id='word_1_512' title='bbox 658 2969 712 3011; x_wconf 89' lang='lat' dir='ltr'><strong>ad</strong></span> <span class='ocrx_word' id='word_1_513' title='bbox 745 2973 921 3011; x_wconf 87' lang='lat' dir='ltr'><strong>aetatem</strong></span> <span class='ocrx_word' id='word_1_514' title='bbox 951 2970 1123 3010; x_wconf 83' lang='lat' dir='ltr'><strong>rationis</strong></span> <span class='ocrx_word' id='word_1_515' title='bbox 1156 2982 1352 3023; x_wconf 88' lang='lat' dir='ltr'><strong>capacem</strong></span> <span class='ocrx_word' id='word_1_516' title='bbox 1382 2971 1649 3024; x_wconf 87' lang='lat' dir='ltr'><strong>pervenerint</strong></span> <span class='ocrx_word' id='word_1_517' title='bbox 1667 3000 1679 3021; x_wconf 97' lang='lat'><strong>,</strong></span> <span class='ocrx_word' id='word_1_518' title='bbox 1707 2971 1850 3024; x_wconf 88' lang='lat' dir='ltr'><strong>agnita</strong></span> <span class='ocrx_word' id='word_1_519' title='bbox 1868 2970 2069 3023; x_wconf 84' lang='lat' dir='ltr'><strong>veritate,</strong></span> <span class='ocrx_word' id='word_1_520' title='bbox 2098 2970 2322 3014; x_wconf 84' lang='lat' dir='ltr'><strong>falsitatem</strong></span> <span class='ocrx_word' id='word_1_521' title='bbox 2350 2986 2499 3018; x_wconf 91' lang='lat' dir='ltr'><strong>eorum</strong></span> 
     </span>
     <span class='ocr_line' id='line_1_40' title="bbox 255 3039 2495 3098; baseline 0.001 -13"><span class='ocrx_word' id='word_1_522' title='bbox 255 3043 557 3094; x_wconf 84' lang='lat' dir='ltr'><strong>abhorrentes,</strong></span> <span class='ocrx_word' id='word_1_523' title='bbox 589 3040 644 3082; x_wconf 89' lang='lat' dir='ltr'><strong>ad</strong></span> <span class='ocrx_word' id='word_1_524' title='bbox 674 3039 887 3082; x_wconf 90' lang='lat' dir='ltr'><strong>ecclesiam</strong></span> <span class='ocrx_word' id='word_1_525' title='bbox 917 3039 1165 3081; x_wconf 85' lang='lat' dir='ltr'><strong>catholicam</strong></span> <span class='ocrx_word' id='word_1_526' title='bbox 1190 3040 1387 3094; x_wconf 80' lang='lat' dir='ltr'><strong>veniunt,</strong></span> <span class='ocrx_word' id='word_1_527' title='bbox 1412 3039 1559 3082; x_wconf 90' lang='lat' dir='ltr'><strong>ordine</strong></span> <span class='ocrx_word' id='word_1_528' title='bbox 1582 3040 1758 3097; x_wconf 89' lang='lat' dir='ltr'><strong>antiqno</strong></span> <span class='ocrx_word' id='word_1_529' title='bbox 1779 3051 1855 3096; x_wconf 89' lang='lat' dir='ltr'><strong>per</strong></span> <span class='ocrx_word' id='word_1_530' title='bbox 1882 3053 2028 3084; x_wconf 87' lang='lat' dir='ltr'><strong>manus</strong></span> <span class='ocrx_word' id='word_1_531' title='bbox 2045 3041 2357 3097; x_wconf 88' lang='lat' dir='ltr'><strong>impositionem</strong></span> <span class='ocrx_word' id='word_1_532' title='bbox 2387 3046 2495 3098; x_wconf 85' lang='lat' dir='ltr'><strong>reci-</strong></span> 
     </span>
     <span class='ocr_line' id='line_1_41' title="bbox 258 3111 2468 3171; baseline -0.001 -15"><span class='ocrx_word' id='word_1_533' title='bbox 258 3111 440 3169; x_wconf 81' lang='lat' dir='ltr'><strong>piantur.</strong></span> <span class='ocrx_word' id='word_1_534' title='bbox 466 3130 482 3147; x_wconf 77' lang='lat'><strong>»</strong></span> <span class='ocrx_word' id='word_1_535' title='bbox 516 3113 627 3153; x_wconf 84' lang='lat' dir='ltr'><strong>Haec</strong></span> <span class='ocrx_word' id='word_1_536' title='bbox 656 3111 912 3152; x_wconf 83' lang='lat' dir='ltr'><strong>Anastasius.</strong></span> <span class='ocrx_word' id='word_1_537' title='bbox 2465 3168 2468 3171; x_wconf 13' lang='grc' dir='ltr'><em>Δ</em></span> 
     </span>
    </p>

    <p class='ocr_par' dir='ltr' id='par_1_6' title="bbox 254 3180 2493 3455">
     <span class='ocr_line' id='line_1_42' title="bbox 375 3180 2493 3243; baseline 0.003 -19"><span class='ocrx_word' id='word_1_538' title='bbox 375 3184 417 3224; x_wconf 85' lang='grc'>5.</span> <span class='ocrx_word' id='word_1_539' title='bbox 450 3181 674 3224; x_wconf 88' lang='lat' dir='ltr'><strong>Sciendum</strong></span> <span class='ocrx_word' id='word_1_540' title='bbox 693 3185 757 3223; x_wconf 90' lang='lat' dir='ltr'><strong>est</strong></span> <span class='ocrx_word' id='word_1_541' title='bbox 777 3181 895 3235; x_wconf 91' lang='lat' dir='ltr'><strong>quod</strong></span> <span class='ocrx_word' id='word_1_542' title='bbox 926 3181 972 3222; x_wconf 92' lang='lat' dir='ltr'><strong>hi</strong></span> <span class='ocrx_word' id='word_1_543' title='bbox 995 3181 1068 3235; x_wconf 91' lang='lat' dir='ltr'><strong>qui</strong></span> <span class='ocrx_word' id='word_1_544' title='bbox 1091 3180 1144 3222; x_wconf 91' lang='lat' dir='ltr'><strong>ab</strong></span> <span class='ocrx_word' id='word_1_545' title='bbox 1176 3181 1392 3224; x_wconf 86' lang='lat' dir='ltr'><strong>haereticis</strong></span> <span class='ocrx_word' id='word_1_546' title='bbox 1418 3186 1462 3224; x_wconf 92' lang='lat' dir='ltr'><strong>et</strong></span> <span class='ocrx_word' id='word_1_547' title='bbox 1491 3181 1764 3227; x_wconf 86' lang='lat' dir='ltr'><strong>schismaticis</strong></span> <span class='ocrx_word' id='word_1_548' title='bbox 1792 3182 2053 3239; x_wconf 87' lang='lat' dir='ltr'><strong>baptizantur</strong></span> <span class='ocrx_word' id='word_1_549' title='bbox 2071 3217 2083 3240; x_wconf 92' lang='lat'><strong>,</strong></span> <span class='ocrx_word' id='word_1_550' title='bbox 2105 3187 2149 3228; x_wconf 90' lang='lat' dir='ltr'><strong>in</strong></span> <span class='ocrx_word' id='word_1_551' title='bbox 2179 3198 2326 3228; x_wconf 89' lang='lat' dir='ltr'><strong>eornm</strong></span> <span class='ocrx_word' id='word_1_552' title='bbox 2349 3186 2493 3243; x_wconf 90' lang='lat' dir='ltr'><strong>bapti-</strong></span> 
     </span>
     <span class='ocr_line' id='line_1_43' title="bbox 254 3254 2491 3314; baseline 0.001 -17"><span class='ocrx_word' id='word_1_553' title='bbox 254 3259 384 3298; x_wconf 86' lang='lat' dir='ltr'><strong>smate</strong></span> <span class='ocrx_word' id='word_1_554' title='bbox 403 3266 667 3313; x_wconf 87' lang='lat' dir='ltr'><strong>nequaqnam</strong></span> <span class='ocrx_word' id='word_1_555' title='bbox 688 3254 887 3308; x_wconf 86' lang='lat' dir='ltr'><strong>Spiritum</strong></span> <span class='ocrx_word' id='word_1_556' title='bbox 907 3258 1096 3295; x_wconf 84' lang='lat' dir='ltr'><strong>sanctum</strong></span> <span class='ocrx_word' id='word_1_557' title='bbox 1117 3254 1328 3308; x_wconf 89' lang='lat' dir='ltr'><strong>accipiunt</strong></span> <span class='ocrx_word' id='word_1_558' title='bbox 1358 3254 1480 3296; x_wconf 89' lang='lat' dir='ltr'><strong>sicuti</strong></span> <span class='ocrx_word' id='word_1_559' title='bbox 1509 3255 1641 3297; x_wconf 87' lang='lat' dir='ltr'><strong>sancti</strong></span> <span class='ocrx_word' id='word_1_560' title='bbox 1669 3258 1807 3310; x_wconf 85' lang='lat' dir='ltr'><strong>patres</strong></span> <span class='ocrx_word' id='word_1_561' title='bbox 1826 3259 2042 3309; x_wconf 88' lang='lat' dir='ltr'><strong>asserunt,</strong></span> <span class='ocrx_word' id='word_1_562' title='bbox 2066 3257 2336 3299; x_wconf 89' lang='lat' dir='ltr'><strong>Innocentius</strong></span> <span class='ocrx_word' id='word_1_563' title='bbox 2351 3288 2364 3312; x_wconf 88' lang='lat'><strong>,</strong></span> <span class='ocrx_word' id='word_1_564' title='bbox 2382 3259 2491 3314; x_wconf 90' lang='lat' dir='ltr'><strong>Leo,</strong></span> 
     </span>
     <span class='ocr_line' id='line_1_44' title="bbox 256 3323 2492 3384; baseline 0.002 -16"><span class='ocrx_word' id='word_1_565' title='bbox 256 3325 505 3379; x_wconf 86' lang='lat' dir='ltr'><strong>Gregorius,</strong></span> <span class='ocrx_word' id='word_1_566' title='bbox 531 3324 807 3378; x_wconf 82' lang='lat' dir='ltr'><strong>Augustinus,</strong></span> <span class='ocrx_word' id='word_1_567' title='bbox 829 3327 870 3365; x_wconf 87' lang='lat' dir='ltr'><strong>et</strong></span> <span class='ocrx_word' id='word_1_568' title='bbox 889 3323 1061 3378; x_wconf 88' lang='lat' dir='ltr'><strong>reliqui:</strong></span> <span class='ocrx_word' id='word_1_569' title='bbox 1085 3324 1157 3366; x_wconf 90' lang='lat' dir='ltr'><strong>sed</strong></span> <span class='ocrx_word' id='word_1_570' title='bbox 1180 3336 1276 3366; x_wconf 90' lang='lat' dir='ltr'><strong>cum</strong></span> <span class='ocrx_word' id='word_1_571' title='bbox 1299 3323 1353 3366; x_wconf 86' lang='lat' dir='ltr'><strong>ad</strong></span> <span class='ocrx_word' id='word_1_572' title='bbox 1375 3324 1605 3379; x_wconf 89' lang='lat' dir='ltr'><strong>catholicae</strong></span> <span class='ocrx_word' id='word_1_573' title='bbox 1624 3325 1818 3368; x_wconf 89' lang='lat' dir='ltr'><strong>ecclesiae</strong></span> <span class='ocrx_word' id='word_1_574' title='bbox 1839 3325 2045 3369; x_wconf 87' lang='lat' dir='ltr'><strong>redierint</strong></span> <span class='ocrx_word' id='word_1_575' title='bbox 2063 3327 2286 3381; x_wconf 88' lang='lat' dir='ltr'><strong>unitatem,</strong></span> <span class='ocrx_word' id='word_1_576' title='bbox 2309 3341 2385 3384; x_wconf 91' lang='lat' dir='ltr'><strong>per</strong></span> <span class='ocrx_word' id='word_1_577' title='bbox 2400 3342 2492 3372; x_wconf 89' lang='lat' dir='ltr'><strong>ma-</strong></span> 
     </span>
     <span class='ocr_line' id='line_1_45' title="bbox 255 3391 2488 3455; baseline 0.002 -17"><span class='ocrx_word' id='word_1_578' title='bbox 255 3407 334 3438; x_wconf 88' lang='lat' dir='ltr'><strong>nus</strong></span> <span class='ocrx_word' id='word_1_579' title='bbox 365 3394 677 3449; x_wconf 87' lang='lat' dir='ltr'><strong>impositionem</strong></span> <span class='ocrx_word' id='word_1_580' title='bbox 703 3393 887 3436; x_wconf 89' lang='lat' dir='ltr'><strong>eiusdem</strong></span> <span class='ocrx_word' id='word_1_581' title='bbox 908 3394 1042 3436; x_wconf 87' lang='lat' dir='ltr'><strong>sancti</strong></span> <span class='ocrx_word' id='word_1_582' title='bbox 1066 3394 1475 3450; x_wconf 86' lang='lat' dir='ltr'><strong>Spiritus.accipinnt</strong></span> <span class='ocrx_word' id='word_1_583' title='bbox 1493 3395 1815 3450; x_wconf 89' lang='lat' dir='ltr'><strong>plenitudinem.</strong></span> <span class='ocrx_word' id='word_1_584' title='bbox 1845 3398 1904 3439; x_wconf 81' lang='lat' dir='ltr'><strong>Ex</strong></span> <span class='ocrx_word' id='word_1_585' title='bbox 1932 3391 2020 3453; x_wconf 84' lang='lat' dir='ltr'><strong>q&#39;no</strong></span> <span class='ocrx_word' id='word_1_586' title='bbox 2045 3402 2187 3454; x_wconf 89' lang='lat' dir='ltr'><strong>aperte</strong></span> <span class='ocrx_word' id='word_1_587' title='bbox 2217 3399 2488 3455; x_wconf 87' lang='lat' dir='ltr'><strong>intelligitur,</strong></span> 
     </span>
    </p>
   </div>
   <div class='ocr_carea' id='block_1_3' title="bbox 230 3567 2539 3883">
    <p class='ocr_par' dir='ltr' id='par_1_7' title="bbox 230 3567 2539 3883">
     <span class='ocr_line' id='line_1_46' title="bbox 368 3567 2539 3618; baseline 0.002 -16"><span class='ocrx_word' id='word_1_588' title='bbox 368 3570 398 3609; x_wconf 78' lang='grc' dir='ltr'><strong>ι)</strong></span> <span class='ocrx_word' id='word_1_589' title='bbox 419 3569 467 3602; x_wconf 79' lang='lat' dir='ltr'><strong>Ad</strong></span> <span class='ocrx_word' id='word_1_590' title='bbox 489 3571 641 3602; x_wconf 77' lang='lat' dir='ltr'><strong>Amosum</strong></span> <span class='ocrx_word' id='word_1_591' title='bbox 662 3577 732 3610; x_wconf 86' lang='lat' dir='ltr'><strong>cap.</strong></span> <span class='ocrx_word' id='word_1_592' title='bbox 753 3571 794 3602; x_wconf 86' lang='lat' dir='ltr'><strong>V.</strong></span> <span class='ocrx_word' id='word_1_593' title='bbox 812 3573 863 3602; x_wconf 81' lang='lat'><strong>21.</strong></span> <span class='ocrx_word' id='word_1_594' title='bbox 876 3571 958 3602; x_wconf 86' lang='lat' dir='ltr'><strong>Nam</strong></span> <span class='ocrx_word' id='word_1_595' title='bbox 978 3570 1196 3612; x_wconf 79' lang='lat' dir='ltr'><strong>suprascripto</strong></span> <span class='ocrx_word' id='word_1_596' title='bbox 1211 3571 1245 3602; x_wconf 92' lang='lat' dir='ltr'><strong>S.</strong></span> <span class='ocrx_word' id='word_1_597' title='bbox 1265 3570 1417 3612; x_wconf 84' lang='lat' dir='ltr'><strong>cypriani</strong></span> <span class='ocrx_word' id='word_1_598' title='bbox 1433 3570 1549 3604; x_wconf 83' lang='lat' dir='ltr'><strong>latiore</strong></span> <span class='ocrx_word' id='word_1_599' title='bbox 1566 3570 1664 3604; x_wconf 88' lang='lat' dir='ltr'><strong>modo</strong></span> <span class='ocrx_word' id='word_1_600' title='bbox 1679 3568 1758 3604; x_wconf 83' lang='lat' dir='ltr'><strong>citat</strong></span> <span class='ocrx_word' id='word_1_601' title='bbox 1775 3571 1849 3605; x_wconf 87' lang='lat' dir='ltr'><strong>heic</strong></span> <span class='ocrx_word' id='word_1_602' title='bbox 1865 3573 1898 3606; x_wconf 91' lang='lat' dir='ltr'><strong>S.</strong></span> <span class='ocrx_word' id='word_1_603' title='bbox 1915 3575 2147 3618; x_wconf 80' lang='lat' dir='ltr'><strong>Hieronymum</strong></span> <span class='ocrx_word' id='word_1_604' title='bbox 2166 3574 2275 3606; x_wconf 85' lang='lat' dir='ltr'><strong>noster</strong></span> <span class='ocrx_word' id='word_1_605' title='bbox 2301 3573 2489 3607; x_wconf 85' lang='lat' dir='ltr'><strong>Deusdedit.</strong></span> <span class='ocrx_word' id='word_1_606' title='bbox 2535 3567 2539 3570; x_wconf 53' lang='lat'><strong>⁴</strong></span> 
     </span>
     <span class='ocr_line' id='line_1_47' title="bbox 266 3622 2490 3669; baseline 0.001 -13"><span class='ocrx_word' id='word_1_607' title='bbox 266 3650 271 3656; x_wconf 87' lang='lat'><strong>.</strong></span> <span class='ocrx_word' id='word_1_608' title='bbox 365 3624 398 3662; x_wconf 85' lang='lat'><strong>2)</strong></span> <span class='ocrx_word' id='word_1_609' title='bbox 421 3623 582 3655; x_wconf 77' lang='lat' dir='ltr'><strong>Hactenus</strong></span> <span class='ocrx_word' id='word_1_610' title='bbox 602 3622 819 3664; x_wconf 78' lang='lat' dir='ltr'><strong>Hieronymus</strong></span> <span class='ocrx_word' id='word_1_611' title='bbox 838 3622 872 3655; x_wconf 91' lang='lat' dir='ltr'><strong>in</strong></span> <span class='ocrx_word' id='word_1_612' title='bbox 892 3622 1100 3656; x_wconf 83' lang='lat' dir='ltr'><strong>editionibus.</strong></span> <span class='ocrx_word' id='word_1_613' title='bbox 1123 3625 1236 3656; x_wconf 85' lang='lat' dir='ltr'><strong>Cetera</strong></span> <span class='ocrx_word' id='word_1_614' title='bbox 1256 3623 1355 3657; x_wconf 82' lang='lat' dir='ltr'><strong>verba</strong></span> <span class='ocrx_word' id='word_1_615' title='bbox 1376 3624 1427 3657; x_wconf 83' lang='lat' dir='ltr'><strong>vel</strong></span> <span class='ocrx_word' id='word_1_616' title='bbox 1447 3623 1594 3658; x_wconf 85' lang='lat' dir='ltr'><strong>eiusdem</strong></span> <span class='ocrx_word' id='word_1_617' title='bbox 1611 3625 1800 3667; x_wconf 81' lang='lat' dir='ltr'><strong>Hieronymi</strong></span> <span class='ocrx_word' id='word_1_618' title='bbox 1819 3629 1917 3669; x_wconf 89' lang='lat' dir='ltr'><strong>sunt,</strong></span> <span class='ocrx_word' id='word_1_619' title='bbox 1939 3630 1991 3662; x_wconf 85' lang='lat' dir='ltr'><strong>vel</strong></span> <span class='ocrx_word' id='word_1_620' title='bbox 2014 3629 2111 3662; x_wconf 87' lang='lat' dir='ltr'><strong>tibere</strong></span> <span class='ocrx_word' id='word_1_621' title='bbox 2131 3627 2242 3660; x_wconf 83' lang='lat' dir='ltr'><strong>addita</strong></span> <span class='ocrx_word' id='word_1_622' title='bbox 2262 3636 2282 3659; x_wconf 91' lang='lat' dir='ltr'><strong>a</strong></span> <span class='ocrx_word' id='word_1_623' title='bbox 2294 3627 2490 3669; x_wconf 82' lang='lat' dir='ltr'><strong>Deusdedit‚</strong></span> 
     </span>
     <span class='ocr_line' id='line_1_48' title="bbox 230 3675 1850 3721; baseline 0.002 -13"><span class='ocrx_word' id='word_1_624' title='bbox 230 3676 340 3719; x_wconf 27' lang='lat' dir='ltr'><strong>*quod</strong></span> <span class='ocrx_word' id='word_1_625' title='bbox 361 3675 516 3709; x_wconf 86' lang='lat' dir='ltr'><strong>credibile</strong></span> <span class='ocrx_word' id='word_1_626' title='bbox 533 3676 590 3708; x_wconf 81' lang='lat' dir='ltr'><strong>vix</strong></span> <span class='ocrx_word' id='word_1_627' title='bbox 610 3675 752 3710; x_wconf 81' lang='lat' dir='ltr'><strong>videtur.</strong></span> <span class='ocrx_word' id='word_1_628' title='bbox 1843 3716 1850 3721; x_wconf 59' lang='grc'><strong>,</strong></span> 
     </span>
     <span class='ocr_line' id='line_1_49' title="bbox 365 3727 2489 3776; baseline 0.003 -15"><span class='ocrx_word' id='word_1_629' title='bbox 365 3730 398 3769; x_wconf 77' lang='lat'><strong>3)</strong></span> <span class='ocrx_word' id='word_1_630' title='bbox 419 3728 455 3760; x_wconf 89' lang='lat' dir='ltr'><strong>ln</strong></span> <span class='ocrx_word' id='word_1_631' title='bbox 477 3737 578 3770; x_wconf 80' lang='lat' dir='ltr'><strong>marg.</strong></span> <span class='ocrx_word' id='word_1_632' title='bbox 600 3730 727 3761; x_wconf 72' lang='lat' dir='ltr'><strong>Petrus</strong></span> <span class='ocrx_word' id='word_1_633' title='bbox 746 3729 941 3761; x_wconf 69' lang='lat' dir='ltr'><strong>numianus</strong></span> <span class='ocrx_word' id='word_1_634' title='bbox 952 3752 963 3772; x_wconf 78' lang='lat'><strong>,</strong></span> <span class='ocrx_word' id='word_1_635' title='bbox 976 3728 1108 3762; x_wconf 75' lang='lat' dir='ltr'><strong>scilicet</strong></span> <span class='ocrx_word' id='word_1_636' title='bbox 1125 3731 1162 3762; x_wconf 79' lang='lat' dir='ltr'><strong>in</strong></span> <span class='ocrx_word' id='word_1_637' title='bbox 1177 3729 1336 3771; x_wconf 56' lang='lat' dir='ltr'><strong>apolonie</strong></span> <span class='ocrx_word' id='word_1_638' title='bbox 1350 3729 1399 3763; x_wconf 84' lang='lat' dir='ltr'><strong>ad</strong></span> <span class='ocrx_word' id='word_1_639' title='bbox 1411 3729 1633 3764; x_wconf 72' lang='lat' dir='ltr'><strong>Florentium</strong></span> <span class='ocrx_word' id='word_1_640' title='bbox 1647 3727 1815 3774; x_wconf 81' lang='lat' dir='ltr'><strong>(opuscul.</strong></span> <span class='ocrx_word' id='word_1_641' title='bbox 1834 3733 1948 3775; x_wconf 82' lang='lat' dir='ltr'><strong>XXX.)</strong></span> <span class='ocrx_word' id='word_1_642' title='bbox 1966 3736 2000 3767; x_wconf 81' lang='lat' dir='ltr'><strong>et</strong></span> <span class='ocrx_word' id='word_1_643' title='bbox 2020 3737 2057 3767; x_wconf 68' lang='lat' dir='ltr'><strong>in</strong></span> <span class='ocrx_word' id='word_1_644' title='bbox 2075 3734 2164 3767; x_wconf 77' lang='lat' dir='ltr'><strong>libro</strong></span> <span class='ocrx_word' id='word_1_645' title='bbox 2185 3735 2246 3776; x_wconf 76' lang='lat' dir='ltr'><strong>qui</strong></span> <span class='ocrx_word' id='word_1_646' title='bbox 2264 3735 2489 3768; x_wconf 72' lang='lat' dir='ltr'><strong>Gratissimus</strong></span> 
     </span>
     <span class='ocr_line' id='line_1_50' title="bbox 248 3781 1416 3824; baseline 0.001 -9"><span class='ocrx_word' id='word_1_647' title='bbox 248 3781 462 3815; x_wconf 66' lang='lat' dir='ltr'><strong>inscribitur.</strong></span> <span class='ocrx_word' id='word_1_648' title='bbox 485 3782 562 3814; x_wconf 84' lang='lat' dir='ltr'><strong>Erat</strong></span> <span class='ocrx_word' id='word_1_649' title='bbox 581 3782 825 3820; x_wconf 80' lang='lat' dir='ltr'><strong>autemPetrus</strong></span> <span class='ocrx_word' id='word_1_650' title='bbox 842 3781 906 3823; x_wconf 85' lang='lat' dir='ltr'><strong>ipsi</strong></span> <span class='ocrx_word' id='word_1_651' title='bbox 926 3781 1103 3815; x_wconf 85' lang='lat' dir='ltr'><strong>Deusdedit</strong></span> <span class='ocrx_word' id='word_1_652' title='bbox 1120 3783 1416 3824; x_wconf 82' lang='lat' dir='ltr'><strong>contemporaneus.</strong></span> 
     </span>
     <span class='ocr_line' id='line_1_51' title="bbox 319 3834 2379 3883; baseline 0.003 -16"><span class='ocrx_word' id='word_1_653' title='bbox 319 3852 321 3854; x_wconf 90' lang='lat'><em>-</em></span> <span class='ocrx_word' id='word_1_654' title='bbox 364 3834 396 3877; x_wconf 81' lang='grc'><strong>4)</strong></span> <span class='ocrx_word' id='word_1_655' title='bbox 416 3836 607 3877; x_wconf 82' lang='lat' dir='ltr'><strong>spectamus</strong></span> <span class='ocrx_word' id='word_1_656' title='bbox 624 3834 731 3877; x_wconf 77' lang='lat' dir='ltr'><strong>adhuc</strong></span> <span class='ocrx_word' id='word_1_657' title='bbox 750 3834 836 3878; x_wconf 78' lang='lat' dir='ltr'><strong>apud</strong></span> <span class='ocrx_word' id='word_1_658' title='bbox 856 3834 1032 3869; x_wconf 84' lang='lat' dir='ltr'><strong>Deusdedit</strong></span> <span class='ocrx_word' id='word_1_659' title='bbox 1052 3835 1134 3870; x_wconf 81' lang='lat' dir='ltr'><strong>ritus</strong></span> <span class='ocrx_word' id='word_1_660' title='bbox 1153 3835 1279 3878; x_wconf 84' lang='lat' dir='ltr'><strong>aliquot</strong></span> <span class='ocrx_word' id='word_1_661' title='bbox 1298 3837 1445 3879; x_wconf 83' lang='lat' dir='ltr'><strong>veteres,</strong></span> <span class='ocrx_word' id='word_1_662' title='bbox 1466 3838 1504 3871; x_wconf 89' lang='lat' dir='ltr'><strong>ut</strong></span> <span class='ocrx_word' id='word_1_663' title='bbox 1522 3837 1580 3881; x_wconf 86' lang='lat' dir='ltr'><strong>qui</strong></span> <span class='ocrx_word' id='word_1_664' title='bbox 1601 3838 1673 3873; x_wconf 86' lang='lat' dir='ltr'><strong>heic</strong></span> <span class='ocrx_word' id='word_1_665' title='bbox 1692 3839 1866 3883; x_wconf 82' lang='lat' dir='ltr'><strong>scribitur,</strong></span> <span class='ocrx_word' id='word_1_666' title='bbox 1888 3841 1921 3874; x_wconf 85' lang='lat' dir='ltr'><strong>et</strong></span> <span class='ocrx_word' id='word_1_667' title='bbox 1940 3841 2059 3874; x_wconf 84' lang='lat' dir='ltr'><strong>mersio</strong></span> <span class='ocrx_word' id='word_1_668' title='bbox 2083 3841 2115 3873; x_wconf 89' lang='lat' dir='ltr'><strong>in</strong></span> <span class='ocrx_word' id='word_1_669' title='bbox 2135 3839 2296 3883; x_wconf 80' lang='lat' dir='ltr'><strong>baptismo</strong></span> <span class='ocrx_word' id='word_1_670' title='bbox 2316 3841 2379 3874; x_wconf 82' lang='lat' dir='ltr'><strong>etc.</strong></span> 
     </span>
    </p>
   </div>
   <div class='ocr_carea' id='block_1_4' title="bbox 2265 3893 2308 3933">
    <p class='ocr_par' dir='ltr' id='par_1_8' title="bbox 2265 3893 2308 3933">
     <span class='ocr_line' id='line_1_52' title="bbox 2265 3893 2308 3933; baseline 0 0"><span class='ocrx_word' id='word_1_671' title='bbox 2265 3893 2308 3933; x_wconf 88' lang='lat' dir='ltr'><strong>M</strong></span> 
     </span>
    </p>
   </div>
   <div class='ocr_carea' id='block_1_5' title="bbox 0 206 38 4432">
    <p class='ocr_par' dir='ltr' id='par_1_9' title="bbox 0 206 38 4432">
     <span class='ocr_line' id='line_1_53' title="bbox 0 206 38 4432; baseline 0 0"><span class='ocrx_word' id='word_1_672' title='bbox 0 206 38 4432; x_wconf 95' lang='lat' dir='ltr'><strong> </strong></span> 
     </span>
    </p>
   </div>
  </div>
 </body>
</html>
