2996 4432
746 274 1357 393 mansionum
1410 275 2081 396 <easmandare

452 469 699 517 1NCIP1T
748 446 1063 514 LIBELLUS
1113 467 1374 514 CONTRA
1422 466 1788 514 INVASORES
1837 470 1913 515 ET
1960 467 2364 518 SIMONIACOS

921 551 1001 596 ET
1032 550 1367 605 RELIQUOS
1394 549 1891 616 SCHISMATICOS.

1196 684 1622 723 mm*-

1103 806 1715 851 PROLOGUS.

497 933 854 983 Venerabilibus
879 938 928 982 in
953 936 1136 983 Christo
1159 935 1383 983 fratribus
1406 945 1590 984 sanctae
1615 951 1837 983 romanae
1861 936 2080 983 ecclesiae
2104 936 2280 984 clericis
2298 971 2311 990 ,

642 1014 896 1060 Deusdedit
919 1014 1118 1061 ultimus
1139 1013 1383 1077 presbyter
1406 1016 1478 1061 tit.
1507 1014 1845 1078 Apostolorum
1870 1016 1919 1060 in
1942 1014 2168 1061 Eudoxia.
2328 1009 2334 1016 ’

266 1109 566 1211 opitulante
598 1156 762 1198 domini
792 1157 870 1199 Dei
900 1157 1038 1199 nostri
1076 1157 1318 1210 clementia,
1352 1158 1427 1211 qui
1456 1169 1535 1199 nos
1571 1161 1613 1199 et
1652 1169 1868 1199 sermones
1905 1160 2076 1199 nostros
2113 1167 2192 1199 suo
2221 1155 2407 1199 mirabili
2436 1160 2545 1199 nutu

264 1227 381 1280 ‘regit
420 1231 548 1282 atque
585 1226 804 1282 disponit,
843 1228 1101 1282 accingimur
1136 1227 1392 1282 respondere
1430 1228 1669 1271 simoniacis
1701 1232 1743 1270 et
1772 1228 2078 1281 schismaticis,
2117 1227 2192 1283 qui
2230 1227 2378 1270 dicunt
2415 1227 2546 1281 regali

266 1298 470 1352 potestati
501 1298 658 1341 Christi
689 1299 910 1341 ecclesiam
939 1299 1180 1354 subiacere,
1206 1303 1255 1340 ut
1285 1300 1323 1341 ei
1353 1311 1434 1354 pro
1457 1311 1536 1341 suo
1559 1299 1705 1351 libito,
1734 1299 1802 1341 vel
1823 1311 1950 1354 prece
1966 1331 1978 1353 ‚
2003 1299 2072 1340 vel
2095 1298 2260 1353 pretio,
2291 1298 2361 1340 vel
2383 1298 2541 1353 gratis,

2587 1171 2656 1202 eod.
2674 1171 2695 1201 ῐ.
2713 1174 2774 1200 10⁸.

267 1368 395 1411 liceat
425 1373 616 1424 pastores
645 1370 896 1425 imponere,
929 1371 1104 1426 eiusque
1134 1371 1420 1426 possessiones
1451 1371 1519 1413 vel
1548 1371 1593 1412 in
1624 1383 1696 1413 sua
1716 1401 1727 1423 ,
1759 1371 1827 1412 vel
1856 1371 1903 1412 in
1933 1370 2053 1412 cuius
2082 1369 2256 1412 libuerit
2285 1370 2378 1412 iura
2406 1374 2547 1413 trans·
2603 1423 2605 1425 Ι

265 1439 392 1481 ferre.
427 1440 617 1491 Quatuor
646 1442 792 1496 itaque
822 1447 941 1494 sunt,
972 1442 1024 1485 de
1047 1443 1202 1498 quibus
1220 1444 1311 1491 Deo
1337 1447 1511 1484 auctore
1542 1442 1728 1485 scribere
1760 1443 2057 1498 proponimus.
2082 1443 2273 1484 Primum
2304 1441 2425 1496 quod
2453 1442 2543 1496 regi

265 1522 356 1552 non
385 1510 509 1554 liccat
538 1512 819 1554 sacrosanctis
850 1513 1034 1555 eeclesiis
1065 1514 1288 1569 episcopos
1320 1514 1590 1556 constituere.
1623 1513 1860 1556 Secundum
1892 1513 1944 1556 de
1974 1511 2214 1556 simoniacis
2244 1517 2287 1555 et
2308 1513 2546 1556 schismati-

264 1582 359 1635 cis,
393 1587 614 1625 eteorum
645 1585 882 1626 sacerdotio
914 1590 958 1627 et
996 1586 1221 1628 sacrificio.
1260 1586 1516 1627 Simoniacos
1553 1589 1695 1627 autem
1736 1584 1914 1627 dicimus
1952 1597 2027 1627 eos
2057 1585 2289 1627 haereticos
2308 1615 2321 1638 ,
2361 1585 2436 1639 qui
2466 1585 2545 1627 Dei

268 1653 486 1695 ecclesiam
517 1658 560 1695 et
590 1655 679 1696 eius
711 1655 851 1697 officia
882 1657 1020 1710 pretio
1051 1660 1295 1698 mercantur
1322 1657 1392 1699 vel
1421 1656 1639 1710 vendunt3
1672 1657 1964 1698 schismaticos
1984 1669 2112 1710 ver0,
2139 1661 2343 1711 quantum
2373 1655 2426 1698 ad
2457 1656 2543 1698 hoc

263 1725 416 1766 attinet
440 1737 578 1779 opus,
613 1737 686 1767 eos
716 1727 791 1780 qui
821 1727 924 1769 haec
953 1727 1102 1769 eadem
1131 1740 1219 1770 non
1250 1727 1482 1771 secundum
1514 1739 1658 1770 sacros
1687 1739 1896 1780 canones,
1928 1727 2004 1769 sed
2034 1727 2135 1769 licet
2165 1728 2320 1782 gratis,
2354 1739 2378 1769 a
2407 1727 2543 1781 regali

267 1798 408 1836 tamen
439 1799 482 1836 et
510 1795 645 1838 laicali
676 1797 889 1851 accipiunt
919 1803 1141 1852 potestate.
1176 1801 1392 1855 Tertium,
1417 1801 1536 1856 quod
1567 1800 1704 1843 clerus
1734 1813 1757 1843 a
1787 1799 2078 1842 sacerdotibus
2109 1800 2224 1854 pasci
2256 1799 2383 1842 debet
2413 1805 2545 1855 atque

263 1864 496 1919 honorari,
528 1879 616 1908 non
646 1867 842 1911 infamari
873 1870 938 1911 vel
967 1869 1144 1912 iudicari
1179 1876 1254 1914 aut
1293 1873 1509 1927 persequi.
1550 1873 1758 1925 Quartum
1778 1904 1789 1926 ,
1824 1871 1944 1926 quod
1979 1871 2182 1913 saeculari
2219 1872 2417 1926 potestati
2454 1883 2544 1914 non

264 1935 391 1978 liceat
419 1937 464 1978 in
495 1937 715 1981 ecclesiam
746 1939 924 1982 clericos
954 1941 1254 1996 introducere,
1288 1943 1356 1985 vel
1385 1943 1588 1998 expellere
1609 1974 1620 1996 ,
1653 1956 1732 1985 nec
1762 1955 1830 1985 res
1862 1943 2161 1985 ecclesiasticas
2190 1954 2366 1996 regere,
2400 1942 2468 1984 vel
2498 1943 2543 1984 in

262 2020 336 2049 sua
366 2009 458 2050 iura
486 2010 733 2053 transferre.
766 2013 898 2054 Nemo
931 2018 1072 2055 autem
1101 2018 1249 2068 putet,
1283 2028 1363 2057 nos
1393 2015 1549 2057 honori
1580 2016 1696 2068 regio
1731 2015 1935 2068 derogare
1966 2015 2011 2055 in
2041 2015 2126 2057 hoc
2148 2014 2268 2069 quod
2290 2014 2539 2068 scribimus,

262 2079 381 2133 quod
413 2080 549 2123 eidem
578 2082 678 2124 talia
707 2095 794 2125 non
830 2084 957 2126 liceat
986 2098 1216 2139 usurpare:
1251 2086 1366 2128 aliud
1397 2087 1559 2142 quippe
1590 2086 1860 2129 sacerdotum
1880 2118 1892 2140 ,
1927 2085 2042 2128 aliud
2066 2090 2128 2128 est
2153 2085 2344 2127 officium
2365 2096 2537 2139 regum:

262 2151 373 2204 regis
404 2151 515 2193 enim
545 2152 735 2195 officium
765 2159 828 2196 est
859 2156 956 2209 paci
985 2156 1108 2209 regni
1137 2157 1391 2211 providere,
1426 2162 1469 2199 et
1497 2158 1739 2200 sacerdotes
1771 2156 1825 2199 ad
1864 2157 2079 2212 praedicta
2121 2157 2262 2198 omnia
2306 2155 2507 2198 adiuvare
2525 2187 2538 2208 ‚

261 2222 406 2276 eisque
435 2223 672 2266 resistentes
702 2226 973 2280 opprimere,
1000 2231 1049 2269 ut
1079 2240 1177 2270 eum
1207 2241 1280 2270 rex
1309 2233 1466 2271 terreat
1496 2229 1565 2270 vel
1594 2229 1743 2282 puniat
1773 2228 1887 2270 ferro
1906 2259 1917 2281 ,
1952 2230 2026 2283 qui
2055 2227 2286 2270 sacerdotis
2317 2240 2403 2269 non
2435 2239 2538 2269 cor-

260 2294 414 2347 rigitur
444 2294 594 2337 verbo,
627 2297 792 2351 Regnet
821 2298 1017 2340 sacerdos
1046 2299 1165 2342 iuxta
1195 2301 1440 2355 apostolum
1471 2301 1612 2355 gladio
1636 2299 1788 2353 verbi,
1813 2301 1856 2341 in
1881 2304 2084 2354 promptu
2106 2299 2265 2341 habens
2294 2300 2410 2341 iuxta
2434 2311 2541 2340 eun-

261 2364 360 2406 dem
393 2364 555 2409 discere
587 2367 733 2410 ulcisci
763 2381 935 2411 omnem
965 2370 1314 2413 inobedientiam.
1342 2373 1509 2426 Pugnet
1538 2385 1612 2413 rex
1643 2371 1784 2425 gladio
1815 2371 2043 2423 materiali,
2075 2372 2278 2426 quoniam
2310 2371 2386 2412 Dei
2415 2370 2542 2412 mini-

263 2440 349 2478 ster
379 2441 442 2479 est
473 2442 516 2479 et
545 2438 701 2481 vindex
730 2440 775 2482 in
804 2440 913 2484 iram
945 2442 1010 2484 his
1041 2442 1116 2497 qui
1144 2443 1254 2484 male
1276 2448 1424 2497 agunt.
1449 2444 1556 2486 Cum
1584 2444 1728 2498 itaque
1758 2447 1939 2497 uterque
1961 2442 2134 2483 alterius
2157 2442 2299 2484 officio
2322 2440 2540 2496 indigeat,

263 2507 388 2550 valde
419 2513 599 2571 uterque
630 2523 778 2553 cavere
810 2511 939 2555 debet
969 2526 1022 2555 ne
1054 2513 1226 2556 alterius
1257 2513 1448 2556 officium
1478 2518 1749 2568 praesumat,
1782 2526 1836 2555 ne
1868 2513 1988 2568 quod
2017 2513 2070 2555 ab
2104 2514 2236 2555 altero
2267 2512 2538 2565 aedificatur,

265 2579 322 2620 ab
354 2580 489 2622 altero
522 2581 779 2625 destruatur.
814 2586 867 2626 Et
897 2586 1100 2639 quoniam
1130 2585 1446 2641 praedictorum
1468 2586 1778 2641 impudentium
1802 2586 2112 2628 contumaciam
2142 2585 2379 2626 nullatenus
2403 2582 2540 2625 nudae

264 2651 421 2693 rationi
454 2654 719 2708 acquiescere
749 2655 999 2698 iamdudum
1030 2656 1325 2712 probavimus,
1350 2657 1395 2700 id
1425 2657 1543 2712 quod
1574 2657 1796 2700 scribimus
1830 2662 1915 2699 tam
1949 2661 2190 2699 sanctorum
2218 2661 2388 2710 patrum
2411 2666 2539 2709 quam

262 2722 389 2764 etiam
422 2723 748 2769 christianorum
778 2728 1022 2783 principum
1051 2728 1649 2786 constitutionibus„domino
1675 2730 1765 2771 Deo
1788 2732 1935 2777 nostro
1958 2731 2345 2782 praemonstrante,
2371 2725 2538 2767 firmare

260 2806 560 2849 proponimus.

1047 2944 1329 2987 LIBER
1389 2945 1753 2987 PRIMUS.

388 3083 424 3122 1.
453 3038 553 3126 Ne
586 3088 728 3127 autem
760 3086 934 3127 ulterius
957 3085 1180 3128 exordium
1198 3086 1482 3141 protelemus,
1504 3087 1547 3128 in
1575 3087 1723 3142 primis
1747 3085 1972 3128 dicendum
1993 3084 2189 3138 videtur,
2216 3084 2417 3139 quoniam
2447 3094 2538 3124 cer-

259 3156 352 3194 tum
375 3158 438 3195 est
454 3184 466 3207 ,
494 3154 611 3209 quod
635 3155 899 3197 beatissimus
921 3154 1114 3212 (Petrus)
1136 3158 1353 3212 apostolus
1369 3188 1381 3211 ,
1406 3158 1567 3212 primus
1589 3157 1785 3199 ecclesiae
1809 3156 1999 3211 pontifex
2013 3188 2025 3210 ,
2051 3156 2167 3211 prius
2186 3153 2536 3210 patriarchalibus

259 3223 436 3267 sedibus
468 3221 671 3278 orientis,
705 3226 983 3281 postmodum
1013 3240 1114 3270 vero
1145 3218 1555 3282 primos'ordinavit
1583 3228 1807 3283 pontifices
1836 3228 1880 3270 in
1910 3227 2154 3270 civitatibus
2178 3225 2420 3269 occidentis.
2449 3219 2537 3279 Ipsi

261 3296 375 3337 enim
408 3296 512 3338 haec
545 3297 760 3339 ordinatio
785 3299 962 3340 maxime
984 3299 1283 3354 competebat,
1310 3300 1379 3342 cui
1408 3300 1698 3355 principaliter
1728 3300 1917 3342 Christus
1935 3300 2014 3342 Dei
2036 3299 2147 3356 filius
2163 3329 2175 3352 ‚
2200 3298 2387 3340 caelestis
2417 3296 2537 3351 regni

260 3366 455 3408 clavibus
486 3367 684 3422 traditis,
718 3382 815 3411 suas
846 3382 947 3412 oves
977 3383 1151 3425 pascere
1180 3370 1360 3413 iusserat
1377 3402 1390 3423 ,
1424 3376 1466 3415 et
1494 3384 1574 3425 pro
1606 3372 1727 3430 cuius
1756 3372 1840 3414 fide
1870 3384 1924 3413 ne
1955 3371 2154 3414 deficeret
2183 3370 2420 3425 specialiter
2442 3380 2536 3409 ora-

259 3442 406 3490 verat,
432 3438 588 3493 cuique
617 3439 772 3482 fratres
802 3453 902 3483 suos
931 3442 975 3484 in
1007 3442 1153 3484 eadem
1183 3442 1267 3484 fide
1298 3442 1547 3484 confirmare
1578 3443 1867 3498 praeceperat(
1890 3442 1971 3485 Sed
2003 3447 2046 3484 et
2075 3442 2262 3497 reliquos
2285 3439 2532 3495 apostolos,

259 3521 372 3562 quos
401 3509 575 3564 reliquis
604 3509 754 3552 mundi
783 3511 976 3565 partibus
1005 3512 1201 3554 novimus
1231 3511 1512 3567 praedicasse,
1547 3514 1722 3569 singulis
1742 3514 1921 3556 urbibus
1946 3514 2115 3556 illarum
2137 3514 2345 3568 partium,
2378 3509 2535 3565 quibus

259 3580 443 3634 quisque
475 3592 655 3634 regnum
685 3581 765 3622 Dei
795 3582 1082 3636 praedicavit,
1106 3583 1252 3625 itidem
1281 3587 1473 3637 pastores
1502 3596 1590 3627 non
1612 3585 1853 3628 dubitamus
1882 3585 2058 3628 misisse.
2084 3587 2137 3627 Et
2166 3583 2363 3639 quoniam
2385 3580 2532 3623 sancto

261 3651 419 3704 Spiritu
451 3650 631 3694 docente
662 3664 902 3707 cognovere
931 3653 1086 3696 saeculi
1117 3655 1329 3710 principes
1358 3654 1413 3698 ad
1443 3654 1573 3698 fidem
1603 3660 1806 3698 venturos
1825 3687 1838 3710 ,
1861 3660 1904 3698 et
1925 3654 2246 3699 succedentibus
2268 3650 2533 3707 temporibus

252 3722 504 3783 ’stimulante
536 3723 715 3764 avaritia
745 3723 956 3778 quosdam
986 3737 1135 3767 eorum
1165 3725 1246 3767 Dei
1277 3726 1499 3768 ecclesiam
1537 3739 1636 3769 suae
1668 3726 1820 3770 ditioni
1848 3727 1957 3770 velle
1993 3726 2221 3779 subiicere,
2262 3734 2422 3778 suaque
2451 3734 2530 3763 au-

218 3815 226 3824 2
259 3795 454 3837 ctoritate
478 3798 519 3838 et
538 3794 662 3837 libito
683 3799 875 3851 pastores
897 3795 1054 3839 eisdem
1084 3796 1343 3854 subrogare,
1366 3798 1476 3842 inter
1503 3798 1695 3855 reliquos
1715 3811 1922 3856 canones,
1947 3811 2057 3855 quos
2078 3809 2159 3853 pro
2182 3794 2397 3850 religionis
2428 3805 2532 3836 cau-

2574 3654 2642 3686 cod.
2663 3652 2685 3686 f.
2706 3657 2768 3684 10&
