2996 4432
1195 239 1202 249 ’
1271 239 1515 280 rosacum.
2476 229 2539 277 43

255 335 326 386 Et
359 332 426 386 de
472 342 554 384 ter
595 325 898 384 beatissimo
950 344 1093 398 papa
1128 323 1360 378 Martino
1397 342 1459 376 ac
1495 335 1727 396 martyre
1746 363 1763 389 ,
1804 324 1899 397 qui
1945 325 2075 392 dum
2124 326 2400 380 missarum
2440 331 2542 382 sol*

259 415 490 488 lempnia
522 412 592 466 ad
627 412 790 466 altare
826 409 926 462 Dei
961 407 1230 479 genitricis
1263 417 1317 460 et
1350 406 1568 477 virginis
1601 405 1827 473 Mariae,
1868 409 2018 480 quod
2055 409 2252 462 dicitur
2287 408 2359 463 ad
2389 431 2542 483 prae«

256 517 414 570 sepe,
453 496 770 558 celebraret,
809 491 989 544 divina
1024 491 1292 556 bonitate,
1330 489 1633 562 spatharius
1658 490 1898 562 Olympii
1929 491 2079 558 ducis
2108 494 2299 547 missus
2328 503 2390 547 ιη’
2409 487 2537 549 eum

259 581 577 634 interficeret
597 616 610 643 ,
656 593 936 649 percussus
972 575 1219 627 caecitate
1253 591 1375 630 eum
1394 572 1633 631 ,omnino
1660 572 1851 635 ,videre
1888 593 2000 626 non
2036 576 2245 646 potuit:
2287 578 2382 648 qui
2418 595 2535 631 noir

259 674 382 735 post
412 663 629 732 longum
664 671 873 730 tempus
908 678 939 710 a
974 657 1295 711 lateranensi
1330 656 1482 709 altari
1518 666 1718 709 tractus
1741 656 1889 709 iussu
1915 657 2249 729 imperatoris
2280 661 2541 725 Constat--

260 746 542 818 tinopolim
574 743 776 799 delatus
813 753 923 806 est,
964 753 1017 794 et
1050 741 1127 794 ibi
1162 741 1327 818 longo
1360 739 1615 810 martyrio
1651 751 1944 793 maceratus
1980 742 2126 795 caelo
2151 743 2392 814 spiritum
2419 740 2541 798 red&

257 829 413 884 didit.
438 829 549 882 Nisi
582 827 629 897 1)
649 828 776 898 quia
799 827 886 879 isti
913 837 1039 878 sunt
1062 824 1314 878 dominici
1339 824 1511 894 gregis
1534 823 1743 886 arietes,
1770 841 2019 876 romanae
2037 826 2290 878 ecclesiae
2316 828 2538 880 Pontiff«

260 932 377 976 005,
422 913 518 983 qui
553 911 811 982 sanguine
847 909 1068 980 proprio
1089 920 1158 966 ,et
1193 905 1663 960 constitutionibus
1699 905 1970 958 ecclesiam
1998 908 2093 959 Dei
2127 927 2524 964 consecravere.

375 996 490 1057 104.
534 993 697 1061 Quod
718 993 762 1046 si
787 993 997 1045 chartae
1021 991 1151 1043 mihi
1174 991 1294 1043 'non
1320 988 1593 1054 deessent,
1624 988 1911 1041 scriberem
1941 988 2158 1060 quidem
2192 990 2259 1043 de
2287 993 2524 1063 Eugenio

262 1078 477 1131 Martini
512 1095 836 1140 successore,
863 1076 980 1129 viro
1015 1074 1252 1146 benigno
1288 1084 1342 1126 et
1378 1091 1645 1126 canonum
1668 1072 1884 1125 scientia
1909 1071 2140 1125 erudite.
2174 1074 2239 1126 Et
2275 1074 2342 1127 de
2377 1075 2426 1126 V
2429 1078 2523 1130 ita-

262 1162 403 1214 liano
421 1202 435 1224 ,
464 1162 560 1232 qui
587 1172 803 1214 cantum
830 1158 1128 1231 composuit
1144 1197 1158 1221 ,
1187 1176 1299 1229 quo
1324 1155 1484 1209 hodie
1509 1167 1742 1209 utuntur
1770 1157 2013 1208 Romani.
2044 1157 2109 1208 Et
2146 1155 2212 1209 de
2247 1157 2527 1214 Adeodato

263 1246 375 1297 eius
410 1256 723 1297 successore.
765 1244 833 1295 Et
868 1242 937 1295 de
973 1244 1215 1306 Domno,
1255 1241 1408 1293 cuius
1442 1239 1776 1310 temporibus
1803 1240 1950 1292 stella
1981 1239 2401 1310 splendidissima
2429 1263 2527 1297 nec

264 1340 419 1381 antea
455 1329 564 1383 visa
599 1327 847 1399 apparuit
881 1327 938 1378 in
974 1325 1140 1378 caelo.
1181 1325 1248 1376 Et
1283 1323 1351 1376 de
1386 1324 1697 1395 Agathone,
1738 1323 1834 1393 qui
1860 1321 1988 1374 dum
2014 1324 2526 1398 Constantinopolim

263 1431 418 1464 causa
447 1409 847 1483 componendae
888 1410 1034 1481 pacis
1072 1410 1213 1462 inter
1248 1406 1634 1480 Longobardos
1671 1418 1725 1480 et
1759 1407 2128 1478 imperatorem
2164 1409 2353 1462 viseret
2371 1451 2384 1475 ,
2430 1411 2527 1464 ob-

264 1496 406 1547 vium
445 1495 632 1547 habuit
668 1495 725 1546 in
759 1504 915 1565 porta
947 1493 1172 1545 civitatis
1206 1492 1506 1564 leprosum,
1536 1491 1768 1549 cuicum
1792 1491 2030 1543 osculum
2056 1490 2310 1557 dedisset,
2351 1496 2526 1547 statim

265 1597 295 1629 a
331 1578 478 1648 lepra
516 1576 801 1629 mundatus
837 1587 931 1632 est.
973 1577 1040 1627 Et
1075 1574 1143 1627 de
1168 1573 1406 1627 secundo
1443 1575 1622 1626 Leone
1646 1574 1762 1625 viro
1788 1574 2024 1625 omnium
2049 1575 2303 1627 virtutum
2329 1578 2527 1630 meritis

262 1660 531 1714 decorato.
566 1662 631 1712 Et
660 1659 726 1713 de
762 1657 1048 1712 Benedicto
1084 1659 1354 1730 episcopO,
1396 1658 1492 1729 qui
1530 1657 1758 1710 instituit
1781 1668 1842 1709 ut
1866 1656 1934 1709 ad
1957 1657 2329 1711 tumulandum
2355 1680 2527 1714 roma-

263 1763 392 1800 num
436 1744 740 1815 pontificem
788 1761 970 1796 omnes
1006 1741 1240 1795 eiusdem
1276 1742 1524 1794 ecclesiae
1559 1753 1899 1794 occurrerent
1935 1741 2145 1793 clerici:
2194 1743 2429 1796 similiter
2474 1757 2527 1798 et

262 1829 374 1898 ipse
411 1828 468 1879 in
504 1846 688 1880 eorum
725 1827 921 1879 faceret
954 1826 1210 1897 exequiiS.
1240 1826 1307 1877 Et
1344 1824 1411 1877 de
1448 1825 1559 1878 eius
1583 1843 1884 1878 successore
1909 1825 2176 1890 Iohanne,
2212 1827 2303 1898 qui
2330 1828 2527 1880 librum

263 1911 331 1963 de
368 1910 620 1982 dignitate
656 1911 801 1983 pallii
837 1910 1135 1982 composuit
1160 1910 1232 1978 2).
1272 1910 1339 1961 Et
1371 1908 1438 1960 de
1476 1909 1697 1960 Conone
1731 1909 1967 1961 omnium
2007 1927 2214 1961 morum
2253 1911 2526 1964 honestate

260 1995 552 2065 praeclaro.
595 1995 660 2046 Et
699 1992 766 2046 de
801 1993 983 2064 Sergio
1021 1994 1275 2065 episcopo
1296 2035 1309 2058 ,
1339 1992 1432 2063 qui
1455 1991 1720 2044 basilicam
1745 1991 2123 2044 lateranensem
2155 1995 2442 2063 reparavit,
2473 2007 2526 2046 et

266 2089 324 2129 ut
359 2097 525 2148 agnus
562 2078 659 2130 Dei
695 2077 834 2129 inter
868 2077 1142 2128 missarum
1175 2076 1486 2146 sollempnia
1510 2074 1855 2138 decantareur
1878 2075 2120 2127 instituit.
2154 2077 2219 2127 Et
2245 2075 2310 2128 de
2335 2078 2522 2148 quinto

261 2160 584 2217 Iohanneet
618 2171 786 2212 sexto.
827 2160 892 2211 Et
927 2157 994 2210 de
1029 2157 1259 2211 Sisinnio
1278 2198 1293 2222 ,
1333 2159 1430 2230 qui
1465 2159 1694 2212 instituit
1728 2168 1789 2210 ut
1824 2159 1879 2210 in
1911 2157 1997 2207 ·V·
2027 2158 2156 2211 feria
2206 2160 2390 2213 missae
2439 2161 2522 2214 de-

263 2253 622 2296 cantarentur.
654 2243 721 2294 Et
757 2241 823 2294 de
847 2242 1197 2294 Constantino
1234 2242 1486 2313 episcopo
1504 2283 1517 2307 ,
1553 2243 1705 2294 cuius
1728 2241 1955 2313 pedibus
1979 2242 2212 2294 Iustinus
2236 2243 2524 2314 imperator

263 2327 321 2380 in
357 2324 525 2378 media
563 2325 736 2395 platea
780 2325 1386 2396 constantinopolitanae
1428 2325 1651 2377 civitatis
1694 2324 1976 2378 advolutus
2021 2327 2226 2378 veniam
2274 2328 2427 2398 petiit
2473 2342 2526 2382 et

261 2409 576 2480 impetravit.
621 2408 793 2459 Huius
843 2408 1173 2479 temporibus
1209 2406 1318 2460 duo
1353 2406 1627 2460 Saxonum
1669 2426 1817 2479 reges
1861 2427 2055 2461 venere
2097 2410 2318 2462 Romam
2371 2431 2528 2465 causa

262 2492 550 2553 orationis,
602 2503 653 2544 et
697 2491 772 2543 ibi
810 2492 1006 2544 mortui
1043 2503 1184 2544 sunt.
1215 2492 1299 2543 ‘Et
1347 2490 1415 2544 de
1460 2491 1696 2554 secundo
1749 2492 2041 2563 GregoriO,
2091 2493 2187 2563 qui
2229 2512 2327 2564 per
2370 2495 2529 2547 Boni-

257 2576 454 2641 facium
488 2575 808 2627 monachum
844 2586 897 2627 et
937 2575 1242 2646 episcopum
1279 2586 1488 2646 gentem
1524 2575 1914 2627 Germanorum
1962 2573 2230 2628 sedentem
2278 2578 2334 2628 in
2379 2589 2526 2631 tene-

263 2659 372 2714 bris
400 2671 452 2711 et
486 2659 674 2710 umbra
700 2659 915 2722 mortis,
962 2658 1202 2711 doctrina
1246 2659 1378 2710 lucis
1420 2658 1680 2712 convertit
1721 2657 1790 2710 ad
1833 2659 2115 2711 Christum.
2157 2660 2218 2711 Et
2261 2659 2326 2712 de
2369 2663 2524 2715 tertio

262 2742 525 2811 Gregorio
545 2781 559 2804 ,
609 2741 704 2812 qui
749 2740 818 2793 ad
854 2741 1106 2793 feretrum
1141 2743 1484 2794 antecessoris
1529 2742 1610 2794 sui
1656 2741 1851 2794 electus
1896 2755 1971 2795 est
1992 2783 2007 2806 ,
2057 2743 2151 2814 qui
2197 2755 2249 2795 et
2294 2744 2525 2797 Leonem

252 2826 659 2896 imperatorem,
702 2825 798 2895 qui
833 2842 1004 2876 sacras
1040 2824 1290 2894 imagines
1319 2823 1588 2895 ‘destruere
1621 2825 1889 2877 nitebatur
1909 2867 1922 2889 ,
1963 2827 2436 2880 excommunicavit
2470 2841 2525 2881 et

260 2926 429 2978 ,regno
466 2908 711 2979 privavit.
753 2908 869 2959 Hic.
890 2907 1030 2959 idem
1051 2926 1185 2960 cum
1208 2909 1376 2960 Roma
1401 2907 1734 2961 obsideretur
1758 2907 1788 2961 a
1813 2909 2144 2980 Liutprando
2166 2907 2191 2932 '⁴‘
2218 2911 2525 2981 Longobar-

2572 2261 2641 2291 cod.
2659 2262 2680 2292 f.
2696 2266 2740 2292 35.
2762 2270 2789 2291 a.

2573 2934 2653 2965 ‘c0d.
2662 2934 2692 2964 A
2696 2934 2850 2971 liprando.

264 2991 457 3044 dorum
499 3010 651 3063 rege,
692 2992 831 3043 misit
873 2991 1045 3044 navali
1093 2991 1280 3043 itinere
1321 2991 1492 3052 claves
1536 2992 1882 3044 confessionis
1924 2992 2090 3043 sancti
2137 2994 2276 3044 Petri
2320 2993 2522 3048 Karolo
2576 3024 2578 3026 ·

265 3075 375 3145 regi
400 3075 726 3128 Francorum
747 3075 800 3142 3)
828 3093 1020 3145 rogans
1051 3084 1111 3126 ut
1136 3074 1398 3127 civitatem
1420 3074 1668 3127 liberaret
1693 3094 1723 3127 a
1747 3074 1949 3146 perfida
1973 3087 2126 3146 gente
2151 3077 2524 3147 Longobardo-

266 3192 364 3230 Bibl.
392 3193 438 3232 T.
465 3194 528 3229 VI.
560 3202 596 3240 p.
627 3196 711 3229 510.
745 3193 938 3229 Praeterea
964 3191 1124 3229 aliorum
1151 3196 1315 3244 veterum
1339 3190 1563 3228 Pontificum
1586 3202 1680 3229 rom.
1710 3191 1845 3239 scripta
1877 3192 2019 3239 aliquot
2046 3192 2102 3229 vel
2129 3192 2335 3240 fragmenta
2362 3204 2456 3232 nova
2483 3194 2525 3232 in

268 3253 408 3290 nostris
433 3252 717 3290 collectionibus
732 3258 843 3296 sunt,
857 3252 1036 3289 nimirum
1052 3251 1188 3288 Felicis
1200 3252 1231 3296 1,
1250 3249 1472 3300 Eutychiani
1487 3250 1576 3296 (sed
1591 3250 1685 3288 falso
1704 3251 1877 3294 nomine)
1895 3251 1982 3288 lulii
2001 3253 2033 3298 l,
2058 3251 2224 3290 Silvestri
2244 3254 2274 3297 1,
2291 3253 2461 3301 Gregorii
2474 3254 2523 3300 11,

254 3312 445 3349 -lohannis
471 3313 574 3358 V111,
595 3311 803 3349 Innocentii
830 3312 859 3347 1.
877 3321 921 3348 ac
943 3311 1012 3348 111.
1029 3309 1102 3348 Sed
1127 3309 1218 3348 haec
1242 3309 1446 3359 quid-sunt
1464 3321 1551 3358 prae
1572 3310 1649 3347 illis
1674 3311 1789 3358 copiis
1810 3310 2010 3348 uberrimis
2024 3339 2034 3356 ,
2065 3322 2157 3359 quas
2180 3312 2221 3348 in
2248 3312 2524 3351 continuatione

233 3371 535 3408 --Coutantianae
560 3369 734 3408 editionis
760 3370 1000 3418 epistolarum
1028 3369 1296 3418 pontificalium
1312 3397 1323 3415 ‚
1347 3370 1381 3407 si
1408 3370 1481 3407 vita
1508 3376 1545 3407 et
1568 3370 1662 3407 vires
1687 3369 1922 3416 suffecerint,
1949 3370 2072 3408 daturi
2099 3374 2255 3409 sumus?

352 3434 381 3476 l)
405 3431 545 3477 Nempe
569 3428 810 3477 repetendum
830 3442 838 3465 ε
867 3429 961 3476 quid
983 3429 1114 3468 dicam
1127 3444 1142 3475 ,·
1165 3431 1349 3477 inquam,
1374 3431 1452 3466 nisi
1475 3435 1549 3467 etc.

348 3492 383 3530 2)
401 3490 448 3524 Et
474 3488 623 3535 quidem
658 3488 844 3525 Iohannes
875 3489 945 3525 PP.
965 3489 1033 3526 111.
1054 3487 1197 3525 Edaldo
1225 3487 1502 3536 archiepiscopo
1530 3487 1719 3525 viennensi
1747 3488 1789 3525 in
1817 3488 1942 3526 Gallia
1963 3499 2082 3539 lusum
2111 3490 2219 3538 pallii
2237 3492 2440 3537 concessit,
2460 3501 2524 3538 per

265 3546 458 3594 epistolam
473 3557 579 3594 ·quae
595 3551 695 3583 extat
717 3547 757 3583 in
785 3546 1003 3583 collectione
1021 3545 1220 3584 novissima
1243 3545 1514 3591 conciliorum,
1540 3547 1751 3584 Florentiae
1777 3553 1926 3599 coepta,
1950 3549 2113 3586 Venetiis
2135 3549 2372 3594 continuata,
2388 3551 2432 3586 T.
2453 3550 2521 3585 IX.

264 3605 336 3643 eol.
369 3609 452 3642 760.
476 3606 712 3642 Recentiores
734 3610 859 3642 autem
884 3604 931 3642 de
958 3605 1070 3652 pallio
1094 3605 1294 3653 scriptores
1312 3610 1480 3651 recenset
1502 3605 1692 3643 Rohertus
1708 3605 1793 3643 Sala
1819 3606 1858 3643 in
1882 3606 1970 3644 adn.
2002 3607 2050 3645 ad
2075 3607 2185 3645 Card.
2210 3609 2351 3645 Bonam
2373 3606 2419 3644 de
2445 3607 2522 3645 reb.

267 3665 394 3711 liturg.
418 3663 484 3701 lib.
511 3665 540 3699 Ι.
558 3674 638 3711 cap.
659 3667 742 3708 24.)
768 3663 829 3700 Ad
859 3663 1063 3701 Iohannem
1091 3665 1162 3701 PP.
1189 3662 1290 3712 quod
1317 3663 1469 3708 attinet,
1496 3674 1564 3711 ego
1589 3664 1630 3701 in
1657 3663 1785 3702 codice
1810 3670 1883 3702 vat.
1909 3676 1987 3714 reg.
2022 3670 2126 3704 1491.
2157 3665 2184 3704 f.
2207 3670 2263 3703 16.
2290 3666 2331 3702 in
2356 3666 2525 3713 catalogo

266 3724 398 3761 veteris
422 3722 617 3761 cuiusdam
635 3723 880 3760 bibliothecae
908 3734 979 3760 ms.
1007 3722 1174 3771 legebam
1190 3723 1293 3761 hunc
1316 3722 1489 3761 titulum:
1507 3723 1693 3761 Iohannis
1703 3734 1837 3771 papae
1862 3718 2024 3762 romans'
2041 3725 2248 3774 explicatio
2271 3726 2311 3761 in
2326 3724 2526 3773 evangelia

258 3782 518 3820 dominicalia
546 3785 660 3819 totius
675 3784 790 3823 ,anna
818 3783 912 3830 Quis
937 3783 1005 3827 hos
1030 3782 1209 3830 Iohannis
1233 3792 1349 3831 papae
1373 3792 1563 3820 sermones
1586 3775 1698 3833 nobis
1719 3781 2016 3822 demonstrabit?

349 3845 384 3887 3)
411 3842 530 3879 Immo
555 3841 754 3879 dicendum
781 3847 860 3880 erat
882 3842 1031 3880 Karolo
1059 3841 1269 3889 Μανεείίο,
1297 3841 1363 3891 qui
1389 3842 1541 3891 insuper
1559 3841 1669 3880 titulo
1695 3842 1810 3892 regali
1837 3843 2002 3882 carebat.

2355 3908 2375 3925 1
