2996 4432
148 1427 159 1435 '
177 1423 214 1463 Jn
242 1428 340 1458 marg.
366 1421 431 1450 iro-

215 497 288 528 ucd.
310 498 331 527 f.
349 500 408 527 1:32.

148 1466 225 1487 mcc-'-

263 3052 330 3082 cod.
354 3052 376 3082 f.
391 3056 452 3082 133.

454 247 509 293 97
493 260 517 292 4
1382 250 1511 282 CARD-
1547 251 1786 282 DEUSDEDIT

457 346 573 389 odali
603 342 863 399 apostolicae
894 337 1004 381 sedis
1031 337 1189 381 iudicio
1220 337 1401 380 vinculis
1439 338 1712 400 anathematis
1751 336 1943 391 alligatus
1978 341 2055 380 est.
2091 337 2280 393 Cumque
2311 351 2389 381 nec
2418 340 2477 382 sic
2503 340 2715 383 satisface-

455 422 553 470 ret,
587 419 630 457 et
659 426 813 468 magna
850 424 949 467 pars
987 422 1215 465 procerum
1250 410 1398 464 regni,
1441 410 1515 464 qui
1552 409 1776 451 adversum
1813 419 1910 450 eum
1949 409 2264 464 querebantur,
2297 414 2489 452 cerneret
2517 411 2714 454 eumdem

456 497 726 543 nequaquam
759 481 995 537 apostolico
1028 482 1154 523 Petro
1172 512 1185 533 ,
1209 479 1282 521 sed
1312 492 1389 522 suo
1420 480 1577 521 Simoni
1607 490 1732 533 mago
1763 477 2032 521 solummodo
2055 479 2286 534 obaudire,
2311 480 2482 523 tandem
2503 483 2714 524 unanimi·

455 563 523 600 ter
548 555 634 598 'sibi
662 565 805 607 regem
836 551 1096 605 deligentes,
1129 562 1226 592 cum
1256 549 1405 593 eodem
1435 550 1620 592 Henrico
1652 549 1816 603 saepius
1846 551 2059 603 congressi
2089 556 2203 593 sunt.
2237 546 2370 594 Facto
2398 553 2544 608 itaque
2564 558 2613 595 ut
2644 567 2711 596 as-

454 628 570 672 solet
600 627 718 668 vario
748 622 935 666 bellandi
965 625 1119 664 eventu
1136 621 1281 680 ,plicet
1310 622 1346 662 is
1385 633 1512 675 quem
1541 620 1625 663 sibi
1655 619 1831 674 praefati
1860 632 2057 675 proceres
2093 622 2382 676 praefecerant
2418 624 2714 678 occubuisset,

458 705 599 743 tamen
638 694 914 752 postmodum
953 692 1186 735 diutissime
1224 693 1418 748 plurimis
1457 690 1854 747 depraedationibus
1884 697 1927 734 et
1954 692 2159 735 incendiis
2189 706 2238 736 ac
2267 695 2465 738 caedibus
2500 696 2717 751 utrimque

463 771 726 813 decertatum
757 771 835 809 est.
869 764 1053 808 Tandem
1082 763 1298 818 praefatus
1327 768 1533 819 tyrannus
1561 761 1781 804 induratus
1811 766 1859 804 ut
1888 762 2074 817 Pharao,
2108 764 2262 807 relictis
2291 765 2344 807 ad
2375 767 2647 810 resistendum
2670 769 2716 810 in

467 840 688 883 Germania
716 838 849 893 copiis
865 867 877 890 ,
911 839 1127 891 assumpto
1157 835 1311 891 partim
1341 847 1419 877 suo
1449 834 1603 889 partim
1637 833 1904 877 conducticio
1943 836 2029 877 sive
2060 837 2253 890 gregario
2293 839 2476 880 exercitu
2492 870 2504 890 ,
2536 841 2717 882 Romam

466 917 508 954 et
537 910 781 954 suburbana
810 908 898 950 eius
929 906 1326 962 depraedationibus
1355 910 1398 947 et
1426 904 1632 952 incendiis
1661 917 1710 947 ac
1739 905 1939 948 caedibus
1968 906 2124 961 quibus
2153 907 2310 961 valuit,
2336 909 2611 963 quadriennio
2643 910 2717 953 de-

465 982 660 1025 vastavit.
696 983 748 1023 Et
777 980 950 1023 tandem
979 991 1057 1021 suo
1089 980 1255 1020 Simone
1286 977 1421 1031 magis
1451 978 1588 1031 pretio
1608 972 1748 1031 ‘quam
1777 977 1821 1018 vi
1849 976 2132 1019 inthronizato
2150 1008 2162 1030 ,
2195 978 2248 1020 ab
2280 979 2429 1021 eodem
2459 981 2716 1035 imperialem

468 1065 668 1096 coronam
702 1052 876 1106 accepit.
916 1052 968 1092 Et
999 1049 1123 1104 paulo
1156 1053 1256 1104 post
1283 1061 1381 1090 cum
1414 1046 1562 1090 eodem
1598 1045 1801 1103 (militari
1831 1049 2174 1107 Normannorum
2203 1061 2333 1091 manu
2365 1050 2483 1094 ducis
2509 1052 2713 1105 Roberti‚

469 1125 545 1180 qui
571 1125 615 1166 ivn
644 1123 846 1166 auxilium
876 1121 1038 1164 domini
1062 1132 1192 1175 papae
1220 1120 1412 1173 Gregorii
1439 1119 1482 1160 in
1511 1118 1720 1160 Hadriano
1755 1117 1947 1172 degentis
1981 1120 2151 1161 concito
2186 1119 2345 1173 adsuit)
2373 1122 2610 1176 turpissime
2648 1123 2719 1165 fu-

470 1200 591 1250 gatus
627 1194 851 1247 abscessit3
886 1197 927 1235 et
957 1197 1045 1234 tam
1075 1203 1162 1233 non
1189 1190 1429 1232 faventibus
1459 1202 1587 1244 quam
1614 1202 1703 1231 non
1738 1190 2143 1232 communicantibus
2179 1191 2261 1232 sibi
2297 1204 2346 1233 ac
2380 1194 2466 1235 suis
2497 1195 2718 1249 complici-

471 1267 553 1310 bus
570 1298 582 1320 ,
614 1271 656 1309 et
690 1267 848 1307 Romae
875 1268 918 1306 et
944 1264 989 1305 in
1020 1262 1136 1304 omni
1169 1273 1302 1315 regno
1335 1273 1413 1302 suo
1435 1260 1713 1302 saevissimam
1738 1265 1780 1302 et
1809 1260 2047 1303 diuturnam
2079 1262 2221 1304 intulit
2248 1265 2598 1317 persecutionem.
2631 1267 2721 1308 Hu-

474 1340 539 1381 ius
565 1338 625 1380 rei
659 1348 779 1379 causa
797 1366 809 1389 ,
843 1339 886 1377 ct
918 1333 1117 1376 ecelesiae
1147 1345 1280 1387 paene
1306 1320 1438 1374 totius
1470 1331 1588 1384 regni
1619 1325 1854 1383 desolatae,
1887 1337 1930 1374 et
1959 1332 2184 1375 christiana
2218 1334 2364 1388 religio
2397 1336 2562 1389 penitus
2582 1336 2720 1379 diissi-

473 1414 595 1466 pata,
626 1413 667 1451 et
703 1408 803 1450 ·XC'
833 1407 946 1450 milia
978 1406 1196 1448 hominum
1227 1409 1270 1446 et
1301 1417 1352 1446 eo
1385 1404 1566 1459 amplius
1586 1404 1630 1445 in
1660 1403 1836 1446 diversis
1863 1403 2107 1457 regionibus
2126 1435 2137 1456 ,
2164 1404 2289 1447 beato
2318 1418 2426 1461 papa
2452 1410 2471 1424 '
2496 1420 2723 1451 Gmmm'ro

478 1483 751 1536 cooperante,
782 1490 900 1520 caesa
920 1480 1033 1519 sunt.
1056 1476 1136 1528 Qui
1160 1476 1285 1517 etiam
1302 1474 1432 1530 pulsis
1461 1474 1679 1517 catholicis
1700 1474 1909 1529 episcopis
1929 1478 1972 1516 et
1995 1474 2216 1518 abbatibus
2232 1507 2244 1529 ,
2269 1472 2490 1520 sceleratos
2511 1483 2553 1520 et
2571 1469 2721 1522 idiotas

474 1551 648 1607 singulis
682 1548 921 1593 civitatibus
953 1552 996 1589 et
1027 1546 1303 1589 xenodochiis
1331 1546 1401 1587 vel
1430 1546 1611 1591 ecclesiis
1642 1545 1829 1599 singulos
1847 1576 1859 1599 ,
1895 1546 2107 1588 interdum
2142 1551 2278 1589 autem
2311 1548 2447 1598 binos.
2459 1550 2527 1592 vel
2560 1563 2730 1592 annuos·

473 1621 685 1677 praelatos
718 1617 942 1661 damnabili
972 1618 1128 1673 prioris
1158 1621 1200 1659 et
1232 1617 1418 1670 magistri
1447 1618 1513 1659 sui
1540 1616 1718 1659 Simonis
1752 1616 2024 1658 mercimonio
2054 1616 2336 1672 substituens,
2362 1619 2406 1660 in
2427 1619 2724 1675 depraedatio-

475 1694 600 1736 nibus
626 1695 869 1734 sanctorum
895 1690 1090 1731 locorum
1122 1689 1448 1730 christianorum
1477 1688 1558 1730 sihi
1581 1700 1669 1730 non
1693 1687 1950 1739 faventium,
1981 1687 2110 1729 immo
2141 1692 2183 1730 et
2214 1688 2472 1744 faventium,
2503 1691 2604 1733 dum
2634 1705 2723 1735 non

479 1768 588 1807 esset
617 1764 689 1818 qui
726 1766 884 1805 armato
915 1761 1155 1812 resisteret,
1188 1759 1315 1814 longe
1341 1759 1539 1813 lateque,
1575 1759 1790 1801 voluntate
1823 1757 1995 1813 quidem
2032 1771 2118 1800 non
2148 1759 2285 1802 minus
2317 1773 2394 1803 suo
2422 1763 2612 1816 Nerone,
2648 1764 2724 1806 sed

475 1836 614 1877 minus
641 1832 948 1889 possibilitate,
981 1834 1199 1884 grassatus
1224 1834 1301 1872 est.

601 1907 668 1947 12.
700 1903 780 1946 Sed
810 1904 961 1957 gratias
981 1903 1070 1943 Deo
1099 1902 1201 1956 qui,
1227 1906 1276 1943 ut
1303 1901 1360 1943 ait
1393 1901 1637 1955 apostolus,
1663 1911 1829 1955 semper
1849 1900 2084 1955 triumphat
2105 1913 2184 1943 nos
2203 1902 2245 1943 in
2274 1902 2444 1945 Christo
2465 1905 2588 1958 lesu;
2613 1918 2723 1960 quo-

478 1978 590 2020 niam
618 1976 732 2018 idem
759 1976 986 2030 imperator
1008 1974 1095 2015 eius
1116 1974 1252 2026 Nero,
1281 1972 1335 2014 ab
1360 1984 1490 2014 uxore
1523 1984 1649 2026 quam
1677 1972 1822 2013 multis
1849 1972 1939 2013 Deo
1969 1975 2073 2013 teste
2104 1973 2346 2026 prostituit,
2377 1978 2420 2016 et
2442 1987 2467 2016 a
2494 1975 2599 2017 filiis
2618 1988 2726 2030 pro-

480 2053 574 2103 pter
602 2047 667 2089 sui
696 2045 981 2089 crudelitatem
1011 2044 1208 2097 relictus,
1239 2044 1323 2085 iam
1347 2042 1518 2086 tandem
1546 2055 1634 2084 non
1673 2042 1897 2084 cuiuslibet
1931 2043 2041 2096 regis
2060 2073 2072 2092 ‚
2105 2047 2147 2085 et
2174 2043 2293 2086 ducis
2323 2044 2411 2086 sive
2441 2046 2730 2100 marchionis,

482 2118 558 2162 sed
585 2118 708 2160 unius
734 2117 939 2169 feminae,
973 2115 1133 2157 scilicet
1162 2115 1369 2169 gloriosae
1401 2118 1443 2156 et
1467 2115 1555 2156 Deo
1588 2113 1765 2156 dilectae
1796 2114 2028 2156 comitissae
2048 2114 2282 2169 Mathildis,
2309 2118 2600 2171 congressione
2621 2118 2729 2161 adeo

485 2189 724 2232 debilitatus
746 2193 828 2240 est,
852 2191 901 2229 ut
920 2187 989 2229 vix
1007 2186 1390 2241 quinquagenarius
1412 2197 1586 2240 magnus
1605 2186 1894 2228 Romanorum
1914 2185 2141 2240 imperator
2162 2187 2320 2229 incidat
2339 2188 2384 2229 in
2409 2189 2564 2231 iustum
2588 2190 2730 2232 distri-

484 2266 683 2315 ctumque
703 2260 781 2302 Dei
803 2259 1001 2301 iudicium
1019 2291 1030 2312 ,
1054 2263 1096 2299 et
1117 2258 1196 2299 Dei
1218 2257 1578 2312 frequentissimus
1605 2257 1806 2300 venditor
1828 2262 1870 2299 et
1890 2256 2107 2300 abiurator
2127 2258 2308 2301 femineo
2340 2244 2562 2314 superetur
2581 2262 2733 2303 trium-

485 2332 573 2387 pho
594 2346 606 2384 ;
637 2332 711 2386 qui
737 2331 811 2373 Dei
840 2325 967 2373 suave
995 2329 1142 2383 iugum
1166 2343 1191 2371 a
1222 2342 1265 2371 se
1292 2329 1515 2383 proiiciens
1533 2360 1544 2381 ‚
1567 2329 1676 2371 sicut
1702 2333 1824 2384 pater
1855 2329 1944 2371 cius
1972 2329 2130 2383 Belial,
2156 2334 2198 2372 et
2223 2331 2575 2376 immemorillius
2596 2335 2728 2375 sancti

486 2403 598 2456 regis
619 2402 711 2453 Iob,
739 2402 813 2456 qui
846 2402 934 2443 ait:
958 2404 993 2441 si
1021 2402 1232 2453 contempsi
1259 2402 1448 2440 iudicium
1477 2402 1610 2441 subire
1639 2413 1724 2441 cum
1747 2414 1856 2442 servo
1874 2413 1982 2453 mea,
2009 2400 2063 2443 ad
2093 2401 2424 2444 satisfaciendum
2450 2403 2515 2445 his
2545 2416 2728 2458 quorum

488 2474 777 2515 infestissimus
795 2473 948 2514 exstitit
965 2476 1231 2527 persecutor,
1249 2470 1362 2512 beati
1386 2471 1565 2526 apostoli
1583 2472 1697 2512 Petri
1719 2471 1870 2512 subiici
1890 2470 2063 2513 adactus
2082 2476 2146 2513 est
2167 2472 2338 2514 iudicio.
2359 2472 2477 2515 Idem
2502 2484 2601 2516 vero
2628 2487 2729 2518 Gur—

490 2551 654 2586 BERTUS
670 2575 681 2595 ,
715 2544 789 2598 qui
815 2542 948 2584 multo
982 2543 1137 2584 rectius
1166 2554 1274 2596 papa
1302 2541 1499 2594 demenS,
1530 2554 1655 2596 quam
1679 2553 1791 2595 papa
1815 2554 2012 2584 CLEMENS
2042 2541 2124 2584 dici
2150 2541 2324 2596 debuit,
2355 2545 2399 2585 iu
2425 2544 2629 2600 oppidulo
2651 2559 2733 2588 suo

487 2616 606 2671 quod
637 2618 868 2670 Argentum
899 2615 1053 2657 dicitur
1072 2647 1083 2668 ,
1115 2614 1233 2668 quasi
1267 2614 1320 2656 ad
1354 2614 1419 2656 sui
1448 2613 1723 2656 munitionem
1758 2613 1919 2655 excelsa
1944 2617 2060 2666 turre
2095 2613 2322 2668 fabricata,
2364 2617 2642 2669 praestolatur
2669 2619 2729 2660 si-

486 2687 704 2729 moniacos
735 2686 906 2740 angelos
922 2718 934 2739 ,
969 2698 1062 2727 cum
1090 2684 1243 2740 quibus
1267 2684 1448 2726 volando
1473 2685 1516 2726 in
1536 2683 1818 2738 puditissimas
1836 2684 1995 2739 stygias
2022 2684 2198 2739 paludes
2230 2690 2400 2728 corruat
2418 2703 2434 2740 ,·
2455 2687 2602 2730 fractis
2630 2702 2732 2731 cru-

488 2758 629 2810 ribus3
660 2758 815 2799 scilicet
838 2756 962 2798 rebus
989 2757 1103 2808 suis,
1135 2757 1227 2798 Deo
1263 2755 1385 2797 nobis
1410 2755 1628 2810 propitio,
1665 2754 1750 2796 iam
1782 2755 2095 2810 propemodum
2129 2755 2354 2798 confractis
2387 2761 2429 2799 et
2464 2758 2517 2800 ad
2554 2759 2733 2802 nihilum

490 2828 700 2881 redactis3
736 2828 804 2870 cui
833 2840 956 2869 nemo
988 2827 1260 2883 apostolicam
1289 2827 1563 2869 reverentiam
1591 2827 1678 2867 sive
1709 2825 1990 2868 obedientiam
2015 2826 2229 2880 exhibuit,
2263 2832 2567 2881 praeter‘suum'
2599 2832 2734 2873 Nero*-

491 2912 587 2941 nem
605 2904 646 2942 et
672 2899 894 2941 sceleratos
923 2899 1149 2953 complices
1169 2900 1282 2951 eius;
1312 2898 1381 2940 vel
1409 2899 1484 2953 qui
1509 2911 1562 2940 se>
1578 2899 1638 2941 illi
1662 2903 1840 2953 propter
1870 2898 2109 2951 avaritiam,
2134 2911 2244 2953 quae
2274 2898 2488 2942 idolorum
2519 2904 2735 2944 estservi-

492 2975 585 3023 tus,
611 2970 677 3012 vel
703 2974 911 3024 perpetuo
931 2969 1000 3011 vel
1028 2968 1080 3011 ad
1102 2972 1266 3023 tempus
1288 2973 1412 3023 pacto
1431 2968 1704 3011 iureiurando
1731 2968 1979 3011 vendidere:
2009 2981 2191 3023 quorum
2213 2969 2402 3024 plurimi,
2431 2971 2583 3025 quibus
2608 2973 2735 3027 perfi-

496 3042 563 3085 dia
582 3042 786 3084 claruerat
801 3071 813 3094 ,
842 3040 942 3083 dum
961 3040 1032 3082 ille
1054 3039 1279 3098 execranda
1300 3039 1498 3082 sacrificia
1525 3040 1745 3093 celebrat,
1764 3052 1816 3082 ne
1843 3040 2088 3082 interessent
2107 3040 2401 3095 aufugiebant,
2429 3042 2604 3084 scientes
2629 3055 2736 3085 eun-

497 3114 590 3157 dem
612 3114 715 3156 nulli
745 3124 1016 3155 romanorum
1046 3112 1291 3153 successisse
1321 3110 1600 3165 Pontificum,
1632 3111 1706 3154 sed
1736 3111 1996 3166 praescripto
2024 3110 2153 3153 modo
2185 3113 2399 3165 periurum
2430 3117 2472 3154 et
2499 3113 2736 3157 invasorem

495 3198 542 3227 ac
562 3185 834 3227 simoniacum
864 3183 1036 3225 domino
1061 3183 1264 3236 Gregorio
1295 3195 1430 3237 papae
1451 3183 1575 3225 fuisse
1601 3182 1941 3237 superiniectum.
1967 3182 2070 3223 Nam
2100 3181 2299 3224 catholici
2321 3182 2393 3236 qui
2413 3182 2540 3225 fidem
2562 3188 2604 3225 et
2633 3184 2735 3226 reli-

495 3258 661 3312 gionem
690 3256 778 3297 zelo
809 3255 885 3296 Dei
914 3254 1167 3307 tuebantur,
1203 3254 1386 3296 obeunte
1415 3254 1563 3296 beatae
1587 3253 1814 3296 memoriae
1843 3265 1951 3308 papa
1982 3253 2188 3306 Gregorio
2205 3283 2217 3305 ,
2253 3253 2642 3296 reverendissimum
2663 3256 2738 3297 Vi-

496 3332 657 3370 ctorem
685 3338 883 3368 romanae
916 3326 1115 3367 ecclesiae
1145 3326 1409 3369 cardinalem
1437 3324 1844 3380 archipresbyterum
1863 3354 1875 3378 ,
1899 3327 1941 3365 et
1961 3324 2214 3365 casinensem
2238 3323 2433 3365 abbatem
2461 3324 2737 3379 substituere3

497 3411 634 3453 eoque
668 3411 755 3440 non
780 3398 913 3439 multo
938 3402 1040 3451 post
1069 3397 1329 3451 decedente,
1361 3397 1578 3439 Urbanum
1601 3397 1674 3451 qui
1703 3407 1898 3451 praesens
1924 3394 2104 3437 habetur
2138 3397 2206 3451 1),
2234 3395 2371 3436 virum
2393 3395 2738 3438 scientia-etre-

496 3469 656 3522 ligione
686 3467 1101 3523 praestantissimum.
1136 3468 1212 3510 His
1246 3467 1299 3509 de
1332 3468 1559 3510 Gummrro
1581 3471 1624 3509 et
1655 3479 1732 3508 suo
1764 3467 1973 3519 Henri00‚
2007 3465 2332 3508 simoniacorum
2362 3469 2404 3507 et
2429 3465 2668 3508 invasorum
2697 3471 2739 3509 et

499 3539 858 3595 schismaticorum
886 3537 1174 3592 principibus,
1204 3539 1414 3580 succincte
1449 3537 1718 3594 praelibatis,
1751 3537 1806 3579 ad
1838 3537 1979 3591 priora
2004 3535 2233 3578 redeamus.

621 3611 690 3652 13.
722 3611 982 3651 Pertractato
1009 3607 1152 3662 itaque
1183 3610 1374 3663 superius
1397 3609 1481 3651 hoc
1517 3607 1635 3663 quod
1664 3609 1922 3662 Augustinus
1947 3606 2093 3652 scribit
2121 3606 2174 3648 de
2209 3606 2422 3648 sanctitate
2456 3611 2742 3650 sacramento-

501 3693 595 3722 rum
629 3680 936 3721 haereticorum
973 3681 1014 3719 et
1052 3677 1439 3732 schismaticorum,
1478 3683 1519 3721 et
1552 3678 1604 3720 de
1637 3690 1732 3725 non,
1755 3678 2018 3720 reiteratione
2051 3676 2320 3730 eorumdem3
2360 3677 2627 3719 subiiciemus
2656 3677 2740 3719 boc

504 3750 622 3806 quod
650 3749 760 3792 idem
790 3747 994 3791 mirabilis
1029 3747 1181 3790 doctor
1213 3748 1382 3801 scribit,
1424 3752 1511 3790 tam
1544 3748 1624 3790 sibi
1656 3760 1781 3803 quam
1812 3748 1985 3804 reliquis
2021 3747 2269 3791 doctoribus
2306 3759 2516 3790 canonum
2553 3747 2739 3790 auctori-

619 3835 648 3877 1)
670 3839 754 3878 Ergo
776 3835 926 3868 Urbanus
943 3835 984 3868 Il.
1007 3833 1138 3867 vivebat
1157 3834 1234 3867 dum
1256 3835 1336 3868 haec
1358 3844 1377 3867 a
1397 3835 1576 3880 Deusdedit
1593 3834 1828 3868 scribebantur.
