2996 4432
491 272 558 319 34
1473 282 1528 315 nx
1564 281 1694 314 uano
1728 281 1791 313 iv.

500 368 654 423 storis
702 368 770 436 1),
816 365 910 418 ubi
945 377 999 418 et
1035 366 1237 417 sontem
1272 364 1564 418 benedixit.
1607 366 1780 418 Huius
1816 365 1970 417 etiam
2006 368 2337 439 temporibus
2384 369 2533 422 fuere
2568 373 2768 426 Romae

499 454 635 504 duae
672 449 1047 502 sacratissimae
1085 449 1314 519 virgines
1351 449 1616 502 Praxedes
1650 460 1702 501 et
1738 449 2066 501 Potentiana.
2109 451 2175 502 Et
2204 452 2290 502 hic
2316 453 2569 522 martyrio
2607 453 2766 505 vitam

500 536 673 588 finivit
698 576 711 600 ,
752 545 804 587 et
841 533 1078 603 sepultus
1114 543 1191 583 est
1227 550 1345 584 cum
1382 533 1634 586 fratribus
1672 532 1797 583 suis.
1876 594 1882 597 ῃ
2091 546 2094 550 ’

548 681 554 687 Κ
607 637 694 688 7¹·
736 615 984 686 Agnitius
1011 618 1063 684 2)
1095 616 1309 668 natione
1333 634 1490 686 syrus
1514 626 1637 686 post
1661 614 1806 665 hunc
1833 631 2103 666 romanam
2133 615 2445 685 gubernavit
2470 617 2759 672 ecclesiam.

500 700 601 753 Hic
626 699 896 771 praecepit
921 709 980 749 ut
1005 698 1184 749 nullus
1208 698 1428 751 clericus
1453 715 1655 750 comam
1680 695 1910 748 nutriret
1941 697 2231 750 secundum
2263 712 2604 771 praeceptum
2634 720 2768 771 apo-

500 785 643 837 stoli.
685 783 859 834 Huius
896 781 1222 852 temporibus
1247 781 1575 851 Polycarpus
1596 779 1883 850 ephesinus
1906 780 2187 852 episcopus
2204 822 2218 846 ‚
2247 782 2545 853 discipulus
2566 795 2619 835 et
2643 802 2767 836 suc-1

499 887 675 920 cessor
710 865 962 918 Iohannis
995 865 1373 935 evangelistae,
1413 865 1634 915 Romam
1670 862 1815 914 venit
1850 863 2102 915 orationis
2137 875 2286 929 vote,
2328 877 2380 917 et
2416 866 2677 935 benigne,
2705 867 2764 918 li·

502 963 585 1004 cet
621 947 1127 1021 quartadecimaret,
1167 966 1197 999 a
1234 948 1377 1017 Papa
1414 946 1472 997 in
1507 945 1933 997 communionem
1969 957 2242 1017 susceptus
2277 959 2371 1000 est.
2401 947 2602 1000 Eodem
2627 968 2763 1020 quo-

503 1054 608 1107 que
646 1046 883 1104 tempore
928 1033 1178 1083 Irenaeus
1221 1029 1549 1081 admirabilis
1587 1028 1806 1093 doctor,
1846 1047 2063 1098 graecus
2108 1048 2331 1100 genere,
2378 1030 2765 1100 lugdunensem

503 1116 832 1187 gubernabat
868 1115 1154 1167 ecclesiam.
1194 1111 1299 1164 Sed
1335 1123 1388 1164 et
1423 1112 1511 1164 hic
1547 1110 1863 1164 venerabilis
1905 1112 2146 1181 pontifex
2183 1113 2436 1182 martyrio
2481 1126 2770 1166 coronatus

505 1212 612 1265 est,
651 1211 705 1252 et
742 1198 1024 1269 requiescit
1060 1215 1179 1248 cum
1217 1194 1487 1247 sodalibus
1523 1195 1632 1247 suis
1668 1195 1726 1247 in
1760 1192 2038 1246 Vaticano.
2134 1203 2136 1206 ’

612 1302 697 1352 72.
726 1281 880 1333 Soter
917 1280 1134 1331 natione
1169 1296 1460 1349 campanus
1495 1289 1616 1350 post
1646 1278 1792 1330 hunc
1818 1295 2093 1328 romanum
2118 1276 2347 1347 suscepit
2371 1277 2763 1348 pontificatum,

505 1366 605 1416 Hic
642 1364 871 1416 instituit
908 1373 966 1413 ut
1001 1361 1231 1432 legitima
1265 1380 1378 1413 non
1413 1361 1674 1413 habeatur
1710 1378 1851 1412 uxor
1894 1361 1996 1412 nisi
2041 1379 2179 1431 quae
2224 1360 2382 1412 fuerit
2419 1380 2450 1413 a
2486 1361 2763 1414 sacerdote

502 1445 779 1498 benedicta
800 1487 812 1509 ,
853 1456 906 1496 et
942 1463 971 1496 a
1008 1444 1319 1514 parentibus
1354 1442 1546 1496 tradita
1565 1484 1579 1509 ,
1619 1455 1672 1495 et
1707 1442 2000 1495 secundum
2036 1444 2201 1514 legem
2228 1443 2436 1506 dotata,
2466 1456 2519 1496 et
2553 1464 2583 1496 a
2618 1463 2770 1515 para-

503 1530 753 1601 nymphis
789 1528 1084 1580 custodita:
1115 1539 1167 1579 et
1204 1539 1265 1579 ut
1301 1528 1446 1580 nulla
1483 1528 1743 1580 monacha
1768 1527 1960 1598 pallam
1992 1539 2248 1579 sacratam
2271 1528 2635 1598 contingeret,
2663 1547 2765 1581 nec

504 1615 779 1664 incensum
798 1612 854 1662 in
873 1611 1088 1663 ecclesia
1107 1622 1349 1682 poneret.
1366 1609 1469 1663 Sed
1491 1621 1543 1663 et
1569 1612 1656 1662 hic
1673 1611 1807 1663 iacet
1834 1611 1890 1661 in
1910 1611 2192 1682 sepulchro
2217 1630 2339 1663 cum
2363 1584 2612 1663 fratriffus
2635 1613 2764 1664 suis,

613 1696 697 1764 73.
740 1695 1071 1746 Eleutherius
1101 1693 1315 1746 natione
1340 1712 1556 1764 graecus
1592 1705 1715 1766 post
1749 1694 1892 1745 hunc
1929 1694 2282 1765 pontificalem
2319 1695 2552 1765 suscepit
2587 1697 2770 1748 cathe-

505 1776 670 1829 dram.
714 1778 813 1828 Hic
851 1777 1123 1847 epistolam
1162 1777 1396 1847 suscepit
1432 1796 1464 1828 a
1499 1777 1664 1828 Lucio
1700 1777 2000 1829 britannico
2038 1795 2161 1848 rege
2199 1789 2259 1829 nt
2294 1778 2610 1830 christianus
2653 1778 2768 1831 effi-

505 1871 710 1912 ceretur
746 1879 842 1930 per
878 1861 990 1911 eius
1027 1859 1352 1911 mandatum.
1394 1860 1495 1911 Hic
1530 1859 1721 1911 iterum
1758 1860 1982 1912 firmavit
2007 1872 2066 1912 ut
2092 1861 2235 1911 nulla
2260 1878 2377 1912 esca
2402 1879 2432 1913 a
2463 1861 2763 1913 christianis

503 1942 872 2014 repudiaretur
909 1962 1045 2013 quae
1081 1943 1348 1994 rationalis
1382 1953 1435 1994 et
1470 1943 1700 1994 humana
1746 1954 1896 1995 esset.
1940 1944 2006 1995 Et
2044 1944 2129 1995 hic
2173 1944 2426 2015 martyrio
2475 1956 2762 1996 coronatus

505 2038 611 2092 est,
652 2037 704 2078 et
739 2028 1013 2096 appositus
1050 2037 1128 2077 est
1165 2025 1234 2078 ad
1270 2025 1496 2095 collegas
1533 2044 1678 2077 suos.

612 2110 698 2178 74.
739 2108 925 2160 Victor
949 2109 1162 2160 natione
1198 2108 1310 2161 afer
1344 2119 1466 2179 post
1500 2109 1648 2160 hunc
1683 2109 1914 2179 suscepit
1950 2108 2331 2179 episcopatum.
2366 2108 2466 2160 Hic
2496 2109 2765 2179 praecepit

506 2193 754 2243 omnibus
791 2192 891 2243 sub
929 2191 1356 2243 interminatione
1380 2191 1723 2243 anathematis
1759 2202 1819 2242 ut
1843 2209 1955 2242 non
1980 2190 2492 2262 quartadecimarent
2511 2231 2523 2252 ‚
2553 2190 2644 2242 sed
2670 2210 2764 2261 pa-

506 2275 632 2326 scha
669 2275 724 2325 in
762 2274 1038 2325 dominicis
1074 2273 1262 2326 diebus
1298 2293 1418 2325 cum
1453 2291 1671 2327 romana
1706 2274 1919 2326 ecclesia
1954 2275 2311 2328 observarent.
2346 2273 2509 2339 Quod
2534 2274 2764 2325 orienta-

505 2357 580 2409 les
618 2358 845 2427 graviter
881 2358 1049 2409 tulere
1087 2357 1357 2427 episcopi,
1386 2368 1437 2409 et
1460 2357 1745 2427 praecipue
1772 2357 1953 2408 asiani.
1987 2357 2159 2408 Huius
2183 2374 2312 2408 vero
2343 2356 2647 2408 rebellionis
2677 2375 2765 2408 au—

506 2452 620 2511 ctor
657 2453 767 2492 erat
804 2441 1103 2511 Polycrates
1140 2441 1424 2511 ephesinus
1460 2440 1741 2511 episcopus
1777 2457 2046 2492 successor
2082 2439 2392 2511 Polycarpi,
2432 2439 2525 2510 qui
2564 2451 2615 2491 et
2651 2440 2766 2510 ipse

506 2523 795 2594 discipulus
831 2524 1003 2575 fuerat
1038 2524 1289 2575 Iohannis
1313 2522 1677 2593 evangelistae.
1712 2522 1932 2594 Scripsit
1957 2523 2013 2574 in
2040 2524 2184 2574 hunc
2210 2522 2394 2574 Victor
2417 2522 2769 2574 interminans

505 2607 561 2657 ni
598 2607 666 2658 ab
704 2608 918 2677 incepto
956 2606 1260 2668 desisteret,
1301 2625 1419 2657 eum
1457 2625 1487 2658 a
1524 2605 1794 2657 consortio
1829 2606 2076 2658 ecclesiae
2122 2616 2587 2676 sequestraturum.
2628 2604 2767 2657 Scri-

505 2690 610 2759 psit
647 2702 699 2741 et
738 2685 1037 2760 Polycrates
1073 2689 1346 2758 epistolam
1387 2689 1516 2741 mira
1551 2689 1806 2741 suavitate
1842 2688 2195 2754 dulcoratam,
2223 2689 2494 2741 obtestans
2525 2699 2577 2740 et
2613 2687 2766 2740 obse·

505 2792 658 2824 crans
695 2792 973 2825 romanum
1010 2772 1315 2843 pontificem
1352 2784 1413 2824 ut
1448 2791 1631 2842 pacem
1655 2772 1900 2825 ecclesiae
1926 2791 2037 2824 non
2063 2772 2332 2837 turbaret,
2359 2771 2626 2823 affirmans
2652 2790 2764 2823 non

504 2856 658 2907 aliter
696 2856 761 2908 de
799 2858 995 2927 pascha
1033 2857 1227 2908 sentire
1264 2875 1421 2927 qnam
1448 2875 1545 2926 per
1575 2856 1697 2908 ·CC·
1727 2855 1835 2908 fere
1859 2875 2029 2909 annos
2054 2855 2270 2908 ecclesia
2295 2854 2363 2907 ab
2387 2855 2638 2927 apostolis
2661 2866 2767 2906 tra-
2834 2868 2839 2876 ⁴

505 2938 675 2990 ditum
712 2927 1013 2991 custodivit.
1055 2938 1199 3004 Quid
1236 2939 1426 3010 plura?
1453 2938 1591 2990 Vicit
1626 2940 1908 2991 auctoritas
1945 2939 2148 2991 romani
2178 2937 2475 3008 pontificis,
2504 2948 2556 2988 et
2580 2955 2766 3011 omnes

505 3024 700 3092 pascha
738 3024 873 3075 sicut
897 3042 1144 3074 romanus
1170 3023 1451 3093 episcopus
1485 3033 1823 3093 praeceperat
1859 3039 2155 3092 suscepere.
2187 3022 2251 3072 Et
2281 3020 2367 3072 hic
2405 3020 2658 3091 martyrio
2684 3038 2767 3070 co-

504 3116 723 3156 ronatus
758 3117 864 3168 est,
906 3117 958 3156 et
994 3106 1231 3175 sepultus
1267 3119 1389 3156 cum
1427 3103 1680 3156 fratribus
1716 3104 1841 3155 suis.
2203 3115 2205 3117 ’

612 3192 697 3256 75.
728 3189 1067 3260 Zephyrinus
1093 3189 1308 3240 natione
1337 3206 1555 3258 graecus
1576 3189 1628 3257 3)
1658 3187 1782 3239 huic
1808 3182 2057 3238 successit
2082 3186 2138 3237 in
2163 3185 2489 3256 episcopatu.
2514 3183 2617 3236 Hic
2638 3202 2769 3236 con·

505 3270 672 3320 stituit
709 3282 769 3321 ut
806 3263 982 3337 omnia
1017 3290 1138 3322 vasa
1175 3271 1353 3322 altaris
1389 3283 1560 3322 essent
1596 3271 1792 3335 vitrea3
1835 3288 1955 3320 nam
1988 3279 2142 3320 antea
2166 3267 2344 3319 omnia
2381 3277 2534 3318 erant
2568 3266 2761 3335 lignea.

503 3354 568 3403 Et
593 3353 678 3403 hic
716 3355 969 3424 martyrio
1008 3366 1289 3406 coronatus
1326 3355 1667 3424 componitur
1702 3353 1769 3404 ad
1806 3353 2032 3422 collegas
2068 3370 2211 3405 suos.
2325 3354 2329 3357 ’

611 3435 694 3503 76.
725 3435 976 3487 Callixtus
1013 3437 1226 3489 natione
1262 3455 1509 3488 romanus
1534 3435 1600 3488 de
1626 3436 1832 3487 civitate
1857 3434 2241 3486 Ravennatium
2267 3433 2321 3502 ,4)
2347 3443 2469 3503 post
2495 3432 2657 3491 hunc>
2673 3450 2788 3501 pa—r:

501 3517 672 3586 palem
710 3518 942 3588 suscepit
978 3518 1294 3570 cathedram.
1338 3519 1439 3571 Hic
1473 3519 1624 3570 iuxta
1661 3529 1914 3589 quattuor
1937 3517 2064 3569 anni
2101 3527 2371 3588 tempora,
2399 3525 2655 3586 quattuor
2685 3514 2769 3564 in-

504 3599 639 3651 dixit
675 3600 821 3652 omni
856 3601 1098 3653 ecclesiae
1134 3602 1354 3665 ieiunia,
1381 3601 1610 3672 primum
1648 3601 1891 3667 vernale,
1920 3598 2211 3653 secundum
2246 3598 2522 3662 aestivale,
2545 3596 2764 3673 tertium

587 3697 620 3737 1)
646 3695 690 3730 ln
717 3694 773 3730 Pii
795 3693 903 3742 epist.
924 3695 973 3730 ΙΙ.
995 3694 1119 3731 isidor.
1141 3698 1282 3732 Pastor
1300 3696 1507 3743 presbyter
1525 3694 1678 3732 titulum
1699 3694 1885 3732 condidit.
1910 3695 2017 3732 Certe
2031 3694 2088 3732 Pii
2104 3693 2218 3731 frater
2235 3692 2308 3730 suit
2329 3691 2481 3731 nomine
2499 3693 2652 3730 Pastor.

584 3757 620 3796 2)
644 3752 855 3790 Bernardus
879 3752 1063 3790 Gnidonis
1092 3764 1112 3789 a
1139 3753 1248 3790 nohis
1277 3754 1420 3803 editus:
1448 3756 1630 3791 Anicetus
1651 3757 1691 3791 in
1716 3755 1880 3792 decretis
1908 3754 2057 3792 dicitur
2080 3754 2256 3791 Anicius.

586 3816 621 3854 3)
645 3812 757 3859 Apud
785 3812 920 3849 librum
949 3811 1198 3859 pontificalem
1231 3823 1318 3848 cum
1347 3813 1461 3859 Pagio
1486 3824 1682 3850 romanus.
2335 3835 2340 3841 -
2553 3847 2563 3863 ,

588 3875 623 3916 4)
648 3872 770 3908 Locus
797 3870 858 3909 hic
877 3876 956 3909 erat
982 3871 1022 3908 in
1046 3871 1194 3918 regione
1212 3870 1474 3909 transtiberina
1489 3899 1503 3917 ,
1529 3872 1593 3920 qui
1612 3883 1633 3910 a
1651 3873 1809 3911 statione
1835 3872 1997 3911 militum
2024 3871 2152 3911 classis
2172 3869 2382 3909 ravennatis
2401 3877 2539 3908 nomen
2563 3865 2762 3906 contraxit.
