2996 4432
213 522 236 557 ’ᾗ
247 518 315 549 cod.
337 519 472 554 diaconi,

303 2945 406 2978 eodm
420 2950 481 2976 116.

520 264 581 309 82
1438 275 1568 308 canu.
1607 276 1846 309 nnusnnm'r
2279 259 2298 263 “

516 364 650 405 fectus
667 358 811 414 urbis,
834 360 1068 402 Germanus
1091 358 1288 414 nomine,
1310 360 1399 403 eius
1417 362 1613 406 nuntium
1635 363 1899 418 anticipavit,
1922 364 2360 421 comprehensumque
2383 378 2433 409 ac
2457 365 2662 427 disruptis
2685 369 2783 426 epi-

516 433 636 476 stolis
654 465 666 487 ,
700 443 949 474 consensum
980 443 1110 485 quem
1139 431 1328 486 populus
1357 431 1539 486 fecerat,
1575 434 1821 489 imperatori
1851 422 2019 478 dir‘exit.
2053 438 2110 479 At
2138 437 2209 479 ille
2239 439 2397 493 gratias
2427 450 2555 493 agens
2584 441 2677 483 Deo
2699 454 2799 497 pro..

517 505 702 548 amicitia
730 504 923 547 Germani
941 502 978 556 *,
1011 516 1064 545 eo
1096 503 1215 558 quod
1243 504 1387 547 locum
1417 504 1634 547 deferendi
1665 505 1704 546 ei
1734 505 1909 547 honoris
1937 510 1986 548 ut
2021 508 2212 562 cupierat
2248 509 2496 564 reperisset,
2529 510 2670 565 ipsum
2708 524 2781 554 or-

515 576 655 619 dinari
683 575 906 630 praecipit.
929 593 946 610 »
982 575 1090 618 Item
1118 575 1163 617 in
1194 575 1321 630 gestis
1355 576 1587 618 Ambrosii.
1637 595 1653 612 a
1673 576 1779 619 Cum
1806 576 1994 631 populus
2028 579 2163 633 magis
2192 580 2407 634 magisque
2438 580 2641 623 clamaret
2670 583 2777 623 Am-

515 648 707 690 brosium
734 647 1013 702 episcopum,
1049 658 1231 702 cumque
1261 646 1333 689 ille
1362 646 1528 690 videret
1556 646 1661 689 nihil
1690 659 1767 689 sua
1795 647 2030 691 intentione
2058 661 2181 705 posse
2209 650 2417 706 proficere
2432 682 2445 705 ,
2476 651 2623 705 fugam
2651 664 2780 707 para-

516 721 603 772 vit3
637 731 914 773 egressusque
943 717 1086 760 medio
1118 719 1255 761 noctis
1286 719 1524 771 civitatem,
1547 730 1645 761 cum
1674 719 1863 761 Ticinum
1892 732 1937 762 se
1954 731 2131 775 pergere
2160 725 2354 776 putaret,
2379 735 2502 765 mane
2523 722 2576 765 ad
2606 727 2780 778 portam

514 791 701 834 civitatis
729 789 1057 832 Mediolanensis
1087 801 1195 844 quae
1225 789 1381 832 dicitur
1410 801 1584 832 romana
1614 790 1843 832 invenitur.
1878 791 2069 846 Cumque
2098 792 2296 836 inventus
2325 794 2613 837 custodiretur
2645 807 2670 837 a
2699 807 2778 850 por

515 863 646 918 pulc,
667 861 796 904 missa
815 860 963 903 relatio
985 865 1049 903 est
1069 861 1123 904 ad
1143 861 1445 917 imperatorem
1464 861 1832 904 clementissimum
1855 861 2187 906 Valentinianum
2203 894 2216 917 ,
2239 864 2315 919 qui
2332 864 2417 908 hoc
2434 878 2599 908 summo
2618 866 2780 921 gaudio
2835 884 2837 886 ·

518 934 711 989 accepit,
742 931 862 988 quod
890 932 1052 974 iudices
1081 945 1106 974 a
1136 945 1179 974 se
1211 932 1387 985 directi,
1420 932 1476 975 ad
1504 932 1785 976 sacerdotium
1815 937 2061 988 peterentur
2099 932 2153 990 1).
2188 936 2297 977 Ecce
2334 949 2385 978 ex
2414 937 2479 979 his
2509 943 2551 980 et
2582 938 2779 993 praefato

516 1005 706 1060 capitulo
730 1008 902 1046 octavae
932 1003 1084 1059 synodi
1114 1004 1399 1057 patentissime
1430 1003 1643 1059 colligitur
1658 1035 1669 1057 ,
1691 1005 1806 1047 iuxta
1827 1005 2047 1060 pristinam
2070 1006 2417 1050 consuetudinem
2434 1009 2645 1063 praefatos
2664 1022 2778 1064 pon-

518 1076 652 1118 tifices
686 1075 844 1117 electos
870 1075 1013 1118 fuisse.
1047 1074 1127 1117 Sed
1160 1075 1270 1129 quia'
1290 1074 1529 1116 nullatenus
1561 1076 1804 1130 promoveri
1837 1076 2108 1130 patiebantur
2125 1108 2139 1132 ,
2172 1089 2267 1119 cum
2300 1078 2344 1120 in
2374 1078 2543 1120 alterius
2572 1079 2779 1122 electione

523 1146 763 1202 praefectus
791 1147 882 1187 vice
904 1146 1192 1187 Romanorum
1209 1175 1221 1196 ,
1253 1144 1471 1198 Mauricii3
1499 1145 1543 1187 in
1575 1145 1745 1188 alterius
1773 1135 1877 1189 vero
1908 1147 2120 1203 populus,
2154 1148 2438 1191 Valentiniani
2470 1150 2637 1205 legatur
2665 1151 2784 1193 auxi-

519 1218 627 1260 lium
656 1217 859 1272 expetisse
875 1247 887 1271 ,
919 1220 1036 1271 patet
1061 1216 1257 1271 profecto
1287 1216 1406 1258 iuxta
1435 1216 1663 1272 capitulum
1694 1221 1868 1260 octavae
1896 1217 2074 1273 synodi,
2107 1217 2302 1262 ecclesias
2330 1220 2565 1262 saeculares
2593 1225 2779 1277 potesta-

520 1294 585 1331 tes
613 1290 660 1331 in
690 1290 755 1331 sui
787 1288 1044 1330 adiutorium
1075 1289 1302 1341 invitasse3
1335 1300 1487 1343 easque
1516 1300 1604 1330 non
1634 1288 1814 1343 imperio
1843 1288 1919 1331 sed
1950 1288 2192 1332 obedientia
2220 1294 2324 1332 tunc
2354 1302 2448 1332 usas
2477 1290 2635 1344 fuisse3
2669 1303 2782 1346 quo-

523 1362 635 1402 niam
667 1359 837 1414 quidem
869 1371 957 1401 non
985 1358 1155 1401 videtur
1176 1358 1303 1401 nobis
1332 1359 1424 1401 fieri
1453 1371 1541 1401 non
1562 1359 1689 1402 licere
1705 1390 1717 1413 ‚
1742 1359 1778 1401 si
1800 1360 2021 1413 contingat
2049 1359 2225 1414 dignum
2246 1360 2503 1415 quemlibet,
2531 1372 2783 1405 consensum

520 1432 567 1473 in
589 1431 654 1474 sui
676 1431 948 1486 promotione
968 1443 1055 1473 non
1074 1430 1305 1485 praebere,
1330 1430 1516 1484 regalem
1538 1443 1641 1474 vero
1664 1435 1917 1486 potestatem
1936 1432 2157 1485 contingat
2173 1432 2216 1473 in
2236 1430 2379 1474 eadem
2400 1431 2582 1474 dioecesi
2608 1429 2752 1474 adesse
2767 1462 2783 1485 ,

520 1506 570 1543 ut
601 1501 916 1544 Valentinianus
943 1505 1046 1543 tunc
1073 1502 1116 1543 in
1147 1501 1449 1544 Mediolanensi
1481 1502 1638 1555 legitur
1666 1502 1863 1544 adfuisse.
1894 1504 1950 1545 Ut
1976 1506 2115 1544 autem
2144 1506 2373 1556 quaeratur
2401 1502 2632 1557 imperator
2667 1507 2784 1545 extra

522 1572 747 1614 dioecesim
764 1602 776 1624 ,
809 1584 907 1614 cum
937 1571 1068 1625 longo
1095 1571 1323 1614 interstitio
1355 1573 1489 1627 possit
1520 1572 1667 1615 abesse
1687 1603 1699 1626 ‚
1736 1573 2085 1616 absurdissimum
2111 1577 2201 1626 est3
2223 1585 2320 1614 cum
2344 1577 2586 1615 sauctorum
2613 1577 2783 1628 patrum

520 1643 686 1697 legibus
718 1647 922 1684 statutum
960 1643 1013 1684 sit
1029 1673 1041 1695 ,
1076 1643 1197 1685 intra·
1214 1647 1301 1685 tres
1325 1655 1488 1686 menses
1505 1643 1720 1686 viduatam
1744 1644 1961 1686 ecclesiam
1980 1642 2226 1699 pontificem
2249 1645 2440 1698 accipere
2461 1643 2629 1686 debere.
2656 1643 2782 1695 Quod

521 1726 625 1756 vero
648 1714 804 1767 legitur
824 1714 867 1755 in
894 1713 1089 1766 historia,
1119 1706 1338 1768 tripartita
1368 1714 1705 1757 Valentinianum
1738 1714 1889 1756 dixisse
1916 1714 2174 1756 Ambrosio:
2207 1715 2321 1757 Deus
2341 1714 2422 1757 tibi
2452 1715 2661 1756 commisit
2691 1716 2784 1757 ani·

521 1797 640 1839 mas,
682 1797 761 1838 ego
800 1797 983 1839 corpora
1001 1816 1013 1838 ,
1053 1797 1179 1840 quam
1208 1786 1387 1839 pessime
1429 1786 1653 1828 cohaereat
1687 1785 2069 1840 praecedentibus,
2101 1784 2175 1839 qui
2212 1784 2347 1840 legit,
2384 1785 2605 1838 intelligat.
2647 1784 2784 1827 Valde

523 1857 635 1898 enim
668 1856 928 1899 contrarium
958 1856 1148 1911 videtur,
1181 1861 1223 1899 et
1256 1856 1340 1899 hoc
1370 1869 1466 1899 eum
1498 1855 1678 1910 dixisse,
1714 1861 1756 1898 et
1783 1860 1832 1898 ut
1865 1869 1890 1898 a
1915 1868 1958 1897 se
1981 1855 2175 1910 pontifex
2205 1856 2457 1910 eligeretur,
2479 1855 2597 1910 quod
2623 1854 2783 1897 ibidem

522 1928 797 1982 praemissum
823 1933 909 1982 cst,
932 1929 1172 1970 nullatenus
1198 1930 1470 1972 consensisse.
1506 1930 1598 1971 Hoc
1626 1940 1729 1970 vero
1761 1927 1888 1970 nobis
1926 1927 2030 1970 nihil
2062 1926 2335 1980 adversatur,
2373 1940 2471 1969 cum
2502 1926 2650 1969 beatus
2681 1927 2785 1969 Gre-

523 2001 669 2052 gorius
700 2000 889 2042 eamdem
922 2000 1138 2042 historiam
1172 2000 1415 2043 mendosam
1432 2030 1445 2054 ,
1480 2005 1523 2042 et
1553 2013 1577 2042 a
1605 2013 1782 2043 romana
1815 1999 1989 2041 ecclesia
2019 1999 2281 2054 repudiatam
2315 1997 2510 2042 affirmet.

648 2074 713 2113 ll.
740 2073 843 2114 Sunt
866 2072 968 2113 item
993 2072 1069 2126 qui
1087 2071 1317 2125 obiiciunt,
1341 2071 1563 2114 Nicolaum
1582 2071 1790 2113 iuniorem
1814 2070 1984 2112 decreto
2008 2069 2213 2124 synodico
2233 2070 2272 2123 2)
2291 2069 2505 2123 statuisse,
2524 2073 2572 2117 ut
2600 2069 2787 2114 obeunte

523 2143 757 2197 apostolico
787 2142 994 2184 pontifice
1028 2154 1243 2184 successor
1276 2142 1528 2196 eligeretur,
1562 2146 1605 2184 et
1637 2142 1787 2184 electio
1818 2143 1909 2184 eius
1939 2143 2027 2196 regi
2057 2140 2378 2194 notificaretur3
2410 2141 2520 2183 facta
2555 2154 2656 2184 vero
2691 2142 2780 2184 ele-

524 2216 664 2256 ctione
683 2249 695 2271 ,
730 2219 800 2268 et,
834 2219 882 2256 ut
912 2212 1177 2269 praedictum
1206 2218 1295 2267 est,
1327 2214 1420 2267 regi
1449 2212 1692 2265 notificata,
1713 2214 1773 2255 ita
1804 2212 1973 2255 demum
1998 2212 2191 2255 Pontifex
2226 2206 2555 2255 consecraretur.
2589 2212 2715 2265 Quod
2747 2213 2783 2255 si

524 2285 832 2328 admittendum
858 2289 920 2327 est
938 2315 950 2338 ,
980 2289 1028 2327 ut
1053 2284 1216 2326 ratione
1246 2284 1406 2326 factum
1429 2283 1594 2326 dicatur
1610 2314 1622 2336 ,
1652 2282 1874 2327 obiicimus
1898 2285 1951 2327 ad
1981 2285 2066 2326 hoc
2097 2283 2401 2327 confutandum
2417 2315 2429 2338 ,
2451 2284 2688 2339 praefatum
2708 2297 2779 2326 re-

524 2368 622 2410 gem
639 2360 681 2398 et
699 2357 925 2410 optimates
947 2357 1034 2398 eius
1047 2386 1059 2408 ,
1079 2367 1123 2397 se
1141 2368 1191 2397 ea
1212 2355 1513 2397 constitutione
1530 2353 1730 2407 indignos
1749 2354 1920 2397 fecisse:
1940 2357 2124 2410 primum
2137 2387 2150 2409 ‚
2171 2356 2270 2410 quia
2288 2368 2383 2398 cum
2406 2360 2554 2410 postea
2571 2355 2786 2410 praefatus

523 2428 721 2470 Nicolaus
744 2427 1032 2469 Coloniensem
1063 2427 1427 2482 archiepiscopum
1450 2439 1530 2481 pro
1565 2426 1651 2468 suis
1676 2426 1909 2469 excessibus
1932 2426 2205 2481 corripuisset
2220 2459 2235 2480 ‚
2264 2428 2448 2480 graviter
2477 2427 2638 2480 tulere,
2662 2439 2783 2470 eum-

524 2511 610 2553 que
633 2499 768 2541 huius
781 2499 843 2540 rei
863 2500 1024 2554 gratia,
1052 2499 1319 2553 quantumin
1343 2511 1386 2540 se
1413 2502 1530 2551 erat,
1555 2510 1578 2540 a
1598 2501 1755 2553 papatu
1780 2498 2011 2553 deposuere
2028 2529 2040 2551 ,
2073 2510 2312 2552 nomenque
2337 2497 2522 2540 eiusdem
2547 2499 2592 2540 in
2623 2509 2786 2541 canone

523 2571 846 2612 consecrationis
880 2571 1090 2612 nominari
1121 2574 1320 2623 vetuere;
1352 2570 1535 2625 ideoque
1567 2569 1782 2612 decretum
1819 2569 2004 2612 eiusdem
2037 2571 2128 2612 iure
2154 2570 2323 2611 irritum
2361 2580 2448 2610 esse
2479 2567 2675 2622 debebit,
2707 2569 2784 2623 qui

523 2653 621 2682 cum
648 2653 672 2682 a
702 2644 796 2682 toto
831 2640 934 2682 orbe
964 2643 1081 2695 Papa
1109 2640 1337 2683 haberetur
1357 2671 1369 2693 ,
1402 2642 1518 2682 iuxta
1551 2640 1797 2685 eorumdem
1817 2640 2062 2684 sententiam
2091 2641 2247 2684 eisdem
2277 2642 2392 2695 Papa
2412 2653 2499 2682 non
2530 2639 2636 2693 fuit,
2659 2641 2782 2694 quasi

524 2726 611 2755 non
634 2726 686 2755 ex
704 2714 806 2767 Dei,
837 2713 911 2755 sed
934 2726 984 2755 ex
1007 2726 1154 2756 eorum
1171 2718 1337 2760 tantum
1357 2713 1560 2769 penderet
1581 2714 1794 2756 voluntate
1810 2746 1821 2768 ‚
1845 2714 2086 2768 quempiam
2108 2711 2332 2768 quodlibet
2359 2724 2446 2753 esse
2473 2711 2541 2767 vel
2570 2724 2656 2753 non
2677 2724 2780 2755 esse.

525 2786 741 2827 Romanus
769 2785 879 2826 enim
907 2786 1102 2827 Pontifex
1118 2817 1130 2840 ,
1156 2789 1204 2827 ut
1226 2786 1432 2840 sapientes
1454 2790 1639 2839 norunt,
1664 2798 1752 2828 non
1781 2785 1911 2828 modo
1940 2784 2095 2839 deponi
2118 2797 2205 2826 non
2233 2787 2399 2839 potest,
2432 2781 2506 2824 sed
2526 2783 2650 2824 etiam
2668 2783 2782 2825 chrim

526 2857 663 2899 stiano
686 2856 777 2898 iure
797 2869 827 2897 a·
841 2856 1032 2910 quolibet
1053 2869 1140 2898 non
1172 2861 1314 2911 potest
1339 2855 1532 2898 iudicari.
1556 2854 1719 2897 Deinde
1751 2857 1875 2910 quia,
1899 2868 1995 2897 cum
2025 2855 2070 2896 in
2096 2854 2246 2897 eodem
2277 2854 2446 2896 decreto
2464 2858 2635 2896 cautum
2655 2858 2781 2907 esset,

525 2932 575 2969 ut
591 2926 758 2969 romani
781 2927 998 2969 Pontificis
1022 2928 1170 2970 electio
1194 2941 1218 2970 a
1239 2940 1414 2969 romano
1437 2927 1550 2970 clero
1571 2931 1612 2969 et
1635 2927 1798 2982 populo
1817 2932 2034 2981 ageretur,
2060 2931 2102 2968 et
2119 2931 2268 2981 postea
2291 2926 2381 2979 regi
2404 2923 2449 2981 3)
2465 2925 2751 2967 notificaretur
2765 2957 2781 2980 ,

524 3001 606 3055 ipsi
629 3000 866 3055 praefatum
891 3000 1099 3042 violantes
1124 3000 1340 3042 decretum
1361 3000 1547 3055 elegere,
1567 2999 1686 3055 quod
1715 3000 1775 3042 eis
1796 3011 1883 3041 non
1908 2998 2086 3052 licebat,
2118 2999 2236 3054 prius
2258 2998 2464 3040 Cadolum
2486 3008 2750 3052 parmensem
2766 3027 2781 3050 ,

525 3075 673 3126 postea
690 3072 956 3112 GmBEnTUM
987 3083 1280 3113 ravennensem
1298 3102 1309 3124 ,
1342 3065 1565 3113 induentes
1596 3083 1668 3113 eos
1694 3069 1937 3126 apostolicis
1965 3065 2228 3123 insignibus;
2262 3073 2459 3110 vocantes
2492 3067 2783 3123 apostolicos,

527 3145 740 3195 apostatas
768 3145 809 3183 et
836 3141 1083 3183 Anticliristi
1111 3134 1421 3196 praedursores.
1455 3144 1676 3184 Praeterea
1703 3146 1841 3183 autem
1861 3141 2073 3196 praefatus
2093 3140 2345 3199 Gumnmns
2360 3171 2373 3194 ,
2397 3144 2469 3182 aut
2499 3141 2592 3193 sui,
2610 3143 2663 3181 ut
2683 3151 2785 3190 suae

524 3213 638 3266 parti
658 3212 848 3253 favorem
873 3211 1183 3265 adscriberent,
1214 3212 1420 3267 quaedam
1442 3213 1485 3253 in
1508 3212 1659 3254 eodem
1683 3212 1854 3256 decreto
1875 3211 2069 3254 addendo
2087 3241 2099 3264 ,
2121 3210 2328 3265 quaedam
2348 3209 2553 3252 mutando
2567 3240 2579 3260 ,
2600 3210 2658 3252 ita
2674 3207 2781 3251 illud

526 3281 801 3324 reddiderunt
828 3295 853 3324 a
875 3295 917 3324 se
946 3283 1150 3325 dissidens
1166 3314 1178 3336 ,
1202 3288 1251 3325 ut
1271 3287 1344 3325 aut
1365 3296 1503 3338 pauca
1525 3288 1596 3326 aut
1624 3284 1740 3326 nulla
1761 3284 2012 3338 exemplaria
2037 3282 2116 3324 sibi
2135 3282 2437 3324 concordantia
2466 3280 2632 3323 valeant
2661 3282 2785 3323 inve-

526 3352 624 3395 niri.
656 3353 787 3404 Quale
810 3358 950 3395 autem
970 3353 1183 3396 decretum
1207 3358 1292 3409 est,
1322 3355 1440 3409 quod
1465 3367 1490 3396 a
1516 3356 1639 3397 scita
1667 3355 1902 3410 discrepare
1930 3354 2127 3407 videtur,
2153 3358 2201 3395 ut
2232 3353 2335 3408 quid
2358 3353 2403 3394 in
2428 3365 2480 3394 eo
2514 3352 2783 3407 potissimum

527 3423 643 3465 credi
673 3422 851 3477 debeat,
872 3424 1091 3477 ignoretur
1115 3424 1179 3477 4)?
1201 3422 1281 3467 Sed
1302 3429 1349 3466 ut
1368 3425 1538 3468 tandem
1561 3438 1634 3468 eos
1656 3426 1891 3485 invincibili
1913 3425 2056 3481 gladio
2084 3424 2301 3478 feriamus,
2324 3424 2538 3479 praefatus
2558 3423 2779 3478 NicolauS,

644 3547 674 3587 1)
695 3548 742 3579 Ex
764 3546 831 3578 vita
853 3547 885 3578 S.
906 3546 1067 3579 Ambrosii
1088 3557 1144 3588 per
1166 3548 1338 3582 Paulinum
1359 3557 1429 3590 cap.
1456 3554 1485 3581 8.

642 3601 674 3641 2)
697 3601 868 3632 Decretum
890 3600 953 3632 hoc
974 3601 1085 3632 scribit
1108 3602 1263 3634 Baronius
1285 3601 1327 3634 ad
1347 3611 1400 3634 an.
1427 3607 1519 3635 1059.
1539 3611 1572 3635 n.
1598 3607 1649 3635 25.
1671 3604 1745 3635 Mox
1768 3603 1876 3635 autem
1897 3610 1931 3635 n.
1956 3606 2006 3634 31.
2028 3602 2099 3644 ipsa
2125 3601 2225 3634 verba
2250 3599 2429 3633 Deusdedit
2454 3599 2557 3632 nostri
2583 3608 2624 3632 ex
2650 3606 2712 3631 ms.
2735 3606 2786 3631 co-

526 3654 598 3686 dice
620 3653 755 3694 recitat,
778 3654 816 3685 ut
836 3653 910 3685 heic
931 3653 1099 3684 habentur.

645 3707 674 3747 3)
696 3708 794 3739 Deest
813 3705 966 3739 mendose
986 3708 1058 3746 reqi
1079 3706 1165 3746 apud
1189 3707 1379 3748 Baronium,
1400 3709 1433 3740 et
1453 3710 1518 3750 ipsi
1534 3717 1599 3740 non
1619 3710 1704 3741 recte
1722 3709 1853 3750 ponitur
1869 3710 1942 3742 ante
1957 3708 2266 3749 interpunctionem,
2282 3707 2315 3739 et
2332 3706 2463 3748 quidem
2479 3705 2589 3738 dativo
2603 3704 2686 3746 sing.
2705 3711 2783 3737 casu

529 3769 588 3802 pro
607 3761 696 3801 plur.
719 3762 815 3792 recto.

642 3813 673 3853 4)
694 3812 869 3854 Sequentia
891 3811 933 3844 ad
957 3812 1095 3843 litteram
1119 3821 1181 3843 non
1207 3813 1317 3845 recitat
1339 3795 1497 3847 Baronius
1514 3839 1524 3854 ,
1543 3823 1674 3847 sensum
1695 3817 1803 3847 tamen
1824 3814 1960 3847 fideliter
1981 3814 2092 3846 narrat
2110 3814 2167 3846 sic.
2193 3813 2306 3845 «Idem
2322 3811 2498 3845 Deusdedit
2521 3810 2617 3843 card.
2636 3808 2787 3851 pluribus

527 3879 543 3894 υ
566 3867 702 3908 probare
723 3866 859 3907 nititur,
882 3873 948 3899 non
966 3865 1111 3907 potuisse
1134 3866 1271 3898 eundem
1293 3866 1463 3900 Nicolaum
1485 3867 1646 3902 eiusmodi
1666 3869 1792 3903 sancire
1809 3868 1993 3910 decretum,
2008 3876 2065 3909 per
2086 3866 2174 3908 quod
2197 3866 2391 3902 relaberetur
2416 3865 2450 3899 in
2469 3871 2584 3898 manus
2604 3861 2787 3904 principum
