2944 4426
122 570 128 577 ·
144 563 193 592 Ps.
210 561 317 591 XLIII.
338 565 365 590 7.

271 622 302 643 v.
325 618 367 643 10.

146 651 215 680 cod.
235 650 257 680 f.
275 654 320 679 85.
340 657 368 679 a.

132 1630 141 1640 ·
162 1628 235 1657 Luc.
256 1627 308 1656 VI.
331 1630 376 1655 31.

280 1759 310 1779 v.
333 1755 375 1780 12.

155 1787 224 1818 cod.
245 1787 265 1817 i.
284 1791 331 1817 85.
344 1787 375 1816 b.

415 233 477 278 32

412 349 477 381 τεν
506 325 629 397 κύριον
666 349 729 375 και
768 329 1026 388 ἓπικαλεῧ,’
1023 348 1084 379 ινα
1121 351 1181 378 σει
1217 325 1413 395 βεηθησῃ·
1452 353 1508 394 μη

409 398 549 468 θαῤῥει
589 419 724 461 σαυτῳ
758 420 809 452 ως
847 418 968 463 χωρις
1004 395 1131 464 κυρίου
1174 397 1398 464 δυναμενος’
1445 404 1505 450 ὅτι

410 470 485 537 γὰρ
515 491 660 556 χωρις
670 469 791 517 ouini.
825 470 888 516 οὐκ
924 466 1010 518 ἔστι
1046 467 1195 530 βεηθᾶς
1232 469 1336 536 λέγει
1375 469 1507 519 Δαυῖὂ

413 564 456 590 ευ
487 562 574 626 γαρ
598 535 660 590 ἐπι
693 542 748 602 τῷ
777 536 878 599 τόξῳ
908 561 956 600 με
960 562 982 587 υ
1015 541 1181 589 elfrici*
1188 579 1198 587 .

480 607 574 661 ’Em
607 608 677 674 μὲν
711 629 783 658 των
815 612 1044 668 αἰσθητῶν,
1080 607 1246 674 στάθμιε
1244 630 1267 657 ν
1304 631 1409 675 μεγα
1440 633 1509 658 και

411 703 520 748 μικρε
503 679 542 730 ὲν
574 702 704 763 φαμεν
738 677 871 740 εἰναι,
904 701 948 729 εν
986 703 1046 735 εις
1083 702 1231 745 χρυσᾶς
1254 718 1265 740 ,
1304 681 1447 746 ἅργυρ.
1453 703 1471 735 ς
1493 717 1506 740 ,

412 754 589 816 χαλκὸς,
613 748 770 815 μέταξα
795 752 844 817 ’1)
863 788 874 810 ,
901 774 968 800 και
990 753 1067 801 ὄσα
1090 752 1201 798 ἄλλα
1225 748 1507 811 ςαθμιζενται·
1528 770 1548 780 ’τ

411 821 539 890 μέτρα
570 818 611 870 δὲ
643 820 695 870 τὰ
727 822 767 870 ἐν
781 820 931 909 ἀγγεὶε
915 844 969 876 ις
1001 843 1267 890 μετρουμενα,
1295 841 1422 880 σιτες,
1450 823 1510 868 εἰ-

418 915 457 942 νε
464 917 509 953 ς,
542 892 695 952 ἕλαιεν,
726 914 794 941 ναι
826 892 903 942 ἔσπ
882 913 983 957 ρια·
1019 892 1150 947 ἄλλως
1184 913 1225 941 τε
1257 888 1298 939 cle
1331 913 1398 940 τον
1430 912 1511 941 πα-

411 962 461 1031 ρά
494 987 570 1016 τισι
607 961 826 1030 θρασυόειλ
831 984 869 1010 εν
908 959 1090 1027 λεγομενε
1088 985 1114 1010 ν
1137 1001 1149 1022 ,
1195 957 1298 1026 με’γα
1333 982 1398 1009 και
1442 984 1512 1024 μι-

411 1033 500 1102 κρὲν
538 1029 636 1084 εἶναι
684 1031 860 1096 σταθμισ
864 1054 882 1080 ν
926 1030 1082 1095 νεμιζω·
1129 1029 1279 1081 καθελε
1266 1053 1304 1078 υ
1341 1029 1384 1079 δὲ
1422 1034 1512 1083 ωᾶ-
1550 1051 1552 1054 ’

414 1128 486 1156 σαν
512 1101 732 1171 ὑπερβελην
756 1126 823 1151 και
857 1102 1041 1166 ἔλλειψιν·
1068 1107 1181 1153 τεῧτσ
1215 1100 1414 1163 στάθμιεν
1436 1123 1512 1166 με·

413 1199 468 1243 γα
503 1200 570 1225 και
601 1172 731 1240 μικρόν
771 1192 892 1223 εστιν·
934 1169 1122 1259 ἔκατερα
1140 1194 1215 1238 γαρ
1244 1194 1375 1221 κακιαι
1398 1210 1410 1232 ,
1447 1194 1512 1220 και

414 1269 544 1312 μετρα
589 1242 724 1296 δισσά·
771 1244 902 1298 ἄλλως
947 1264 1016 1302 τε,
1060 1265 1126 1291 και
1167 1266 1185 1291 ο
1229 1239 1271 1291 εῧ
1311 1240 1384 1305 μὲν
1425 1240 1514 1291 ωα-

417 1337 529 1380 σχειν
567 1316 627 1384 υφ’
665 1312 804 1380 ἓτερων
842 1312 1109 1376 βουλομενος,
1143 1335 1259 1368 αυτος
1295 1311 1390 1361 de
1372 1310 1511 1376 ομοίως

415 1387 514 1436 ἄλλε
500 1410 562 1442 υς
595 1383 817 1435 &amdam
841 1407 896 1447 μη
922 1405 1220 1449 ωροαιρευμενες
1241 1422 1252 1444 ,
1278 1381 1406 1450 μέτρα
1431 1383 1515 1447 ἔχει

419 1455 551 1508 δισσά·
595 1479 652 1520 μτ)
690 1453 928 1519 ωειθομενες
967 1458 1017 1519 τῇ
1056 1457 1194 1520 ἐντσλῃ
1230 1458 1278 1520 τῇ
1314 1452 1478 1520 λεγευσῃ
1500 1493 1514 1513 ·,

419 1526 552 1579 πάντα
584 1531 662 1577 ὅσα
687 1524 819 1575 Θέλετε
846 1527 916 1574 ἵνα
946 1527 1061 1589 ὑμεῖς
1094 1524 1232 1589 ὁμοίως
1263 1529 1409 1576 ποιεῖτε
1440 1528 1517 1574 αὐ-

421 1602 502 1655 τοῖς
523 1601 567 1646 *-

490 1737 598 1805 Οὐχι
632 1763 676 1789 το
710 1743 837 1794 κακῶς
874 1741 1009 1790 ἀκευεν
1046 1763 1110 1795 ευς
1132 1778 1145 1798 ,
1183 1738 1293 1804 ἑργεν
1333 1736 1440 1788 ἐστι
1451 1761 1492 1787 τε
1497 1761 1519 1786 υ

420 1834 572 1877 κυριου,
606 1808 715 1859 ἄλλα
746 1833 789 1859 το
821 1807 885 1861 ἐπι
919 1813 1054 1865 καλοις
1078 1807 1294 1877 πρεσὲχεν·
1332 1832 1397 1858 και
1430 1831 1518 1872 ευχι

420 1905 544 1938 κακως
581 1904 674 1948 ορων
711 1878 940 1946 ὄφθαλμος,
983 1880 1068 1947 ἔργε
1052 1903 1090 1929 ν
1130 1903 1217 1931 εστι
1255 1903 1297 1931 τε
1301 1882 1324 1928 ῧ
1357 1902 1458 1947 κυριε
1443 1902 1485 1927 υ
1506 1916 1519 1938 ‚

420 1955 513 2000 ἀλλ’
546 1953 566 2000 ὅ
601 1953 692 2019 ὅρων
728 1974 795 2000 και
833 1950 1123 2019 φανταζόμενος
1162 1973 1213 2002 τα
1246 1954 1361 1999 θεῖα
1396 1973 1414 1998 o
1446 1972 1522 2016 γαρ

420 2022 565 2072 ακευων
597 2045 667 2072 τευ
696 2019 846 2109 κυρίου,
878 2045 944 2070 και
976 2020 1134 2084 βλέπων
1162 2022 1234 2076 τὰς
1261 2020 1415 2077 ἐντολὰς
1446 2043 1523 2068 αυ-

423 2118 512 2154 του,
552 2094 660 2161 ἔργον
698 2090 787 2144 ἐστι
825 2115 891 2143 τευ
927 2092 1066 2162 κυρίου·
1104 2116 1172 2142 και
1210 2089 1279 2141 ἐστι
1323 2114 1398 2142 των
1442 2090 1523 2139 αλ-

423 2171 499 2214 λων
531 2185 654 2230 μερων
687 2167 754 2214 τεῧ
786 2185 968 2228 σωματος
999 2163 1185 2220 ὡσαύτως
1223 2160 1367 2213 λεκτεο·
1358 2183 1390 2211 ν·
1426 2184 1524 2228 χρη-

424 2258 474 2301 σᾪ
513 2234 554 2284 δὲ
593 2239 646 2299 τῷ
689 2235 791 2302 ῥητω
829 2256 952 2298 τουτῳ
988 2257 1085 2302 προς
1129 2257 1170 2284 τε
1174 2257 1216 2289 υς
1261 2256 1335 2282 κα·
1323 2254 1448 2299 ηγερε
1435 2236 1524 2281 ῧν-

425 2328 501 2361 τας
536 2306 644 2368 ἦμων
683 2327 724 2354 τε
728 2327 797 2353 υτε
835 2327 878 2354 το
914 2308 1061 2369 σῶμα,
1099 2328 1166 2354 και
1199 2326 1266 2354 τεν
1303 2302 1399 2352 θεον
1438 2306 1526 2351 ἐνυ-

424 2376 651 2444 βριζεντας.
1333 2390 1335 2392 “

496 2447 687 2497 Τευτέστι
728 2469 782 2509 μη
822 2443 991 2495 κάθευδε
1028 2434 1196 2502 ὠελλα,
1242 2447 1330 2499 ἀλλ’
1368 2445 1527 2513 ἄγρυπ-

429 2540 492 2573 νος
526 2519 605 2567 εσε·
649 2538 712 2565 ινα
748 2539 803 2580 μη
835 2518 1005 2582 ἓξαρθῇς
1039 2538 1095 2571 εις
1134 2537 1206 2568 την
1243 2514 1436 2581 γέενναν,
1471 2538 1527 2578 μη

426 2586 663 2639 καταλάλει·
697 2610 762 2635 και
801 2585 865 2635 &a
896 2608 967 2651 μεν
993 2609 1068 2636 των
1092 2589 1256 2653 ἀρετῶν,
1284 2586 1414 2651 ἄνειγε
1438 2609 1526 2642 τους

430 2657 664 2727 ἐφθαλμευς
699 2661 767 2712 τῆς
799 2662 929 2721 ψυχης
963 2679 1046 2708 σευ·
1082 2655 1145 2706 δια
1177 2656 1214 2705 ὂὲ
1252 2661 1323 2712 τῆς
1363 2679 1408 2706 σε
1393 2656 1527 2725 φίας,

428 2751 572 2783 νεητων
607 2725 866 2791 {pullio-&nrt
904 2730 1047 2816 ἄρτων.

501 2797 559 2849 To
599 2801 818 2862 στὰθμιειν
857 2796 998 2849 ἑαυτεν
1037 2797 1096 2855 τίς
1136 2798 1198 2851 ἐπι
1232 2821 1271 2848 τε
1279 2822 1314 2854 ις
1357 2821 1426 2848 τευ
1454 2819 1529 2845 ,νυ-

430 2892 510 2937 prou
546 2891 610 2919 και
658 2892 727 2920 τσυ
769 2867 956 2930 ὃιαβέλευ
1003 2869 1162 2936 ἔργοις,
1205 2867 1415 2934 βδέλυγμα
1456 2891 1531 2917 κυ-

427 2940 508 3008 ρι’ῳ·
543 2940 658 3027 ζυγον
693 2938 735 2988 δὲ
761 2936 882 2989 ὂολιεν
916 2938 1018 3006 λέγει
1052 2939 1116 2990 τόν
1157 2944 1272 2999 νεῧν,
1308 2960 1376 2990 τον
1413 2960 1532 3006 πεφυ-

430 3011 528 3062 κότα
559 3010 627 3075 μὲν
654 3007 813 3064 δικαίως
848 3009 984 3078 κρίνειν
1018 3034 1069 3060 τα
1099 3033 1341 3077 πραγματα,
1377 3029 1534 3075 (παρεκ-

429 3080 536 3131 κλινε
522 3102 612 3131 ντα
645 3078 686 3129 δε
720 3084 767 3145 τῇ
800 3103 841 3130 τε
839 3086 867 3130 ῧ
900 3085 1040 3137 αυτεξε
1025 3083 1128 3131 υσίε
1131 3104 1153 3129 υ
1177 3083 1276 3148 ῥοπῇ
1298 3079 1364 3130 δια
1396 3077 1532 3148 φιλευς

433 3151 457 3202 -}
484 3175 705 3232 χρηματα.

504 3221 613 3274 Mn
604 3243 760 3285 ταχεως
774 3260 786 3280 ,
813 3243 955 3286 φησιν;
986 3222 1048 3272 ἐπι
1074 3246 1143 3275 την
1171 3220 1414 3288 ἐπαγγελίαν
1441 3245 1535 3289 προς

437 3312 504 3342 τον
536 3290 631 3340 θεον
665 3296 791 3350 κινεῖ,
821 3312 883 3339 ινα
907 3314 962 3354 μη
990 3315 1061 3346 ττς
1087 3290 1227 3358 χρεῖας
1255 3315 1299 3341 σε
1324 3314 1372 3341 πε
1370 3268 1534 3349 λλάκις,

434 3385 460 3414 η
497 3367 568 3418 τῆς
607 3366 674 3411 τεῧ
709 3359 888 3447 πλειενος
936 3363 1153 3427 ἐπιθυμίας
1200 3361 1403 3422 ἓλσυσης,
1441 3361 1537 3428 ἄρξῃ

438 3454 642 3496 μετανεειν
667 3468 679 3490 ,
713 3455 778 3480 και
812 3429 979 3499 υβρισης
1010 3435 1108 3483 θεον
1131 3472 1142 3493 ,
1176 3455 1424 3500 προτιμησας
1462 3435 1539 3481 αὐ·-

387 3552 405 3582 .'
440 3525 481 3552 τε
485 3507 507 3551 ’ὖ
545 3505 685 3567 ἕτερον·
733 3502 757 3553 ἦ
796 3501 859 3552 ἐπι
900 3525 940 3552 τε
946 3527 980 3559 ις
1026 3506 1199 3570 ἀγαθσις
1239 3502 1279 3552 de
1315 3523 1460 3567 μεταν
1445 3525 1538 3563 ια,

439 3597 481 3622 ευ
512 3571 677 3628 ὃικαιεις
717 3570 927 3634 συμβαινει
952 3612 964 3634 ,
1004 3572 1112 3624 ἀλλα
1141 3573 1299 3629 ἅδἰκσις·
1340 3573 1461 3622 admo:
1499 3572 1540 3622 de

440 3643 560 3708 μηδὲν
585 3641 874 3711 ἀπερισκέπτως
898 3643 1221 3708 ὑπισχνεῖτωσαν
1246 3649 1301 3709 τῷ
1324 3648 1412 3707 Θεῷτ
1439 3640 1544 3707 μετὰ

439 3713 514 3782 γᾶρ
548 3713 590 3765 τὸ
627 3715 848 3772 εὔξασθαι,
873 3720 1073 3776 μετανοεῖν
1098 3713 1400 3781 >aluerat—To*
1435 3712 1544 3778 ταχὺ

1444 243 1642 275 muamus

1577 346 1680 377 num
1710 335 1885 388 expecta
1908 335 1952 374 et
1972 331 2126 373 invoca
2142 360 2154 384 ,
2185 332 2234 371 ut
2251 327 2331 370 tibi
2351 328 2588 370 auxilietur.
2612 328 2674 370 Ne

1577 405 1657 448 tibi
1682 403 1871 448 confidas
1899 404 2018 458 quasi
2035 396 2194 457 absque
2211 400 2393 442 Domino
2415 392 2579 454 aliquid
2597 411 2674 441 va·-

1576 464 1689 530 leas3
1710 477 1808 532 quia
1833 480 1995 531 praeter
2008 475 2128 516 illum
2152 485 2239 515 non
2265 475 2328 514 est
2345 471 2581 513 auxiliator.
2606 471 2675 512 Ait

1577 548 1730 591 David:
1756 544 1843 595 non
1867 547 1976 589 enim
2006 546 2051 588 in
2076 558 2177 587 arcu
2200 557 2294 586 meo
2323 542 2523 597 sperabo.

1638 621 1687 660 In
1717 618 1843 660 rebus
1862 617 2033 672 quidem
2051 613 2318 658 sensibilibus
2333 617 2527 655 stateram
2554 623 2674 665 mag-

1580 700 1678 731 nam
1709 702 1758 730 ac
1783 701 1957 743 parvam
1989 699 2076 729 esse
2102 678 2315 741 dicimus,
2346 685 2389 725 in
2415 683 2572 738 quibus
2602 694 2676 735 au:

1581 772 1699 812 rum,
1731 762 1951 813 argentum
1969 788 1980 809 ,
2010 769 2079 799 aes
2095 787 2107 809 ,
2139 757 2318 798 sericum
2333 786 2345 807 ,
2376 759 2418 797 'et
2442 754 2522 796 alia
2546 765 2677 808 quae-

1580 831 1645 872 vis
1681 829 1988 885 ponderantur.
2034 827 2127 869 Alia
2163 839 2262 868 vero
2303 827 2412 868 vasis
2444 826 2676 877 metimur,

1580 901 1867 953 frumentum,
1899 899 2071 951 vinum,
2096 898 2263 951 oleum,
2289 897 2517 950 legumina.
2545 896 2678 938 Aliter

1561 984 1712 1029 vero,
1731 971 1857 1014 etiam
1868 969 1999 1011 homo
2024 980 2150 1023 quem
2178 967 2393 1022 appellant
2406 948 2677 1019 θρασυόειλαν,

1583 1042 1786 1084 audacem
1812 1040 1937 1083 simul
1959 1043 2002 1081 et
2028 1038 2252 1091 timidum,
2275 1041 2473 1079 stateram
2488 1047 2682 1091 magnam

1585 1118 1627 1156 et
1642 1125 1815 1168 parvam
1844 1123 1930 1153 esse
1952 1114 2074 1165 puto.
2095 1109 2281 1152 Omnino
2305 1106 2510 1161 quicquid
2525 1110 2587 1148 est
2602 1106 2682 1161 hy-

1564 1184 1852 1240 -perbolicum
1869 1187 1910 1224 et
1927 1181 2240 1232 diminutivum,
2256 1183 2410 1222 statera
2424 1190 2573 1233 magna
2588 1189 2685 1232 par-

1585 1269 1722 1311 vaque
1749 1259 1826 1298 est.
1856 1255 2045 1307 Utraque
2073 1251 2186 1294 mala
2213 1255 2302 1303 est,
2335 1262 2487 1304 nempe
2511 1246 2682 1291 mensu-

1586 1341 1658 1371 rae·
1686 1326 1892 1382 duplices.
1924 1324 2058 1366 Aliter
2087 1322 2268 1377 denique
2286 1312 2461 1375 ,etqui
2477 1319 2685 1363 beneficio

1587 1398 1711 1441 adfici
1739 1397 1791 1440 ab
1809 1396 1900 1438 aliis
1917 1395 2037 1448 vult,
2058 1406 2135 1436 nec
2159 1394 2248 1448 ipse
2279 1391 2460 1434 vicissim
2489 1390 2594 1432 alios
2611 1402 2685 1432 so-

1586 1469 1666 1512 lari
1683 1467 1888 1511 deliberat
1907 1498 1918 1520 ,
1948 1477 2184 1508 mensuram
2201 1463 2330 1506 habet
2346 1452 2582 1517 duplicem:
2609 1474 2687 1503 nec

1588 1542 1816 1595 praecepto
1860 1536 2128 1590 obtemperat
2174 1533 2358 1576 dicenti:

1590 1623 1673 1666 que
1693 1609 1820 1652 vultis
1845 1607 1965 1649 vobis
1989 1605 2083 1648 fieri
2110 1605 2163 1647 ab
2185 1603 2455 1656 hominibus,
2487 1602 2592 1644 haec
2611 1613 2689 1643 vos

1589 1681 1782 1724 similiter
1804 1679 1885 1728 illis
1914 1679 2055 1721 facite.

1622 1778 1624 1781 v
1649 1753 1927 1808 Nequaquam
1948 1753 2012 1792 est
2032 1760 2141 1804 opus
2161 1747 2330 1790 Domini
2355 1746 2468 1789 auris
2485 1735 2690 1787 male‘au-

1592 1824 1710 1867 diens
1730 1857 1740 1878 ‚
1764 1822 1839 1865 sed
1861 1822 1932 1864 illa
1951 1833 2065 1876 quae>
2081 1820 2216 1862 bonas
2245 1831 2311 1860 res
2340 1817 2562 1859 auscultat.
2583 1816 2692 1857 Item

1592 1906 1861 1950 nequaquam
1892 1892 2002 1934 male
2020 1890 2168 1932 videns
2187 1889 2362 1942 oculus,
2387 1897 2498 1942 opus
2519 1886 2694 1946 Domini

1593 1972 1680 2017 est,
1702 1965 1782 2021 sed,
1801 1965 1876 2019 qui
1898 1963 2017 2005 videt
2035 1967 2077 2004 et
2095 1961 2176 2004 sibi
2196 1962 2482 2019 repraesentat
2501 1965 2570 2001 res
2587 1957 2693 1999 divi-

1594 2050 1683 2080 nas.
1706 2038 1814 2079 Nam
1837 2047 1946 2090 quae
1968 2034 2080 2076 auris
2108 2032 2339 2074 Dominum
2365 2029 2509 2082 audit,
2542 2033 2584 2071 et
2618 2028 2696 2083 qui

1597 2108 1746 2151 oculus
1765 2109 1927 2161 spectat
1945 2103 2138 2146 mandata
2160 2103 2265 2156 eius,
2281 2102 2384 2144 haec
2400 2112 2533 2155 opera
2549 2099 2693 2141 Domi-

1597 2181 1639 2222 ni
1656 2183 1770 2222 sunt.
1795 2179 1847 2220 Et
1870 2177 1923 2219 de
1947 2174 2312 2229 ceteris-corporis
2332 2171 2526 2228 partibus
2544 2170 2695 2213 simili-

1595 2256 1661 2294 ter
1682 2254 1746 2292 est
1767 2247 2008 2291 dicendum.
2035 2247 2129 2288 Hoc
2151 2250 2294 2287 autem
2315 2244 2446 2286 uteris
2469 2242 2585 2285 dieto
2613 2239 2694 2283 ad·
2757 2245 2759 2247 ’

1596 2335 1742 2365 versus
1760 2333 1831 2363 eos
1852 2320 1927 2375 qui
1943 2323 2137 2361 nostrum
2154 2314 2238 2369 hoc
2258 2327 2414 2370 corpus
2433 2314 2693 2368 vituperant,

1598 2398 1639 2436 et
1654 2395 1750 2435 Deo*
1766 2391 2075 2434 conviciantur.
2566 2384 2573 2389 '
2674 2418 2681 2424 .

1658 2464 1708 2506 Id
1737 2468 1800 2506 est
1829 2475 1882 2504 ne
1904 2461 1977 2504 diu
2003 2460 2188 2502 dormias
2207 2491 2219 2512 ,
2243 2457 2319 2499 sed
2346 2460 2437 2498 esto
2456 2486 2468 2508 ,
2498 2454 2698 2508 vigilans.

1600 2536 1731 2580 Nein
1761 2533 1975 2576 infernum
2012 2529 2244 2585 proiiciaris
2264 2559 2275 2581 ‚
2310 2527 2400 2569 noli
2421 2524 2695 2569 obtrectari:

1601 2612 1642 2650 et
1670 2619 1746 2662 per
1775 2605 1952 2646 virtutes
1983 2601 2100 2657 aperi
2125 2599 2272 2642 oculos
2290 2598 2452 2640 animae
2481 2600 2595 2638 tuae.
2617 2595 2701 2655 De-

1600 2679 1729 2736 nique
1753 2688 1827 2731 per
1857 2674 2104 2730 sapientiam
2134 2667 2491 2727 intellectualibus
2514 2666 2701 2708 saturare

1602 2748 1799 2806 panibus.

1661 2818 1898 2862 Alternatio
1932 2818 2043 2859 inter
2066 2813 2239 2864 Domini
2264 2816 2307 2854 et
2339 2810 2499 2853 diaboli
2532 2820 2666 2864 opera
2688 2839 2701 2861 ,

1604 2889 1865 2933 abominatio
1898 2887 2098 2934 Domino.
2126 2884 2327 2927 Dolosam
2362 2886 2562 2924 stateram
2597 2878 2705 2921 dicit

1604 2965 1787 3004 mentem
1805 2991 1816 3013 ,
1848 2971 1957 3014 quae
1987 2969 2084 3002 cum,
2113 2957 2263 3000 natura
2293 2956 2536 3007 comparata
2569 2951 2623 2993 sit
2649 2948 2705 2992 ad
2760 2972 2762 2974 v

1605 3037 1718 3075 reete
1741 3031 1793 3073 de
1813 3030 1940 3072 rebus
1957 3026 2257 3078 iudicandum,
2285 3024 2463 3066 declinat
2484 3026 2626 3075 tamen
2649 3019 2703 3062 li·
2758 3074 2762 3079 ,
2785 3039 2789 3043 Α

1605 3103 1696 3145 beri
1716 3101 1880 3144 arbitrii
1912 3098 2101 3155 pondere
2118 3129 2129 3151 ‚
2162 3100 2338 3152 propter
2363 3094 2609 3136 affectiones
2633 3094 2708 3133 aut
2730 3111 2732 3114 >

1608 3174 1846 3230 pecuniam.
2771 3217 2775 3222 ,

1668 3246 1728 3287 Ne
1749 3243 1942 3296 festines,
1966 3242 2133 3296 inquit,
2154 3239 2404 3294 promittere
2421 3236 2634 3287 Domin03
2655 3218 2708 3274 ne

1606 3317 1720 3359 forte
1740 3320 1782 3358 te
1805 3327 1883 3357 usu
1903 3326 2048 3356 rerum
2076 3312 2256 3366 aliquo,
2282 3313 2330 3351 ut
2347 3308 2425 3362 fit,
2452 3307 2520 3349 vel
2551 3305 2709 3346 maiore

1610 3386 1840 3442 cupiditate
1858 3384 2049 3428 trahente
2071 3383 2285 3438 paenitere
2309 3380 2512 3434 incipias,
2533 3378 2708 3429 Deoque

1609 3458 1806 3501 iniuriam
1836 3456 1964 3498 facias
1981 3487 1992 3509 ,
2018 3454 2206 3509 praelato
2228 3452 2328 3494 alio.
2355 3451 2549 3493 Ceterum
2579 3445 2706 3488 bonis

1611 3530 1710 3572 viris
1730 3528 1987 3585 paenitentia
2015 3538 2103 3568 non
2127 3523 2280 3567 accidit
2298 3554 2310 3575 ,
2343 3520 2418 3563 sed
2448 3518 2591 3574 potius
2619 3529 2708 3559 non

1610 3600 1747 3650 iustis.
1780 3598 1931 3642 Iniusti
1959 3587 2105 3652 itaque
2133 3598 2306 3638 caveant
2328 3603 2379 3634 ne
2402 3589 2505 3644 quid
2526 3587 2710 3630 inconsi-

1614 3671 1756 3714 derate
1769 3702 1781 3724 ,
1803 3681 1855 3712 ne
1873 3668 1976 3723 quid
1991 3666 2299 3709 inconsiderate
2319 3661 2592 3717 promittant;
2611 3670 2707 3700 nam

1613 3746 1763 3785 votum
1801 3739 2059 3795 paenitentia
2096 3729 2596 3788 subsequitur.-Subito
2628 3741 2712 3770 vo-

520 3834 547 3873 l)
570 3833 725 3889 §olemus
747 3832 885 3878 με’τυξα
917 3832 1001 3874 apud
1032 3834 1202 3873 origenem
1218 3857 1227 3873 ,
1253 3831 1342 3874 quod
1369 3830 1534 3863 immerito
1563 3829 1713 3862 nonnulli
1742 3826 1938 3861 vocabulum
1958 3823 2170 3866 barbaricum
2197 3819 2436 3853 existimarunt.

2400 1542 2688 1587 quaecumque
2742 1540 2747 1543 ’
2813 1522 2821 1527 '
