2996 4432
277 2860 345 2891 cod.
358 2859 380 2890 ί.
398 2863 460 2889 110.

461 245 526 296 78
659 233 661 235 ¹
1403 253 1534 285 caan.
1571 254 1813 297 neusnnpu·

461 345 546 388 tela
574 348 616 386 et
647 341 926 385 ecclesiastica
957 339 1181 396 disciplina
1211 340 1416 393 statuere,
1453 341 1569 384 hunc
1599 353 1774 397 quoque
1807 353 1957 385 eorum
1986 343 2134 399 pravis>
2160 327 2384 387 conatibus
2419 343 2500 387 hac
2530 345 2746 388 constitu-

462 416 581 460 tione
613 414 784 457 obviam
814 413 917 456 ituri
947 411 1256 466 condiderunt,
1291 412 1368 467 qui
1394 412 1456 454 vita
1486 425 1530 455 se
1564 412 1721 455 habet:
1749 412 1792 454 'si
1822 413 1918 467 quis
1948 415 2173 471 episcopus
2203 415 2484 459 saecularibus
2515 418 2744 472 potestati-

462 487 545 530 bus
574 499 677 529 usus
695 516 707 539 ,
741 485 961 528 ecclesiam
991 497 1069 539 per
1097 484 1210 539 ipsas
1241 482 1457 538 obtineat,
1491 483 1756 539 deponatur3
1791 487 1834 526 et
1872 492 2148 540 segregentur
2179 488 2436 543 omnesqui
2454 485 2527 530 'illi
2556 500 2747 531 commu-

463 558 621 601 nicant.
655 559 775 600 Hanc
804 560 943 598 autem
973 555 1309 608 institutionem,
1335 567 1445 610 quae
1475 567 1624 598 eorum
1654 554 1880 609 scribitur,
1904 558 1939 600 si
1969 559 2065 613 quis
2094 559 2380 602 authenticam
2410 572 2498 601 non
2529 572 2618 602 esse
2646 572 2751 602 con-

463 633 613 676 tendat
629 666 640 687 ,
666 637 832 675 sanctae
855 632 1057 687 septimae
1079 630 1325 673 universalis
1349 631 1515 677 ·CCCL·
1539 634 1710 686 patrum
1725 661 1737 684 ,
1763 642 1843 673 nec
1865 642 1952 671 non
1984 631 2257 673 antiochenae
2279 631 2460 687 synodi,
2487 631 2645 685 quibus
2668 644 2751 673 au-

466 706 657 748 thentica
687 717 775 747 esse
806 704 1009 757 docetur,
1042 715 1214 746 eversor
1243 707 1285 745 et
1316 716 1394 758 per
1423 703 1508 745 hoc
1538 702 1774 745 haereticus
1803 701 2081 744 iudicabitur.
2122 704 2230 745 Nam
2259 708 2301 746 et
2331 703 2531 746 Callixtus
2562 706 2605 744 et
2636 703 2745 745 Gre-

468 779 642 833 gorius,
676 781 718 819 et
749 775 922 831 quidam
952 775 1024 817 alii
1054 775 1220 817 romani
1249 774 1508 828 Pontifices,
1542 778 1591 816 ut
1621 774 1790 815 curioso
1819 773 1973 815 lectori
1995 778 2147 815 notum
2177 778 2269 828 est,
2302 786 2450 816 eorum
2482 773 2749 828 apostolico-

468 862 565 891 rum
594 860 804 890 canonum
836 846 1092 888 auctoritate
1124 859 1218 888 suas
1249 845 1574 888 constitutiones
1595 844 1834 886 firmavere.
1860 844 2096 899 Stephanus
2114 857 2215 887 vero
2240 850 2443 899 quartus,
2466 850 2509 887 et
2537 845 2751 888 Iohannes

471 924 647 962 octavus
664 951 676 972 ,
709 922 759 960 ut
787 917 1029 970 Anastasius
1058 917 1102 959 in
1131 917 1318 971 prologo
1350 916 1553 970 septimae
1583 914 1765 970 synodi,
1791 915 2100 970 quinquaginta
2130 915 2317 970 capitula
2346 916 2595 958 eorumdem
2624 929 2753 958 cano-

471 1002 574 1032 num
597 990 643 1031 in
663 988 952 1052 plenissimum
974 988 1239 1030 auctoritatis
1269 986 1404 1029 robur
1424 986 1559 1041 recipi
1589 998 1804 1029 censuere.
1830 987 1990 1041 Porro,
2024 987 2229 1041 apostolis
2252 986 2505 1030 docentibus
2521 1019 2535 1042 ,
2559 988 2755 1030 ecclesiae

471 1062 631 1117 ubique
660 1066 870 1103 terrarum
901 1059 1252 1102 consuetudinem
1283 1059 1336 1101 ab
1368 1059 1421 1101 iis
1451 1058 1651 1117 traditam
1673 1057 1978 1100 inviolabiliter
2001 1061 2300 1111 servaverunt3
2332 1062 2380 1099 ut
2411 1058 2643 1100 decedente
2675 1071 2753 1100 cu-

472 1134 644 1177 iuslibet
675 1133 873 1176 ecclesiae
911 1132 1115 1188 pontifice
1133 1162 1144 1184 ,
1179 1131 1316 1173 clerus
1347 1135 1390 1172 et
1420 1130 1608 1184 populus
1638 1128 1851 1182 eiusdem,
1885 1129 2101 1170 communi
2132 1127 2462 1182 deliberatione,
2496 1128 2550 1172 de
2578 1143 2655 1171 suo
2687 1130 2757 1172 vel
2797 1136 2804 1143 “

475 1206 646 1249 alterius
676 1204 875 1247 ecclesiae
906 1203 1068 1257 gremio
1099 1202 1161 1244 ibi
1190 1206 1405 1257 pastorem
1435 1200 1734 1255 praeficerent.
2662 1253 2665 1256 Ι

596 1277 638 1317 2.
674 1277 726 1317 Et
755 1275 860 1317 haec
890 1279 976 1316 tam
1006 1277 1149 1316 sancta
1178 1277 1355 1327 tamque
1386 1273 1477 1314 Deo
1518 1276 1640 1326 grata
1678 1272 1940 1315 consuetudo
1979 1271 2141 1314 tamdiu
2179 1273 2344 1326 integra
2368 1272 2628 1328 ,illibataque
2657 1285 2760 1328 per-

476 1350 655 1401 mansit,
691 1358 917 1402 quousque
946 1345 1137 1387 fidelium
1166 1344 1401 1386 multitudo
1431 1344 1510 1386 Dei
1540 1343 1734 1386 ecclesias
1765 1343 2031 1399 amplissimis
2061 1343 2402 1398 possessionibus
2433 1343 2567 1386 ditare
2597 1345 2756 1398 coepit.

476 1421 594 1462 Tunc
633 1419 743 1460 enim
781 1416 1023 1459 ambitionis
1064 1415 1218 1471 spiritu
1256 1415 1562 1458 interveniente
1581 1448 1593 1469 ,
1635 1415 1709 1457 alii
1744 1427 1918 1457 suarum
1936 1446 1948 1468 ,
1993 1414 2066 1457 alii
2110 1416 2232 1457 etiam
2273 1406 2450 1457 aliarum
2490 1415 2761 1457 ecclesiarum

478 1495 712 1547 coeperunt
742 1491 1010 1545 episcopatus
1040 1488 1230 1540 ambire,
1264 1492 1308 1530 et
1338 1487 1509 1530 nefandi
1540 1487 1719 1529 Simonis
1762 1486 2020 1529 commercio
2058 1486 2146 1528 suis
2185 1486 2425 1528 fautoribus
2465 1487 2594 1528 etiam
2631 1498 2761 1541 quam

478 1575 568 1605 non
597 1561 813 1604 habebant
850 1560 1076 1616 pecuniam
1112 1560 1379 1615 promittere.
1421 1558 1549 1612 Quod
1585 1559 1777 1601 videntes
1807 1560 1897 1601 Deo
1929 1558 2161 1612 dignissimi
2197 1558 2364 1600 romani
2401 1557 2652 1612 pontifices,
2688 1558 2763 1612 qui

481 1634 706 1677 sacerdotii
736 1633 967 1688 primatum
996 1632 1041 1673 in
1072 1636 1167 1674 toto
1201 1630 1307 1672 orbe
1336 1629 1564 1683 tenebant,
1597 1630 1758 1672 scilicet
1787 1630 2053 1684 Bonifacius,
2088 1630 2365 1683 Caelestinus,
2398 1631 2484 1671 Leo
2502 1660 2514 1681 ‚
2548 1630 2760 1682 Gelasius,

482 1706 759 1761 Symmachus
779 1735 791 1757 ,
823 1703 1051 1746 Hormisda
1069 1735 1080 1757 ,
1116 1703 1374 1756 Gregorius3
1412 1701 1484 1743 alii
1512 1702 1786 1743 simoniacam
1815 1702 2022 1744 haeresim
2042 1703 2161 1756 prius
2190 1714 2214 1743 a
2243 1704 2370 1744 Petro
2402 1700 2644 1743 damnatam
2662 1732 2674 1754 ,
2713 1714 2765 1743 ex

481 1782 585 1819 tunc
615 1781 658 1818 et
689 1777 733 1818 in
765 1779 984 1834 aeternum
1017 1775 1299 1827 damnavere3
1341 1773 1420 1815 alii·
1454 1773 1639 1827 priscam
1676 1774 2024 1815 constitutionem
2066 1773 2345 1815 decretalibus
2385 1772 2764 1815 constitutionibus

482 1849 543 1890 ita
573 1848 793 1890 firmavere
816 1880 828 1901 ,
862 1852 910 1889 ut
941 1850 1177 1888 statuerent
1206 1846 1371 1888 nullum
1404 1858 1454 1887 ex
1485 1845 1566 1886 alia
1597 1845 1772 1888 ecclesia
1801 1845 1870 1887 alii
1902 1844 2101 1887 ecclesiae
2136 1845 2368 1899 praeponi,
2406 1845 2486 1885 nisi
2521 1844 2657 1896 forte,
2692 1844 2769 1898 qui

485 1933 586 1963 suae
617 1921 744 1974 digne
774 1919 1079 1975 praeficeretur
1109 1918 1333 1971 ecclesiae,
1367 1918 1410 1959 in
1442 1917 1590 1959 eadem
1622 1916 1769 1972 (quod
1798 1917 1870 1958 vix
1899 1929 2026 1971 posse
2057 1917 2305 1969 contingere
2335 1915 2629 1968 crediderunt)
2661 1915 2766 1956 nul-

484 1993 651 2035 latenus
679 1997 824 2048 posset
853 1992 1048 2033 inveniri.
1082 1992 1202 2033 Hanc
1231 1991 1377 2045 itaque
1401 2002 1531 2044 quam
1555 1988 1747 2043 praedixi
1765 1988 2116 2030 consuetudinem
2140 1987 2193 2029 ab
2215 1987 2421 2042 apostolis
2435 1986 2647 2029 traditam
2674 1987 2775 2028 nul-

483 2063 650 2105 latenus
680 2063 842 2105 violare
872 2074 1192 2117 praesumpsere
1223 2061 1555 2103 christianissimi
1584 2061 1863 2115 imperatores
1887 2059 2212 2111 Constantinus,
2237 2058 2445 2100 Constans
2461 2088 2473 2110 ,
2498 2058 2769 2100 Valentinia-

488 2147 593 2187 nus,
635 2133 926 2187 Theodosffls,
970 2133 1205 2186 Arcadius,
1239 2130 1730 2187 Honorius,‘Carolus‚
1771 2131 2047 2183 Ludovicus,
2082 2136 2124 2172 et
2162 2130 2230 2172 his
2268 2130 2448 2184 imperio
2487 2134 2530 2171 et
2566 2130 2774 2184 religione

490 2206 757 2258 consimileS,
792 2205 867 2259 qui
898 2205 967 2247 vel
996 2217 1020 2246 a
1050 2218 1093 2247 se
1125 2205 1192 2247 vel
1222 2204 1275 2246 ab
1307 2204 1389 2246 alio
1423 2204 1664 2246 aedificatas
1695 2203 1891 2246 ecclesias
1932 2202 2204 2257 amplissimis
2245 2201 2370 2243 donis
2410 2200 2623 2255 ditavere,
2658 2206 2699 2243 et
2729 2202 2774 2244 in

490 2277 618 2319 rebus
648 2278 919 2319 ecclesiarum
951 2277 1117 2319 nullum
1147 2277 1228 2318 sibi
1257 2276 1462 2318 iudicium
1492 2276 1561 2318 vel
1597 2275 1836 2318 dominium
1871 2273 2088 2316 vindicare
2126 2273 2387 2314 voluerunt:
2422 2273 2551 2313 immo
2592 2285 2646 2313 ne
2678 2274 2778 2327 quis

491 2348 573 2390 sibi
601 2348 862 2400 vindicaret,
896 2348 1071 2403 quidam
1103 2360 1280 2401 eorum,
1314 2352 1362 2389 ut
1392 2347 1437 2388 in
1478 2346 1756 2401 sequentibus
1795 2345 2070 2398 docebimus,
2107 2344 2273 2398 legibus
2312 2348 2501 2385 vetuere.
2536 2344 2592 2385 At
2623 2348 2776 2386 contra

493 2421 637 2461 Zenon
667 2425 710 2462 et
740 2421 1007 2473 Anastasius,
1040 2421 1318 2474 imperatores
1348 2418 1705 2474 eutychianistae,
1737 2418 1942 2472 leguntur
1972 2416 2090 2471 prius
2120 2420 2308 2457 sanctam
2337 2415 2415 2456 Dei
2446 2415 2666 2458 ecclesiam
2697 2414 2778 2458 sibi

495 2491 751 2542 subdidisse,
790 2492 849 2533 ita
877 2496 926 2533 ut
957 2492 1190 2533 catholicos
1223 2484 1447 2547 episcopos
1477 2491 1522 2532 in
1555 2490 1727 2531 exilium
1757 2490 2024 2542 relegarent,
2058 2492 2100 2529 et
2129 2487 2363 2541 apostolica
2393 2486 2619 2528 traditione
2657 2493 2778 2542 post—

496 2562 662 2617 posita,
688 2562 776 2604 >sibi
806 2567 1114 2605 consentaneos
1143 2563 1187 2604 in
1218 2575 1366 2604 eorum
1395 2562 1517 2604 sedes
1547 2560 1768 2604 undelibet
1804 2561 2099 2614 subrogarent.
2133 2559 2239 2600 Nam
2270 2562 2365 2600 ante
2396 2558 2551 2600 horum
2579 2563 2781 2613 tempora

498 2632 698 2688 leguntur
728 2634 900 2689 quidam
931 2634 1130 2676 haeretici
1161 2634 1440 2688 imperatores
1476 2633 1710 2676 catholicos
1746 2633 1970 2687 episcopos
2010 2630 2152 2672 multis
2182 2629 2323 2671 modis
2352 2641 2548 2682 vexasse3
2583 2629 2782 2671 electioni

498 2717 603 2747 vero
634 2710 707 2747 aut
735 2706 1000 2761 promotioni
1032 2705 1260 2748 cuiuslibet
1291 2705 1504 2760 pontificis
1534 2717 1745 2759 nusquam
1766 2704 1968 2757 leguntur
1997 2715 2041 2744 se
2071 2701 2310 2753 miscuisse,
2343 2700 2554 2755 siquidem
2585 2700 2664 2742 sub
2696 2702 2780 2743 eis—

502 2776 600 2818 dem
639 2778 959 2833 eutychianistis
990 2782 1033 2819 et
1069 2777 1439 2832 Constantinopoli
1470 2781 1512 2818 et
1540 2779 1585 2818 in
1615 2775 1790 2831 reliquis
1829 2774 2010 2817 urbibus
2043 2774 2201 2827 legitur
2235 2772 2555 2814 innumerabilis
2589 2772 2782 2815 fidelium

503 2849 732 2891 multitudo
748 2880 759 2901 ,
793 2850 891 2891 cleri
924 2850 1083 2891 scilicet
1103 2853 1145 2890 et
1167 2850 1342 2903 populi,
1366 2849 1549 2890 extitisse
1566 2879 1578 2900 ,
1603 2848 1676 2902 qui
1698 2846 1861 2902 pseudo
1893 2847 2119 2901 episcopos
2150 2844 2397 2887 eorumdem
2427 2844 2666 2886 nullatenus
2695 2856 2780 2886 vo-

504 2919 621 2961 luere
643 2922 882 2981 suscipere:
908 2925 956 2962 ut
987 2933 1035 2962 ex
1055 2921 1139 2962 hoc
1162 2925 1305 2975 aperte
1327 2920 1482 2962 clareat
1498 2951 1510 2973 ,
1535 2919 1716 2961 eundem
1739 2918 1900 2960 clerum
1924 2922 1966 2959 et
1988 2917 2198 2971 populum
2229 2915 2390 2958 idcirco
2419 2915 2589 2957 eosdem
2619 2914 2783 2970 pseudo
2818 2927 2821 2931 ·

505 2992 730 3046 episcopos
761 2992 992 3046 respuisse,
1027 2992 1128 3047 quia
1155 2992 1376 3041 constabat
1406 3004 1479 3033 eos
1510 2991 1671 3045 absque
1701 2990 1766 3032 sui
1797 2989 2025 3042 electione,
2057 2989 2102 3029 in
2132 2988 2209 3029 Dei
2241 2991 2559 3041 contemptum,
2593 2991 2636 3028 et
2665 2998 2786 3028 erro-

504 3064 562 3105 ris
592 3068 865 3118 augmentum
882 3094 893 3116 ,
928 3077 953 3106 a
981 3064 1174 3118 profanis
1203 3064 1466 3119 principibus
1495 3067 1720 3118 promotos
1749 3062 1892 3103 fuisse.

629 3137 671 3176 3.
705 3136 757 3176 Et
787 3139 835 3176 ut
866 3135 1058 3189 exemplo
1091 3134 1210 3189 quod
1242 3135 1420 3176 dicimus
1449 3138 1715 3186 astruamus,
1749 3132 1990 3174 Anastasius
2029 3135 2197 3173 sanctae
2235 3142 2438 3172 romanae
2476 3130 2676 3172 ecclesiae
2714 3130 2786 3172 bi-

508 3207 811 3249 bliothecarius
841 3208 886 3248 in
917 3207 1141 3261 chronica,
1168 3220 1298 3262 quam
1322 3207 1374 3249 de
1405 3219 1558 3261 graeco
1582 3207 1627 3247 in
1656 3206 1833 3248 latinum
1863 3215 2104 3246 sermonem
2133 3202 2382 3254 transtulit,
2416 3213 2546 3256 quam
2583 3214 2634 3243 ex
2663 3206 2789 3244 vetu-

511 3278 701 3320 stissimis
732 3277 943 3319 chronicis
974 3278 1232 3320 Graecorum
1263 3278 1548 3332 compilavere
1581 3277 1755 3331 quidam
1785 3274 1925 3330 graeci
1956 3274 2035 3315 Dci
2067 3273 2254 3315 cultores
2274 3305 2285 3326 ,
2320 3273 2600 3326 Theophanes
2630 3272 2790 3322 scilicet

513 3354 556 3391 et
586 3349 820 3402 Georgius,
855 3362 964 3402 quos
993 3349 1106 3390 idem
1138 3350 1326 3392 eiusdem
1355 3349 1457 3391 libri
1488 3349 1750 3404 praefatione
1782 3347 1898 3388 miris
1926 3345 2128 3388 laudibus
2160 3345 2410 3397 attollit‚·in
2437 3344 2581 3386 eadem
2613 3345 2789 3399 inquam

516 3421 716 3463 chronica
746 3420 798 3462 de
829 3420 1010 3474 imperio
1042 3422 1249 3462 Anastasii
1279 3422 1339 3463 sic
1370 3421 1427 3463 ait
1456 3421 1568 3463 inter
1599 3425 1737 3462 cetera
1766 3420 1964 3473 loquens.
2005 3437 2021 3454 «
2043 3418 2284 3473 Vigesimo,
2307 3416 2449 3470 inquit
2478 3416 2644 3471 imperii
2673 3417 2790 3458 Ana-

517 3493 636 3535 stasii
666 3504 776 3534 anno
795 3523 806 3544 ,
839 3492 1030 3533 Iohanne
1060 3482 1251 3534 nicaeote
1274 3492 1546 3534 alexandrino
1571 3492 1757 3534 antistite
1788 3491 2001 3533 haeretico
2034 3493 2206 3531 mortuo
2225 3520 2236 3541 ,
2259 3489 2491 3530 Dioscorus
2511 3488 2655 3528 iunior
2673 3498 2794 3541 prae-

517 3565 628 3606 latus
659 3567 722 3605 est
737 3551 977 3617 'episcopus
1002 3563 1293 3606 Alexandriae.
1320 3565 1426 3606 Cum
1455 3568 1597 3606 autem
1615 3563 1797 3605 venisset
1818 3559 2232 3614 Constantinopolim
2254 3571 2336 3613 pro
2361 3557 2654 3600 Alexandrinis
2675 3556 2793 3612 apud

518 3637 818 3690 imperatorem
848 3634 1152 3676 intercessurus
1182 3639 1359 3690 propter
1395 3635 1650 3677 occisionem
1687 3633 1764 3675 filii
1796 3633 1994 3687 Calliopii
2031 3631 2286 3685 augustaliS,
2328 3629 2382 3672 ab
2420 3628 2672 3671 orthodoxis
2710 3639 2793 3682 pu-

519 3707 632 3748 blice
664 3706 864 3748 conviciis
896 3705 1202 3759 appetebatur,
1237 3718 1333 3748 cum
1363 3706 1642 3760 procederet,
1675 3703 2011 3746 existimantibus
2042 3714 2137 3744 eum
2170 3706 2320 3743 contra
2349 3705 2465 3742 recta
2487 3696 2691 3753 dogmata
2712 3696 2792 3739 ‘ad—

522 3777 703 3819 venisse.
738 3778 850 3832 Ergo
883 3787 980 3817 cum
1011 3774 1289 3817 homicidium
1318 3776 1639 3828 intercessisset,
1676 3787 1774 3817 cum
1803 3774 2075 3817 festinatione
2111 3772 2315 3814 discessit.
2352 3772 2486 3813 Causa
2515 3782 2616 3812 vero
2643 3767 2794 3812 caedis

526 3848 604 3908 ista
635 3846 732 3890 fuit.
766 3848 872 3890 Cum
901 3845 1014 3888 idem
1036 3845 1266 3897 Dioscorus
1289 3858 1439 3888 manus
1468 3846 1787 3900 impositionem
1815 3845 2078 3900 accepisset,
2103 3855 2312 3886 recessere
2344 3840 2635 3884 multitudines
2662 3837 2793 3880 rusti-
