2996 4432
189 377 204 393 '¹‘
217 375 239 405 1.
255 374 414 406 Cor-XIV.
424 377 470 404 34.

241 966 250 976 ²
263 964 286 993 Ι,
299 962 377 994 Tim.
392 963 431 995 V.
444 968 472 993 6.

247 2214 315 2244 cod.
334 2214 356 2245 ἰ.
375 2218 419 2245 60.
444 2214 476 2247 h.

523 260 586 307 62
1042 307 1047 315 ¹
1466 269 1527 300 nx
1562 268 1692 300 mmm
1723 268 1823 300 vm.

521 354 793 429 apostolus
829 352 961 406 dicit
996 351 1191 404 Paulus
1227 351 1323 423 qui
1357 352 1669 405 mulieribus
1705 350 1897 404 sanctis
1931 352 2201 424 praecepit
2235 352 2504 410 silentium
2531 352 2712 407 dicens
2734 356 2787 408 ⁴¹:

524 438 772 492 mulieres
813 436 873 489 in
909 435 1132 487 ecclesia
1169 446 1401 488 taceant.
1433 438 1610 508 Turpe
1633 446 1710 488 est
1730 435 1878 487 enim
1910 435 2128 488 mulieri
2153 436 2346 489 docere.
2380 436 2544 503 Quod
2569 440 2613 491 si
2635 450 2794 511 turpe

521 533 600 575 est
635 521 861 582 docere,
896 519 1066 571 multo
1091 519 1304 590 turpius
1341 530 1420 572 est
1458 518 1691 590 populos
1728 536 1928 589 regere.
1966 517 2134 590 Virgo
2171 532 2281 585 est,
2322 521 2513 574 autin
2543 522 2791 593 virginali

519 603 842 678 proposito?
871 602 1097 655 Sumens
1132 613 1479 673 tympanum,
1522 612 1778 672 sequatur
1811 600 2051 653 Mariam:
2098 613 2191 654 aut
2226 603 2270 655 si
2305 623 2418 656 non
2454 604 2628 675 placet
2653 645 2667 668 ‚
2697 625 2791 657 cu-

519 688 780 742 stodiatur
810 705 842 739 a
869 685 1181 759 parentibus
1210 705 1381 757 usque
1415 684 1483 737 ad
1519 684 1751 754 coniugii
1787 682 2020 736 foedera.
2061 683 2163 738 Sed
2199 686 2242 738 si
2276 686 2437 740 vidua
2467 699 2575 752 est,
2616 690 2660 741 si
2706 691 2787 741 vi-

520 771 656 824 derit
693 771 863 840 legem
900 769 1075 821 carnis
1111 787 1235 821 suae
1270 779 1658 840 repugnantem
1689 767 1791 839 legi
1819 768 2019 819 ‘mentis
2055 788 2207 836 suae3
2247 771 2442 837 nubat,
2477 784 2686 825 tantum
2731 774 2788 825 in

520 853 786 922 Domino;
828 851 1016 904 melius
1052 864 1131 905 est
1177 852 1316 905 enim
1353 852 1591 914 nubere,
1618 869 1793 922 >quam
1829 862 1951 922 post
1994 851 2239 904 Satanam
2285 866 2573 907 retrorsum
2616 857 2778 909 abire.
2848 884 2850 886 v

523 935 689 1004 Quod
718 936 762 987 si
791 934 1099 987 viduitatem
1123 952 1317 987 vovere
1343 932 1659 997 decreverit,
1689 931 1868 986 audiat
1893 953 2006 986 non
2029 953 2112 987 me
2138 934 2230 987 sed
2251 938 2602 1007 apostolum*:
2626 941 2786 992 vidua

525 1023 586 1074 in
624 1020 832 1072 deliciis
867 1020 1062 1082 vivens,
1110 1029 1322 1070 mortua
1357 1028 1450 1069 est.
1491 1017 1615 1070 Non
1651 1029 1807 1070 ornet
1829 1018 2035 1083 crines,
2063 1037 2176 1071 non
2203 1019 2387 1090 pingat
2421 1020 2635 1086 faciem,
2665 1042 2786 1085 ,non

523 1104 663 1157 culta
702 1092 936 1155 ve'stibus
981 1100 1192 1154 incedat
1212 1141 1225 1166 ‚
1272 1119 1383 1153 non
1422 1118 1554 1152 auro
1596 1111 1652 1152 et
1693 1101 1908 1170 gemmis
1948 1113 2003 1153 et
2025 1095 2205 1158 'serico
2246 1114 2454 1169 utatur,
2502 1123 2599 1157 nec
2637 1125 2788 1176 pere-

523 1188 663 1260 grini
687 1188 850 1239 muris
876 1186 1121 1258 pellicula
1157 1185 1323 1237 oleat:
1353 1203 1466 1236 non
1491 1184 1970 1258 calamistratoslvel
2004 1184 2315 1238 barbatulos
2346 1205 2541 1258 pueros
2571 1187 2779 1259 diligat:

522 1291 637 1325 non
671 1272 885 1323 lascivas
915 1268 1259 1340 pedissequas
1298 1287 1476 1321 secum
1513 1267 1732 1320 habeat:
1772 1265 2070 1338 impudicos
2101 1267 2394 1321 sacerdotes
2419 1280 2472 1321 et
2502 1271 2789 1341 semispun—

522 1374 607 1407 sos
632 1374 663 1407 a
696 1373 750 1406 se
791 1353 979 1425 procul
1013 1353 1239 1416 abiciat,
1280 1352 1517 1404 honestis
1551 1369 1679 1402 vero
1716 1349 2080 1404 sacerdotibus
2123 1352 2269 1422 velut
2309 1353 2506 1423 angelis
2541 1355 2641 1406 Dei
2693 1373 2788 1425 pa-

520 1448 659 1489 reat:
689 1435 956 1507 ecclesiam
981 1436 1080 1487 Dei
1105 1434 1397 1487 secundum
1433 1435 1621 1487 Annae
1657 1435 1955 1506 exemplum
1992 1435 2298 1507 frequenter
2328 1436 2530 1500 visitet,
2573 1437 2786 1490 carnem

522 1539 672 1573 suam
711 1518 948 1583 edomet,
999 1530 1052 1571 et
1087 1537 1183 1590 per
1219 1518 1396 1571 omnia
1432 1518 1720 1570 subiectam
1765 1517 1920 1570 faciat
1957 1536 2068 1570 esse
2110 1518 2335 1589 spiritui.
2389 1519 2628 1572 Maritata
2670 1533 2746 1573 est
2764 1522 2788 1573 Ρ

525 1604 709 1675 diligat
739 1604 912 1657 virum
930 1644 942 1668 ,
977 1602 1077 1654 sub
1109 1603 1223 1654 eius
1245 1613 1520 1654 tremescat
1544 1602 1794 1673 imperiO,
1824 1601 1960 1653 filios
1985 1602 2212 1664 nutriat,
2242 1620 2367 1654 suae
2393 1602 2582 1656 domus
2607 1623 2788 1656 curam

523 1698 670 1757 gerat
692 1726 706 1749 ‚
746 1686 886 1738 bella
913 1686 1186 1738 horrescat
1203 1724 1217 1748 ‚
1258 1696 1486 1737 armatos
1515 1683 1788 1748 formidet,
1824 1702 2009 1755 pacem
2033 1684 2238 1755 diligat,
2269 1678 2432 1757 pensa
2459 1699 2511 1739 et
2538 1688 2711 1740 colum
2737 1700 2790 1741 et

525 1770 777 1832 stamina,
816 1769 982 1820 linum
1016 1768 1298 1840 lanamque
1340 1779 1393 1820 et
1428 1769 1653 1820 sericum
1693 1779 1856 1838 gestet
1891 1768 1949 1819 in
1993 1757 2270 1833 inanibUS‚
2322 1768 2389 1822 de
2432 1770 2788 1842 expeditioni-

522 1852 626 1904 bus
649 1871 774 1905 vero
811 1851 1120 1904 ordinandis
1156 1870 1268 1903 non
1303 1858 1623 1923 magnopere
1658 1862 1824 1904 curet.

686 2004 765 2049 EX
796 2003 970 2049 LlBRO
1002 2002 1128 2056 VIII,
1165 2002 1454 2058 QUOMODO
1488 2002 1710 2049 SUBDITI
1741 2001 1923 2049 VITAM
1955 2002 2227 2049 DEBEANT
2259 2004 2611 2052 INSTITUERE.

640 2186 756 2248 134.
780 2124 975 2263 Quia
999 2184 1054 2235 in
1082 2184 1344 2255 superiori
1367 2184 1506 2237 libro
1532 2182 1600 2237 de
1622 2183 1868 2256 praelatis
1893 2183 1950 2234 in
1974 2182 2142 2235 laicali
2168 2183 2355 2236 ordine
2378 2185 2561 2254 positis
2577 2227 2589 2250 ,
2627 2198 2790 2256 prout

525 2270 799 2341 potuimus
833 2269 1067 2331 breviter
1105 2268 1498 2333 enarravimus,
1539 2278 1780 2339 superest
1816 2286 1962 2319 nunc
2003 2267 2061 2319 in
2095 2267 2334 2319 ulteriori
2375 2268 2515 2321 libro
2562 2270 2791 2341 qualiter

521 2352 721 2405 subditi
757 2351 985 2403 debeant
1019 2351 1176 2403 vitam
1203 2352 1508 2414 instituere,
1549 2351 1782 2403 breviter
1816 2349 2083 2420 indagare.
2124 2350 2191 2401 Et
2226 2350 2465 2420 primum
2497 2351 2667 2421 plebis
2707 2353 2782 2404 fa-

523 2437 721 2489 ciamus
758 2434 1100 2487 divisionem:
1138 2453 1258 2486 nam
1294 2453 1361 2485 ex
1396 2434 1554 2505 plebe
1590 2434 1677 2485 alii
1711 2444 1837 2485 sunt
1874 2432 2127 2494 artificeS,
2163 2432 2250 2484 alii
2286 2421 2667 2503 negotiatoreS,
2697 2436 2786 2487 alii

528 2518 805 2590 agricolae.
837 2518 903 2568 Et
921 2517 1043 2568 licet
1062 2516 1351 2587 negotiatio
1371 2517 1595 2568 multum
1628 2516 1772 2568 utilis
1797 2516 1863 2568 sit
1886 2514 2195 2586 mundanis,
2223 2525 2399 2586 patres
2423 2527 2597 2568 tamen
2623 2520 2791 2580 nostri

525 2601 920 2675 paenitentibus
937 2641 951 2664 ,
992 2619 1060 2652 ne
1096 2599 1165 2652 ad
1189 2600 1602 2670 negotiationem
1627 2599 1862 2652 redirent
1885 2597 2202 2650 omnimodis
2226 2598 2648 2669 prohibuerunt:
2677 2620 2790 2654 non

523 2685 663 2738 enim
687 2695 862 2754 potest
898 2683 1186 2753 negotiatio
1223 2683 1364 2746 fieri,
1405 2683 1508 2734 nisi
1546 2683 1676 2735 alter
1711 2701 1896 2735 eorum
1921 2681 2147 2734 fallatur.
2186 2681 2290 2733 Illis
2313 2699 2440 2734 vero
2465 2684 2790 2753 quigravio-

523 2769 672 2820 ribus
701 2767 1011 2819 criminibus
1046 2785 1158 2818 non
1195 2778 1319 2818 sunt
1354 2765 1577 2843 inretiti,
1608 2765 1704 2817 etsi
1730 2783 1844 2817 non
1868 2782 2203 2817 concesssum
2221 2805 2234 2828 ,
2261 2763 2592 2835 prohibitum
2614 2774 2789 2820 tamen

522 2870 635 2903 non
672 2861 749 2903 est
784 2850 1195 2920 negotiationem
1231 2867 1501 2912 exercere,
1542 2841 1901 2920 eleemosynas
1930 2848 2125 2901 exinde
2149 2848 2345 2913 facere,
2375 2859 2428 2901 et
2453 2848 2789 2903 xenodochia
2856 2849 2858 2852 ’

524 2934 826 2997 aedificare,
868 2945 920 2986 et
955 2934 1195 2986 ecclesias
1233 2928 1514 2997 fabricare,
1545 2945 1597 2985 et
1621 2944 1760 2999 sarta
1784 2943 1923 2984 tecta
1958 2930 2171 2983 reficere
2197 2931 2290 3001 (1).
2325 2932 2558 2983 Caveant
2585 2945 2711 3002 ergo
2732 2933 2790 2984 hi

522 3029 583 3069 ut
617 3036 729 3069 non
766 3017 870 3071 sint
905 3017 979 3069 eis
1015 3015 1314 3087 ponderum
1363 3015 1563 3086 genera
1600 3015 1958 3077 diversorum,
2009 3024 2070 3065 ut
2110 3032 2222 3065 non
2264 3013 2377 3065 aliis
2420 3025 2626 3078 emant,
2677 3014 2790 3068 aliis
2862 3034 2873 3039 ²

523 3119 694 3153 emere
731 3097 1124 3171 quaerentibus
1146 3098 1406 3164 'vendant3
1446 3117 1648 3170 aequus
1683 3097 1920 3163 modiUS,
1961 3115 2163 3168 aequus
2198 3097 2264 3148 'sit
2299 3108 2351 3148 et
2379 3096 2481 3148 illis
2504 3099 2782 3150 sextarius,

522 3184 647 3237 Non
684 3185 829 3236 alnas
865 3185 922 3236 in
959 3182 1184 3236 emendo
1222 3183 1503 3254 amplient,
1538 3201 1651 3234 non
1686 3182 1745 3233 in
1779 3179 2065 3233 vendendo
2102 3180 2369 3244 minuant,
2416 3199 2529 3232 non
2573 3180 2790 3234 bamba—

523 3269 600 3320 sio
625 3268 838 3319 baculas
874 3267 1122 3318 misceant
1158 3278 1220 3318 ut
1255 3266 1506 3337 gravioris
1542 3264 1796 3337 ponderis
1821 3265 1919 3316 sit:
1949 3283 2061 3316 non
2085 3264 2242 3335 piper
2267 3282 2407 3334 aqua
2430 3258 2786 3334 perfundant,

523 3369 639 3402 non
663 3350 931 3419 pigmenta
974 3351 1031 3400 in
1073 3350 1203 3401 locis
1253 3349 1510 3401 humectis
1551 3359 1758 3420 ponant
1805 3359 1867 3399 ut
1912 3347 2163 3418 gravioris
2204 3345 2458 3417 ponderis
2497 3346 2628 3409 sint,
2677 3346 2790 3399 non

523 3432 696 3503 pisces
732 3432 896 3483 siccos
932 3450 1074 3501 aqua
1109 3431 1435 3502 perfundant
1469 3442 1531 3483 ut
1566 3430 1841 3483 nitidiores
1876 3440 2194 3502 appareant,
2228 3447 2340 3481 non
2377 3441 2614 3481 recentes
2649 3447 2790 3500 aqua

523 3513 713 3585 frigida
749 3533 861 3565 non
886 3514 1092 3576 lavent,
1134 3515 1366 3567 iurantes
1401 3525 1454 3567 et
1489 3515 1798 3567 mentientes
1833 3524 2070 3566 recentes
2106 3522 2267 3577 esset,
2307 3531 2427 3564 cum
2462 3511 2644 3564 foetidi
2677 3513 2791 3564 sint

525 3609 576 3650 et
611 3596 867 3668 squalidi,
909 3607 961 3648 et
997 3597 1207 3649 alterius
1242 3616 1355 3650 esse
1390 3598 1586 3650 bestiae
1623 3615 1806 3650 carnes
1831 3615 1992 3667 quam
2015 3614 2128 3648 non
2152 3595 2272 3648 sint.
2310 3596 2583 3647 Granariis
2608 3613 2789 3648 caven-

609 3694 642 3736 1)
668 3693 723 3728 Ita
750 3702 789 3728 se
817 3690 931 3736 gessit
957 3691 1146 3737 Eugenius
1162 3692 1233 3729 PP.
1255 3693 1318 3730 IV.
1338 3703 1425 3729 cum
1450 3692 1518 3730 illo
1543 3691 1679 3730 celebri
1703 3692 1836 3730 Cosma
1852 3689 2040 3737 Mediam,
2063 3690 2199 3741 Leonis
2219 3691 2293 3727 PP.
2319 3690 2369 3727 X.
2389 3695 2493 3742 atavo
2508 3718 2518 3737 ,
2547 3689 2724 3737 primario
2746 3688 2788 3725 in

526 3753 674 3799 Europa
694 3762 738 3788 ac
755 3750 937 3787 ditissimo
953 3749 1180 3795 negotiatore
1193 3779 1204 3796 ,
1231 3762 1343 3798 quem
1369 3752 1417 3789 ob
1439 3751 1556 3788 animi
1577 3750 1755 3798 quasdam
1778 3750 1991 3788 commercii
2011 3759 2122 3787 causa
2142 3749 2364 3794 anxietates,
2392 3748 2520 3787 decem
2538 3747 2705 3786 millibus
2719 3746 2790 3784 sso-

525 3810 626 3848 renis
641 3837 651 3855 ,
670 3809 731 3858 pio
747 3809 918 3846 aedificio
939 3806 1198 3855 impendendis
1213 3836 1223 3854 ‚
1245 3810 1417 3848 multavit
1434 3823 1442 3846 ε
1461 3810 1522 3847 cui
1547 3810 1752 3848 sententiae
1768 3814 1847 3847 tam
1859 3809 2019 3847 libenter
2033 3819 2077 3846 ac
2091 3801 2291 3846 liberaliter
2311 3807 2512 3847 obsecutus
2534 3811 2589 3845 est
2608 3807 2761 3845 Cosmas
2774 3831 2785 3850 ,

527 3874 570 3906 ut
595 3868 845 3917 quadraginta
876 3867 979 3905 mille
1005 3867 1219 3914 erogaverit.
1252 3869 1501 3916 Vespasianus
1527 3868 1568 3906 in
1592 3869 1667 3908 vita
1694 3868 1851 3908 Cosmae
1876 3867 2005 3917 Spicil.
2031 3877 2126 3906 rom.
2153 3868 2197 3905 T.
2226 3867 2257 3903 1.
2283 3870 2365 3905 332.

2982 4082 2996 4134 ἅ.
