2944 4426
243 673 274 694 v.
293 669 336 694 25.

135 702 169 729 Α.
189 701 208 730 t.
226 705 285 730 114.
307 708 336 730 a.

255 1378 336 1438 inii:

204 1746 282 1776 ibid.
306 1745 336 1774 l).

146 1890 180 1918 A.
200 1889 222 1918 l'.
246 1893 287 1918 15.
307 1895 335 1917 a.

241 2021 269 2041 v.
291 2016 335 2041 31.

258 2047 336 2077 lbid.

210 2244 288 2275 Ibid.
310 2244 341 2276 b.

259 3081 287 3102 v
300 3078 344 3103 3⁶)

145 3111 180 3138 A
200 3109 218 3138 s.
239 3114 299 3138 116.
313 3109 345 3139 b.

72 3428 162 3464 Vulg
190 3428 298 3457 XXXI.
322 3431 349 3457 3.

135 3450 351 3498 A‚'...1117b

387 216 449 260 70

380 316 563 363 Ἰουδαῖοι
609 311 680 376 μὲν
722 312 772 367 ὦς
816 310 1029 363 δέσποιναν
1075 311 1310 379 ωροετῖμων·
1351 311 1404 365 τοὶ
1440 313 1480 363 δὲ

383 384 480 433 ’ἔθνη
514 381 910 446 μεταλαμβάνοντα,
951 381 995 435 τὸ
1032 383 1161 452 ρἠτὲν
1184 387 1238 441 εἷς
1273 383 1318 435 τὸ
1354 407 1480 436 πνευ-

381 452 571 517 ματικόν,
608 452 678 506 τῆν
709 455 757 508 ὦς
789 452 998 504 δέσποιναν
1031 456 1122 522 παρ’
1154 453 1307 509 ἐκεινοις
1342 454 1482 516 ἐξέβα-

383 529 448 572 λον
469 563 483 581 .,
518 522 588 576 τήν
621 523 848 589 σωματικὴν
887 529 953 574 τεῧ
994 523 1112 589 νόμου
1151 524 1444 594 παρατήρησιν.

454 663 521 715 Τὰ
552 665 652 718 ἔθνη
690 687 805 734 φησιν
828 705 840 726 ‚
879 689 939 721 οις
977 667 1043 715 οὐκ
1081 665 1189 717 ἔστιν
1228 690 1378 731 ισχυς,
1415 690 1482 715 και

379 736 686 803 ἓησαυριζσυσιν
721 759 874 792 εαυτοις
899 738 945 785 δι’
978 736 1097 826 ἔργων
1129 740 1294 803 ἀγαθῶν
1321 760 1393 790 την
1418 761 1482 785 αι-

380 829 485 856 ωνιον
518 804 633 863 ζωήν.
668 807 751 856 Και
783 808 819 856 οἶ
850 807 1148 896 χοιρογρύλλιοι·
1184 804 1260 857 eid:
1247 832 1281 863 ς
1319 808 1479 871 ἰχθύος,

377 877 464 931 ἦτοι
498 879 531 927 οἶ
565 876 713 945 λαγωοι
738 878 780 927 οἶ
804 877 1032 964 καλούρενοι
1065 901 1237 966 οιστρσι,
1273 900 1325 927 τα
1355 901 1482 946 πρωην

376 951 576 1002 ἀσθενῆ’
566 949 665 1003 ε’ἓνη
687 988 700 1010 ‚
732 947 1016 1017 καταφυγόντα
1048 947 1171 1014 προς
1178 971 1246 998 τον
1287 947 1480 1015 Χριστόν·

378 1042 506 1086 πετρα
555 1043 631 1088 γαρ
679 1043 887 1087 καταφυγη
938 1023 1019 1073 τοῖς
1066 1041 1169 1089 χοιρο
1154 1017 1406 1106 γρυλλιοις,
1447 1042 1481 1067 οι

376 1094 446 1141 ε’πο
450 1088 612 1141 νήσαντο
646 1093 683 1139 ἐν
716 1111 898 1157 πετραις·
935 1087 1021 1138 Και
1054 1112 1101 1138 σν
1126 1093 1232 1147 οὖν
1259 1088 1377 1160 <puni
1410 1085 1483 1138 κᾶν

378 1157 551 1215 οἷσὲῒενες
574 1157 622 1227 ᾐς
649 1164 717 1218 ζωο
722 1182 765 1220 ν,
794 1163 983 1220 ἐπιλαβο
963 1183 985 1207 υ
1011 1163 1080 1246 τῆς
1113 1158 1259 1225 πέτρας
1293 1182 1361 1215 της
1386 1162 1484 1211 ἀλη-

376 1237 477 1306 Βοῦς
509 1254 681 1286 πιστεως
706 1270 718 1291 ‚
751 1254 817 1280 και
852 1253 944 1296 προς
975 1249 1097 1281 αυτην
1131 1252 1199 1279 τον
1231 1228 1296 1291 βιο
1299 1250 1318 1278 ν
1357 1229 1485 1282 ἀπευ-

379 1309 478 1352 ,εὐνῑ

387 1390 390 1395 ’
453 1370 646 1439 Πραξεσιν
681 1369 914 1439 ἓρειόομενος
949 1393 1004 1426 εις
1038 1392 1110 1424 την
1147 1371 1361 1432 βασιλειαν
1395 1375 1484 1423 εἶσ-

380 1464 558 1510 ερχεται·
594 1446 723 1492 οὐκοῦν
755 1465 822 1491 και
859 1466 932 1500 σν,
959 1463 1083 1508 φησι,
1108 1465 1171 1506 μη
1175 1439 1254 1491 ὂια
1287 1466 1329 1493 το
1364 1445 1484 1495 ἀσθε-

381 1514 444 1569 νὲς
478 1537 547 1568 της
579 1513 749 1568 πίστεως
781 1510 1005 1577 ἀπιστήσῃς
1038 1537 1086 1579 τῃ
1111 1535 1187 1564 των
1212 1514 1381 1579 οὐρανῶν
1405 1519 1485 1576 βα-

381 1582 543 1645 σιλεία,
577 1583 686 1634 ἀλλα
717 1605 908 1634 πιστενων
944 1587 992 1648 τῇ
1027 1607 1112 1650 περι
1146 1586 1271 1638 αὐτῆς
1305 1584 1460 1650 ὑποσχέ
1463 1617 1486 1625 -·

382 1679 460 1715 σει,
486 1677 539 1704 τα
564 1678 725 1711 ταυτης
749 1677 861 1706 ποιη.
868 1677 931 1701 ικα
961 1679 1007 1740 ρ.
995 1654 1152 1721 ετέρχον
1178 1653 1484 1722 προστάγματα.

380 1725 493 1775 Λέων
527 1725 721 1793 Χριστος·
757 1747 891 1776 παντα
922 1746 998 1790 γαρ
1032 1748 1089 1775 τοι
1115 1731 1153 1773 λε
1143 1747 1251 1791 γικα
1283 1748 1380 1793 προς
1410 1726 1511 1776 0323--

382 1819 449 1848 τον
471 1837 484 1856 .,
517 1796 639 1850 κτήνη
674 1794 768 1846 εἰσῖ·
806 1796 990 1849 Mauso-{33
1029 1819 1105 1863 γαρ
1143 1819 1261 1863 φησιν
1286 1835 1299 1853 .,
1341 1796 1414 1862 ἐγω
1433 1797 1486 1848 δὲ

380 1869 451 1917 ἄλο
436 1891 521 1958 ογος
538 1871 634 1933 ’1)
603 1891 698 1932 ειμι.
702 1865 831 1916 -Το
854 1888 927 1918 την
948 1888 1110 1933 φυσικήν
1137 1867 1348 1934 ἐνέργειαν,
1370 1871 1489 1965 ἀνεμ-

380 1940 574 1993 ποδιστως
608 1935 828 2000 ὂιαβαινειν
861 1935 1037 2002 λέγεται.

450 2013 501 2059 Ὁ
531 2006 629 2075 ὑπὲρ
661 2031 866 2076 αμαρτιων
899 2008 1208 2076 προσενεχθεις,
1234 2032 1301 2057 και
1329 2011 1367 2057 ἐν
1400 2012 1488 2074 ὕψει

381 2079 555 2141 βαίνων,
592 2081 675 2145 ἔχει
702 2077 937 2148 ἐφεπομένην
964 2082 1074 2145 αὐτῷ
1098 2079 1171 2133 τὴν
1197 2078 1356 2144 ἀγέλην·
1392 2082 1490 2130 ὅταν

383 2149 457 2217 γὰρ
488 2156 641 2217 ὑψωθῶ
662 2191 674 2211 ‚
709 2150 825 2218 φησὶ,
863 2148 1019 2206 πάντας
1054 2150 1201 2202 ἑλκύσω
1236 2150 1332 2218 πρὸς
1367 2154 1490 2215 ἐμαυ-

384 2220 466 2271 τόν·
502 2227 553 2273 ‘O
590 2225 801 2290 ἀλεκτριών
841 2221 1080 2271 διδασκάλου
1112 2220 1327 2290 ωρᾶσωσον
1362 2219 1490 2288 φέρει,

363 2318 428 2362 Ιος
462 2316 530 2344 τον
563 2294 676 2360 λέγον
710 2315 897 2380 σπειρων
911 2295 948 2340 ἐν
985 2316 1076 2348 ταις
1109 2295 1325 2356 ψυχαῖς,’
1318 2316 1490 2358 ισχυρως

385 2387 472 2413 εστι
506 2387 576 2431 προ
561 2362 819 2431 σαγγελλων
854 2386 897 2413 το
931 2368 1009 2431 φῶς
1062 2366 1314 2426 μετανοεῖτε,

1352 2364 1491 2428 ἦγγικε

382 2457 460 2502 γαρ
495 2436 520 2487 ἦ
557 2434 749 2496 βασιλεία
789 2439 862 2485 τῶν
900 2455 1085 2499 ουρανων·
1125 2432 1238 2489 οὗτος
1276 2457 1326 2486 ·[,ν
1364 2435 1385 2482 ὅ
1424 2437 1491 2523 οἰπκἓ

380 2510 510 2572 ἀρχῆς
544 2504 749 2561 ὂιυπνιζων
775 2527 845 2559 τας
869 2503 1035 2571 καρδιας
1062 2526 1136 2554 των
1162 2503 1394 2571 ἀνθρωπων,
1422 2527 1491 2554 και

383 2597 452 2629 την
490 2576 637 2646 ημέροιν
676 2581 745 2631 τῆς
784 2573 941 2642 ἐνσαρκο
927 2598 966 2624 υ
1003 2579 1094 2625 αὐτο
1100 2579 1123 2624 ῧ
1170 2598 1270 2657 παρο
1255 2599 1390 2630 υσιας
1429 2575 1492 2624 δια

382 2653 537 2699 πολλῶν
575 2667 820 2735 ωρομηνυων·
859 2670 924 2694 και
966 2645 1102 2701 σκότος
1148 2644 1348 2706 ἐκθλιβων
1371 2685 1384 2706 ,
1423 2670 1492 2695 και

385 2741 430 2767 το
463 2716 544 2787 φῶς
576 2717 732 2768 αἰωνιον
765 2722 860 2769 πᾶσι
894 2739 1068 2784 φανερως
1092 2715 1362 2770 υποόεικνιων.
1388 2719 1494 2780 Ἑμ-

384 2812 608 2856 περιπατων
647 2792 684 2837 ἐν
721 2786 907 2843 ἓηλειαις
953 2786 1170 2852 εὑψυχως

388 2862 429 2909 ἓν
454 2883 554 2917 ταις
589 2857 840 2917 ἕκκλησιαις,
877 2857 1057 2922 εύψυχως
1091 2883 1160 2908 και
1193 2882 1408 2923 γενναιως,
1442 2860 1493 2914 ὦς

387 2935 534 2999 φησίν·
557 2930 683 2980 ιδου
661 2954 747 2997 εγω
777 2931 861 2994 μεθ’
894 2951 996 2992 υμων
1031 2928 1109 2993 εἰμι
1136 2951 1272 2985 πασας
1300 2933 1375 2985 τας
1399 2929 1492 2992 ημέ.

386 3025 460 3068 ρας
492 3004 564 3058 ἕως
600 3026 672 3057 της
712 2998 946 3055 συντελειας
980 3025 1021 3051 το
1024 3005 1047 3050 ῧ
1086 3004 1244 3055 αιῶνος.

1212 2811 1254 2838 ῖ’“
1238 2811 1415 2839 υῗὲστῑν
1454 2791 1493 2836 ἐν

442 3069 505 3121 'H
538 3096 602 3120 και
638 3071 704 3121 ὲαν
740 3076 793 3127 εἷς
827 3094 895 3120 τον
928 3094 967 3119 νο
972 3094 1018 3120 υν
1051 3093 1129 3121 των
1162 3076 1321 3159 γραφῶν
1353 3075 1496 3138 καθιῇς

390 3163 571 3192 σεαυτον·
611 3166 636 3195 η
664 3140 734 3190 ἐαν
771 3165 826 3205 μη
859 3142 959 3206 ἔχῃς
996 3141 1224 3205 μαθητικον
1263 3147 1325 3198 οὖς
1354 3182 1366 3201 ,
1406 3145 1494 3191 ἀλλ

390 3212 599 3277 αντιλογητ
606 3237 683 3267 ικος
725 3236 781 3271 ει.,
823 3212 993 3276 ἀκούσῃς
1036 3235 1065 3261 ει
1104 3211 1144 3260 δέ
1184 3235 1245 3267 τις
1283 3210 1370 3280 φιλο
1376 3235 1497 3267 νεικος

392 3288 451 3342 εἰ,
485 3287 601 3346 ἡμεις
636 3282 824 3335 τοιαύτην
857 3283 1073 3336 συνηὲειαν
1106 3286 1171 3331 οὐκ
1189 3306 1258 3347 εχο
1261 3306 1350 3346 μεν.

457 3425 556 3510 “ρΗό
544 3445 650 3476 ναις
676 3446 701 3474 γ)
728 3425 915 3485 ὁιδαχαις
940 3420 1170 3487 αλλοτριαις
1193 3444 1261 3473 τον
1282 3446 1351 3472 σον
1377 3427 1478 3474 πλο
1437 3447 1500 3472 υ-

394 3515 460 3541 τον
494 3516 551 3555 μη
584 3491 731 3546 ὂωσεις.
767 3491 890 3541 Μετα
913 3491 1061 3554 βουλης
1085 3496 1214 3544 οἱνοπο
1206 3494 1291 3543 ’τει-
1323 3492 1406 3544 Tou
1432 3498 1501 3550 τῆς

392 3566 580 3617 &Mamm
599 3562 765 3626 αμπέλε
757 3586 778 3609 υ
798 3561 915 3613 πίνων
935 3587 1051 3624 οινον,
1078 3563 1147 3616 τὴν
1169 3567 1243 3614 τῶν
1264 3587 1419 3633 γραφων
1440 3565 1502 3631 ἔρ-

394 3633 580 3696 μηνείαν,
602 3658 669 3682 και
692 3631 760 3684 rh
783 3638 857 3681 τῶν
876 3634 999 3700 όντῳν
1020 3634 1212 3700 θεωριοιν,
1230 3658 1334 3699 μετα
1354 3640 1503 3692 πολλῆς

400 3727 470 3771 προ
474 3703 617 3771 σέρχου
642 3700 867 3770 ὂιακρισεως
893 3708 941 3769 τῇ
967 3709 1037 3759 τῆς
1060 3705 1231 3761 ὂιανοιας
1252 3704 1467 3771 ἐπισκέψει.

475 3823 503 3863 1)
528 3823 630 3855 Exod.
655 3823 710 3855 Vl.
738 3824 788 3854 1‘2.

1431 228 1591 260 mnYm

1535 326 1665 371 vquae
1685 315 1920 370 seeundum
1940 316 2126 359 litteram
2149 320 2212 358 est
2228 346 2240 369 ‚
2265 327 2480 372 quamque
2507 315 2652 358 Iudaei

1552 391 1601 429 ut
1631 386 1848 430 dominam
1879 392 2000 431 antea
2041 387 2363 430 reverebantur.
2407 389 2463 429 At
2495 385 2652 430 ethnici

1552 459 1766 500 materiale
1807 458 1981 501 verbum
2019 459 2063 500 in
2103 458 2294 513 spiritale
2331 456 2620 499 convertentes
2638 489 2651 511 ,

1553 527 1669 570 illam
1714 540 1819 582 quae
1851 529 1967 583 apud
2002 529 2120 584 ipsos
2157 528 2334 570 domina
2363 532 2454 569 erat
2475 527 2652 582 expule-

1552 602 1681 650 runt,
1714 611 1864 653 nempe
1896 600 2164 654 corporalem
2186 598 2291 653 legis
2322 598 2649 640 observantiam.

1613 669 1766 711 Gentes
1805 655 1949 724 (Ιίὸίῐ,ι
1979 670 2135 725 quibus
2172 682 2260 712 non
2301 674 2401 712 sunt
2435 669 2576 723 vires,
2611 674 2652 711 et

1554 744 1693 782 tamen
1723 740 1805 781 sibi
1834 741 2118 783 thesaurizant
2157 741 2283 783 bonis
2322 742 2408 782 suis
2449 740 2653 795 operibus

1554 813 1684 854 vitam
1715 817 1942 855 aeternam.
1978 814 2030 855 Et
2061 811 2380 868 choerogryllii.
2417 813 2548 855 Piscis
2579 825 2655 866 ge—

1554 895 1634 923 nus
1653 912 1665 934 ‚
1699 882 1767 923 vel
1805 882 1974 937 lepores
2013 883 2088 937 qui
2119 884 2399 937 ‘appellantur
2429 883 2652 937 histrices‚

1555 952 1601 994 id
1631 957 1694 994 est
1724 952 1880 995 ethnici
1911 954 2031 1007 prius
2051 953 2238 1006 infirmi,
2263 953 2317 996 ad
2337 955 2552 997 Christum
2573 967 2655 1010 po·

1556 1027 1645 1065 stea
1685 1023 1996 1078 confugientes.
2039 1026 2164 1066 Petra
2202 1024 2312 1066 enim
2353 1025 2656 1081 choerogylliis

1522 1121 1526 1125 -
1557 1094 1804 1148 confugium
1837 1099 1926 1147 est,
1959 1097 2003 1136 in
2034 1095 2191 1150 quihus
2231 1094 2410 1148 degunt.
2447 1097 2512 1138 Tu
2541 1109 2656 1151 quo-

1557 1178 1639 1220 que
1670 1165 1831 1219 igitur,
1865 1166 2033 1220 iuquit,
2068 1178 2329 1221 quamquam
2366 1167 2583 1209 infirmum
2614 1180 2660 1210 es

1559 1237 1742 1290 animal,
1777 1237 1961 1290 confuge
1992 1236 2046 1279 ad
2075 1242 2241 1292 petram
2271 1238 2395 1279 verae
2426 1236 2553 1291 fidei,
2573 1236 2659 1281 ibi·
2692 1239 2694 1245 “

1559 1321 1642 1363 que
1673 1309 1803 1350 vitam
1836 1308 2031 1350 emenda.
2082 1344 2083 1347 ,
2402 1323 2405 1326 ’

1617 1379 1829 1434 Operibus
1855 1380 1990 1421 fretus
2013 1380 2059 1421 in
2086 1391 2265 1434 regnum
2287 1379 2541 1434 ingreditur.
2571 1380 2661 1421 Ita-

1561 1464 1645 1506 que
1678 1456 1721 1494 et
1751 1455 1798 1493 tu
1816 1484 1828 1505 ‚
1861 1450 2029 1505 inquit,
2063 1463 2115 1493 ne
2147 1455 2326 1506 propter
2354 1450 2455 1493 fidei
2477 1450 2660 1493 infirmi-

1559 1527 1690 1564 tatem
1705 1555 1716 1577 ,
1744 1522 1796 1564 de
1818 1522 2032 1564 caelorum
2054 1534 2187 1576 regno
2210 1522 2436 1577 desperes;
2458 1521 2534 1564 sed
2553 1534 2661 1564 con-

1559 1593 1694 1636 fidens
1727 1594 2081 1648 promissionibus
2098 1626 2110 1648 ,
2144 1606 2275 1648 opera
2304 1593 2534 1649 aggredere
2555 1605 2662 1648 quae

1559 1665 1666 1707 illud
1689 1669 2004 1720 promerentur.
2027 1666 2114 1707 Leo
2138 1665 2349 1707 Christus:
2375 1669 2528 1707 cuncta
2550 1665 2662 1707 enim

1561 1737 1782 1778 rationalia
1821 1749 1923 1791 prae
1968 1737 2041 1778 illo
2066 1767 2078 1789 ‚
2110 1737 2298 1779 iumenta
2336 1742 2449 1779 sunt.
2493 1738 2661 1792 Moyses

1563 1809 1674 1849 enim
1704 1809 1785 1850 ait:
1830 1819 1911 1861 ego
1951 1812 2092 1849 autem
2131 1808 2269 1850 infans
2299 1809 2664 1863 sum—Propter

1562 1880 1797 1922 naturalem
1845 1880 2106 1922 alacritatem
2124 1914 2135 1934 ‚
2180 1880 2315 1922 libere
2357 1879 2551 1923 incedere
2592 1879 2663 1922 di-

1563 1952 1689 1993 citur.
2585 1986 2587 1989 .
2657 1948 2674 1958 ”“

1622 2024 1780 2077 Nempe
1823 2022 1895 2064 ille
1936 2035 2016 2077 pro
2057 2023 2241 2077 peccatis
2278 2023 2439 2067 hostia.
2461 2017 2627 2065 oblatus
2650 2053 2662 2076 ,

1564 2100 1604 2137 et
1646 2095 1728 2136 alte
1769 2093 2001 2146 incedcnS‚
2043 2094 2175 2136 habet
2211 2106 2436 2149 sequacem
2473 2105 2663 2149 gregem.

1566 2168 1671 2209 Cum
1704 2166 1912 2208 exaltatus
1944 2166 2092 2219 suem,
2124 2166 2296 2220 inquit,
2331 2178 2478 2207 omnes
2515 2164 2571 2207 ad
2600 2178 2668 2207 me

1565 2239 1746 2280 traham.
1782 2237 1929 2279 Gallus
1957 2236 2149 2290 magistri
2180 2244 2406 2291 personam
2432 2237 2566 2290 gerit,
2593 2237 2667 2290 qui

1566 2310 1804 2351 doctrinam
1836 2309 1881 2350 in
1919 2307 2141 2350 animabus
2182 2320 2352 2359 serens,
2386 2319 2493 2348 voce
2527 2305 2668 2348 valida

1566 2381 1764 2423 diurnam
1782 2381 1920 2423 lucem
1939 2380 2181 2426 annunciat.
2204 2380 2516 2421 Poenitentiam
2539 2378 2666 2432 agite,

1566 2451 1932 2507 appropinquavit
1963 2451 2076 2492 enim
2109 2462 2289 2503 regnum
2321 2450 2556 2492 caelorum.
2588 2449 2668 2491 Hic

1565 2525 1617 2566 ab
1647 2525 1768 2566 initio
1793 2522 1925 2564 corda
1948 2522 2169 2564 hominum
2192 2508 2214 2563 e
2236 2534 2386 2563 somno
2408 2520 2640 2563 suscitabat
2654 2550 2666 2573 ,

1566 2601 1610 2638 et
1640 2596 1846 2638 adventus
1876 2595 1942 2636 sui
1971 2594 2016 2636 in
2048 2606 2174 2647 carne
2198 2592 2310 2635 diem
2332 2592 2474 2634 multis
2501 2591 2670 2634 indiciis

1566 2666 1879 2722 portendebat3
1912 2664 2111 2706 tenebras
2140 2662 2354 2718 pellebat,
2382 2666 2426 2704 et
2455 2666 2670 2713 aeternam

1566 2739 1703 2780 lucem
1735 2736 1898 2779 cunctis
1935 2740 2082 2790 aperte
2126 2733 2394 2776 ostendebat.
2436 2732 2672 2775 Ambulans

1568 2812 1680 2852 inter
1709 2809 1888 2851 feminas
1909 2807 2132 2859 alacriter,
2154 2805 2199 2847 id
2222 2809 2283 2847 est
2306 2805 2350 2846 in
2371 2804 2559 2857 ecclesiis
2583 2803 2673 2845 ala-

1569 2883 1698 2924 criter
1726 2881 1983 2934 fortiterque
2003 2910 2014 2932 ‚
2050 2883 2097 2920 ut
2127 2878 2216 2932 ipse
2248 2878 2332 2919 ait:
2360 2889 2457 2919 ecce
2474 2887 2555 2930 ego
2587 2888 2670 2917 vo-

1568 2953 1735 2994 biscum
1765 2963 1858 2993 sum
1882 2949 2080 2992 omnibus
2101 2948 2251 2991 diebus
2274 2959 2409 3002 usque
2438 2946 2493 2989 ad
2514 2945 2674 2988 saeculi

1570 3023 1993 3066 consummationem.
2633 3016 2635 3018 ’

1628 3096 1739 3147 Vel,
1773 3095 1808 3136 si
1838 3098 1880 3135 te
1911 3093 1956 3134 in
1987 3104 2154 3134 sensum
2186 3091 2491 3145 scripturarum
2513 3088 2674 3130 immit-

1569 3172 1650 3209 tas.
1684 3166 1795 3218 Vel,
1828 3164 1910 3206 nisi
1940 3163 2141 3206 habueris
2171 3162 2354 3204 docilem
2386 3172 2561 3212 aurem,
2597 3158 2676 3211 sed

1571 3242 1797 3280 contumax
1827 3236 1986 3288 fueris,
2012 3247 2115 3277 num
2135 3233 2315 3277 audies?
2345 3232 2387 3274 Si
2411 3232 2507 3286 quis
2534 3235 2676 3273 autem

1571 3310 1740 3353 videtur
1771 3309 2064 3351 contentiosus
2095 3319 2182 3349 esse
2200 3337 2212 3359 ‚
2245 3318 2325 3348 nos
2344 3305 2472 3347 talem
2493 3315 2675 3346 consue·-
2706 3313 2710 3317 ’

1571 3381 1764 3424 tudinem
1793 3393 1883 3423 non
1913 3379 2134 3422 habemus.

1631 3452 1936 3508 Voluptatibus
1965 3455 2039 3494 aut
2070 3450 2278 3492 doctrinis
2307 3448 2453 3490 alienis
2475 3457 2577 3488 cave
2600 3443 2675 3486 des

1575 3536 1677 3579 opes
1706 3521 2077 3565 tuas-Prudenter
2096 3519 2250 3561 vinum
2267 3517 2368 3560 bibe
2388 3530 2400 3570 ;
2425 3525 2577 3568 nempe
2600 3525 2676 3553 ve-

1574 3606 1646 3636 rae
1676 3594 1772 3635 vitis
1809 3593 1956 3634 vinum
1995 3595 2128 3646 pota,
2158 3589 2476 3644 scripturarum
2515 3583 2676 3625 scilieet

1575 3664 1999 3719 interpretationem,
2019 3667 2061 3704 et
2076 3673 2219 3704 rerum
2243 3655 2672 3723 contemplationem:

1521 3755 1524 3758 ⁴
1576 3736 1711 3778 multa
1741 3748 1838 3778 cum
1869 3734 2124 3777 discretione
2155 3735 2339 3774 mentem
2369 3738 2533 3769 exerce.

817 3816 947 3863 ἄλογος
972 3821 1103 3861 infans.
1127 3822 1188 3855 Sed
1209 3831 1297 3855 nunc
1320 3832 1339 3855 a
1358 3822 1499 3864 Didymo
1518 3822 1713 3864 intelligitur
1733 3823 1944 3855 iumentum.
