2944 4426
365 258 411 289 vt
1394 255 1595 294 Enl'r'oms

362 339 832 406 reprehensionibuS,
860 343 968 391 satis
992 351 1042 391 ut
1067 352 1183 407 puto
1215 342 1414 392 diximus
1430 381 1441 401 ‚
1468 356 1512 394 et
1538 346 1675 394 nobis
1708 362 1832 395 nunc
1852 346 1990 411 plura
2015 346 2200 397 dicendi
2232 353 2381 400 otium
2405 352 2617 406 fecimuS.

360 421 479 476 Quia
513 430 668 467 tamen
702 421 925 483 pleraque
960 423 1145 469 nonnisi
1178 437 1338 485 graece
1371 424 1420 469 in
1454 424 1607 471 lucem
1641 433 1771 472 antea
1805 425 2079 479 extulimus,
2105 428 2258 476 visum
2288 441 2357 479 est
2381 441 2510 481 tanto
2535 451 2620 483 au-

358 505 490 545 ctore
522 498 694 544 diutius
728 498 942 546 homines
975 514 1138 562 graece
1172 500 1360 562 ignaros
1394 516 1489 547 non
1515 501 1757 548 fraudare:
1785 503 1940 564 itaque
1966 503 2182 565 antiquae
2207 516 2392 555 nostrae
2414 513 2617 572 promis-

358 575 502 621 sionis
534 590 767 623 memores
801 584 951 623 totum
986 577 1184 639 impigre
1218 577 1414 624 latinum
1447 578 1663 632 fecimus,
1700 587 1889 641 tamque
1922 580 2070 642 spisso
2103 595 2247 642 opere
2280 598 2493 645 magnam
2527 588 2623 636 hu—

355 652 428 697 ius
460 651 712 698 voluminis
735 661 915 715 partem
940 654 1254 715 implevimus
1283 655 1338 700 Et
1360 669 1529 717 scopus
1553 655 1743 717 quidem
1766 657 2077 718 Mopsuesteni
2103 665 2171 702 est
2186 691 2199 710 ,
2227 657 2455 707 iudaicam
2479 678 2619 724 prae-

354 729 515 774 sertim
550 729 794 776 historiam
836 731 1096 789 illustrare3
1132 732 1196 777 ita
1229 739 1384 778 tamen
1418 740 1469 777 ut
1509 732 1836 798 propheticum
1879 734 2094 796 spiritum
2115 766 2127 787 ,
2165 741 2212 779 et
2244 735 2520 784 relationem
2555 741 2618 787 ad

354 805 590 853 Christum
614 809 873 870 praecipuis
896 810 944 854 in
969 808 1082 855 locis
1109 817 1325 870 agnoscat
1351 823 1403 854 ac
1427 807 1653 855 fateatur:
1679 825 1960 872 quamquam
1984 827 2121 875 saepe
2144 811 2231 859 κατ’
2257 810 2448 872 ἔκβασιν,
2473 814 2520 863 id
2545 824 2616 864 est

352 883 610 930 secundum
635 886 895 948 pleniorem
918 888 965 932 in
991 887 1172 933 Christo
1206 886 1557 948 christianisque
1582 886 1721 934 rebus
1745 890 2068 938 vaticiniorum
2096 902 2313 941 eventum
2339 911 2351 941 :
2378 895 2508 958 quod
2535 910 2614 957 ge-

351 975 442 1006 nus
466 961 829 1024 interpretandi,
858 965 943 1011 etsi
975 964 1076 1010 aliis
1106 979 1295 1026 quoque
1320 979 1380 1010 ss.
1409 963 1666 1011 bibliorum
1691 967 2022 1029 interpretibus
2056 985 2149 1017 non
2175 973 2313 1034 plane
2335 973 2576 1021 insolitum
2595 1008 2610 1028 ,

349 1038 398 1083 in
423 1038 671 1087 Theodoro
698 1050 851 1088 tamen
885 1050 1149 1104 suspectum
1175 1040 1427 1102 aliquando
1461 1042 1547 1088 fuit
1570 1059 1581 1094 ;
1613 1051 1659 1088 et
1686 1043 1734 1088 id
1761 1059 1869 1091 sane
1897 1047 2080 1093 nonnisi
2106 1050 2180 1110 pie
2203 1051 2473 1113 sinceraque
2503 1064 2612 1096 cum

350 1111 446 1160 fide
479 1130 504 1161 a
540 1116 791 1190 christiano
824 1120 1052 1181 scriptore
1085 1117 1187 1164 fieri
1221 1117 1375 1165 debet.
1412 1119 1560 1174 Quam
1593 1118 1656 1165 ob
1689 1135 1790 1166 rem
1822 1131 1979 1169 noster
2010 1124 2135 1171 visus
2162 1135 2230 1172 est
2264 1127 2496 1191 aliquibus
2531 1127 2614 1174 tov-

348 1189 566 1258 δαιόφρωνς
593 1211 877 1259 quamquam
900 1197 997 1258 ipse
1030 1195 1212 1241 Christo
1239 1211 1287 1241 se
1311 1194 1508 1241 firmiter
1533 1196 1748 1251 credere,
1775 1206 1821 1244 et
1845 1199 1942 1245 eius
1971 1200 2188 1248 deitatem
2217 1197 2611 1270 oeconomiaeque

346 1277 622 1335 mysterium
644 1275 859 1336 religiose
876 1273 1116 1325 venerari,
1139 1272 1319 1334 liquido
1337 1273 1650 1327 demonstrat,
1673 1283 1784 1336 puta
1804 1291 1885 1337 pp.
1915 1278 2020 1323 139.
2052 1280 2153 1327 150.
2180 1282 2287 1327 191.
2310 1283 2475 1329 Utrum
2492 1300 2611 1333 vero
2671 1269 2674 1272 ι

346 1360 392 1398 et
415 1350 630 1398 hebraice
661 1351 873 1404 sciverit,
905 1366 1001 1396 non
1029 1351 1136 1397 satis
1162 1358 1369 1408 constat3
1397 1350 1477 1396 sed
1507 1351 1710 1411 syriacae
1738 1352 1900 1398 saltem
1924 1354 2107 1401 dialecti
2142 1372 2237 1403 nou
2263 1357 2349 1405 fuit
2377 1360 2566 1422 ignarus
2589 1397 2603 1416 .

344 1429 569 1489 quoniam
602 1443 762 1489 syrum
792 1443 848 1474 ex
875 1426 1094 1473 hebraico
1117 1427 1418 1489 interpretem
1446 1443 1541 1474 non
1572 1429 1710 1475 semel
1739 1431 1936 1490 exagitat
1966 1446 2018 1477 ac
2044 1432 2212 1480 refutat
2237 1450 2318 1497 pp.
2347 1439 2459 1484 241.
2487 1441 2603 1487 252.

345 1506 456 1551 263.
490 1506 550 1551 At
585 1506 683 1568 ipse
725 1512 848 1551 certe
874 1499 1017 1550 LXX.
1045 1505 1322 1566 interpretes
1363 1506 1497 1551 unice
1529 1506 1764 1566 sequitur,
1809 1506 2090 1561 admiratur,
2126 1525 2178 1556 ac
2211 1511 2371 1559 laudat
2408 1529 2457 1576 p.
2485 1516 2601 1563 252.

344 1583 586 1629 Praeterea
624 1583 802 1628 variam
842 1590 888 1627 et
912 1583 1143 1628 curiosam
1183 1582 1493 1628 eruditionem
1537 1589 1702 1643 sponte
1745 1581 1995 1643 deditaque
2037 1599 2181 1646 opera
2223 1589 2369 1635 vitare
2401 1606 2449 1638 se
2490 1593 2603 1640 dicit

343 1675 392 1722 p.
428 1660 535 1706 136.
577 1659 684 1705 159.
719 1660 833 1712 227,
871 1667 915 1704 et
950 1658 1286 1723 prophetarum
1319 1658 1645 1704 tantummodo
1678 1656 1872 1703 vocibus
1905 1659 2207 1719 explanandis
2240 1663 2525 1713 incumbere.

439 1738 519 1782 111.
554 1737 655 1782 Hoc
680 1751 766 1781 nos
790 1750 909 1798 opus
934 1736 981 1780 in
1006 1736 1216 1781 vaticano
1232 1769 1243 1788 ‚
1279 1734 1393 1780 olim
1430 1733 1743 1787 columnensi‚
1774 1734 1920 1780 mirae
1944 1735 2221 1797 integritatis
2246 1746 2292 1785 et
2317 1741 2608 1802 antiquitatis

341 1814 501 1861 codice
528 1814 788 1860 invenimus
809 1848 820 1867 ,
851 1821 896 1859 et
931 1828 1035 1858 cum
1062 1812 1152 1858 alio
1185 1813 1374 1872 insuper
1400 1812 1634 1865 vaticano,
1663 1827 1748 1858 nec
1771 1812 1963 1872 antiquo
1988 1821 2141 1860 tamen
2172 1831 2257 1862 nec
2287 1817 2498 1880 integro,
2526 1820 2602 1867 in·

339 1890 526 1936 terdum
561 1889 858 1936 contulimus.
891 1891 1043 1935 Testes
1072 1887 1261 1949 quidem
1298 1888 1455 1949 operis
1481 1896 1637 1942 erant,
1668 1887 1875 1949 synodus
1908 1890 2068 1950 quinta
2105 1893 2402 1940 oecumenica
2428 1902 2517 1941 act.
2543 1897 2596 1949 ἀς

337 1966 510 2013 deinde
536 1966 764 2012 Ebediesu
798 1967 845 2012 in
871 1966 1082 2026 catalogo
1108 1980 1209 2026 cap.
1236 1965 1335 2016 19.;
1363 1973 1597 2026 quotquot
1624 1964 1824 2026 denique
1850 1966 2004 2026 operis
2029 1966 2227 2013 codices-
2246 1983 2417 2015 nomen
2449 1956 2597 2017 nostri

333 2043 565 2089 Theodori
590 2044 865 2104 inscriptum
890 2042 1078 2089 habent.
1118 2043 1172 2087 Et
1203 2040 1393 2102 quidem
1419 2040 1648 2087 Ebediesu
1674 2043 1735 2087 ait
1764 2041 2060 2091 Theodorum
2093 2044 2325 2105 scripsisse
2352 2044 2441 2091 hoc
2471 2061 2592 2108 opus

335 2119 396 2166 ad
427 2118 660 2181 quendam
682 2133 792 2164 mar
819 2119 1001 2169 Turz'm,
1031 2127 1081 2165 ut
1116 2118 1274 2164 scribit
1303 2118 1587 2164 Echellensis
1614 2117 1842 2165 Ebediesu
1877 2118 2054 2172 editor;
2086 2128 2131 2165 at
2163 2136 2276 2167 vero
2310 2121 2590 2170 Assemanus

283 2220 285 2222 >
330 2197 380 2242 in
408 2196 551 2242 altera
577 2195 779 2242 editione
802 2195 1035 2242 scribebat
1066 2211 1176 2241 mur
1204 2194 1428 2258 Tyrium,
1459 2205 1712 2256 numquam
1738 2196 1985 2241 immemor
2009 2197 2079 2242 sui
2114 2197 2313 2257 syriatici
2342 2214 2478 2252 mam·
2503 2215 2593 2262 ego

332 2289 446 2320 vero
488 2275 634 2320 ausim
664 2282 826 2319 contra
860 2275 1163 2319 Assemanum
1204 2272 1452 2318 emendare
1490 2271 1803 2334 Martyrium,
1850 2272 2164 2333 Chrysostomi
2199 2273 2410 2335 adeoque
2449 2277 2591 2323 etiam

331 2350 564 2396 Theodori
607 2350 871 2411 aequalem,
907 2359 952 2396 et
983 2358 1143 2412 postea
1183 2349 1454 2395 Antiochiae
1488 2348 1827 2410 patriarcham,
1868 2364 1987 2411 quae
2028 2349 2115 2408 fuit
2141 2351 2370 2399 Theodori
2408 2355 2586 2415 patria;

331 2427 533 2489 ideoque
567 2442 771 2489 pronum
797 2426 976 2473 creditu
1001 2434 1096 2479 est,
1125 2426 1313 2472 missum
1340 2424 1399 2471 ab
1429 2439 1485 2471 eo
1510 2440 1628 2487 opus
1651 2425 1710 2471 ad
1736 2426 1883 2472 civem
1909 2435 1958 2471 ut
1980 2418 2213 2472 versimile
2235 2436 2302 2473 cst
2332 2444 2466 2475 suum
2487 2465 2498 2484 ,
2528 2431 2590 2476 il-

328 2502 526 2550 lustrem
555 2504 672 2550 adeo
702 2505 883 2556 virum,
921 2504 1001 2565 qui
1037 2503 1331 2548 antiochenas
1367 2501 1558 2548 demum
1592 2501 1762 2547 infulas
1805 2511 2078 2549 consecutus
2108 2511 2193 2548 est.
2235 2504 2371 2558 Quod
2407 2507 2445 2551 si
2481 2508 2587 2568 quis

328 2589 522 2641 quaerat
562 2597 644 2626 cur
686 2582 856 2642 passim
884 2579 1155 2626 Theodorus
1194 2580 1240 2624 in
1276 2578 1515 2625 codicibus
1542 2577 1851 2624 antiochenus
1877 2581 2032 2641 potius
2068 2595 2208 2641 quam
2236 2594 2588 2644 mopsuestenus

327 2656 539 2715 dicatur3
578 2657 698 2704 hanc
731 2673 913 2704 causam
949 2672 1047 2703 esse
1076 2665 1219 2718 puto;
1253 2655 1381 2717 quod
1410 2657 1718 2718 Mopsuestiae
1748 2657 1953 2718 episcopi
1982 2657 2079 2703 duo
2110 2657 2298 2703 fuerunt
2324 2659 2583 2711 Theodori,

327 2735 462 2796 prior
483 2736 717 2796 antiquior
749 2735 829 2795 qui
865 2733 1093 2780 secundae
1118 2733 1417 2779 antiochenae
1450 2732 1632 2794 synodo
1662 2731 1955 2794 subscripsit;
1982 2734 2212 2794 posterior
2236 2733 2311 2780 hic
2335 2731 2586 2782 celeberri-

324 2826 430 2856 mus
462 2820 618 2857 noster
640 2846 651 2865 ‚
692 2813 772 2872 qui
806 2810 1114 2857 distinctionis
1148 2810 1293 2871 gratia
1327 2807 1619 2855 vocitabatur
1651 2825 1707 2855 ex
1739 2810 1889 2871 patria
1919 2824 1999 2855 sua
2029 2810 2347 2869 antiochenus.
2388 2811 2459 2857 Sic
2494 2827 2584 2873 ego

325 2888 375 2934 in
407 2888 644 2934 codicibus
671 2887 771 2934 fieri
794 2888 931 2934 video
955 2877 1014 2934 de
1043 2888 1250 2934 Iohanne
1281 2886 1522 2948 Xiphilino
1557 2886 1816 2948 patriarcha
1840 2887 2345 2948 constantinopolitano
2370 2888 2467 2934 eius
2493 2903 2579 2935 no-

324 2965 463 3011 minis
493 2974 658 3012 octavo
676 3000 688 3019 ‚
716 2966 797 3028 qui
823 2966 994 3027 pariter
1026 2964 1332 3010 distinctionis
1358 2964 1503 3024 gratia
1529 2957 1697 3009 dicitur
1720 2962 2124 3014 chalcedonensis,
2156 2979 2181 3010 a
2210 2965 2357 3025 patria
2393 2964 2462 3011 vel
2491 2964 2580 3010 for-

323 3048 442 3088 tasse
466 3057 491 3088 a
526 3042 683 3104 priore
717 3043 1010 3104 episcopatu,
1045 3050 1096 3087 ut
1120 3041 1490 3087 coniecturaliter
1522 3041 1695 3086 iudico.
1736 3040 1868 3086 Certe
1902 3040 2020 3087 duos
2047 3040 2292 3087 Anthimos
2321 3042 2400 3102 qui
2432 3048 2579 3088 aetate

322 3132 426 3166 mea
459 3118 1007 3181 constantinopolitanam
1043 3118 1310 3164 cathedram
1344 3117 1640 3170 insederunt,
1669 3116 1795 3162 haud
1829 3106 2057 3164 numerali
2088 3125 2196 3163 nota
2233 3117 2355 3179 apud
2380 3119 2580 3164 Graecos

321 3196 544 3257 distingui
579 3196 744 3250 audio,
782 3195 863 3242 sed
897 3196 1103 3257 priorem
1136 3193 1375 3257 ephesium
1413 3192 1494 3239 ubi
1526 3193 1613 3239 fuit
1647 3201 1780 3239 antea
1812 3192 2036 3239 exarchus
2070 3194 2338 3255 episcopus;
2364 3193 2597 3251 =alterum-

320 3270 781 3322 thessalonic-ensem,
822 3286 847 3317 a
879 3272 1037 3333 priore
1073 3272 1183 3317 item
1213 3271 1480 3331 episcopatu
1504 3303 1516 3321 ‚
1547 3269 1795 3316 nominari.

420 3349 491 3394 lV.
531 3349 830 3394 Promisimus
861 3347 975 3394 olim
1012 3356 1191 3409 partem
1225 3346 1457 3393 Theodori
1492 3346 1857 3402 nonmodicam
1895 3347 2211 3392 commentarii
2248 3347 2295 3392 in
2334 3345 2569 3410 psalmos,

317 3441 373 3474 ex
408 3424 645 3472 codicibus
669 3426 888 3471 vaticanis
920 3425 1211 3473 sumendam.
1248 3423 1440 3481 efferre3
1469 3424 1633 3470 verum
1659 3439 1711 3470 ea
1734 3439 1808 3470 res
1835 3423 2101 3470 breviorem
2129 3433 2288 3485 postea
2319 3420 2566 3471 ambitum,
2622 3462 2624 3464 ,

317 3500 383 3549 01)
408 3502 511 3549 illas
535 3517 692 3548 causas
728 3511 859 3549 nacta
890 3509 989 3555 est,
1031 3516 1146 3563 quas
1179 3509 1288 3563 apto
1321 3501 1368 3546 in
1404 3501 1510 3547 loco
1544 3500 1746 3545 diximus
1767 3534 1778 3554 ,
1810 3499 1891 3545 ubi
1926 3500 2147 3562 quicquid
2173 3501 2272 3547 eius
2304 3496 2458 3559 operis
2490 3495 2572 3540 in-

315 3579 453 3625 terim
486 3579 534 3624 in
569 3593 731 3624 manus
763 3579 917 3631 venit,
955 3586 1060 3640 post
1084 3577 1337 3639 prophetas
1370 3578 1686 3640 exposuimus.
1722 3578 1965 3624 Feliciores
2001 3579 2048 3624 in
2072 3576 2303 3624 Theodori
2329 3586 2571 3619 commen-

314 3656 435 3702 tario
472 3656 531 3702 ad
567 3656 822 3702 Iohannem
845 3655 1041 3708 fuimus,
1083 3656 1212 3701 cuius
1236 3656 1468 3717 ingentem
1503 3671 1665 3718 reapse
1689 3664 1886 3702 tractum
1912 3672 2016 3702 cum
2051 3652 2271 3719 peculiari
2304 3649 2444 3718 animi
2477 3663 2569 3696 vo—

314 3731 492 3794 luptate
526 3733 575 3778 in
608 3732 759 3779 lucem
796 3733 1122 3793 protraximus.
1157 3733 1317 3793 Neque
1351 3741 1504 3778 tamen
1530 3747 1653 3779 nunc
1686 3741 1894 3795 repetere
1927 3733 2123 3795 placuit,
2151 3735 2304 3792 partes
2337 3724 2441 3771 illas
2475 3740 2569 3772 non

316 3809 523 3857 modicas
554 3810 606 3858 in
639 3810 882 3873 epistolam
917 3809 975 3856 ad
1009 3811 1241 3856 Romanos
1262 3844 1272 3863 ‚
1310 3826 1424 3872 quas
1458 3826 1619 3873 graece
1651 3819 1819 3873 quarto
1851 3810 2082 3874 Spicilegii
2121 3802 2301 3854 romani
2343 3801 2573 3858 volumini
