2996 4432
1108 233 1214 278 ,ιιι

237 321 532 377 vituperabilis
558 334 734 365 somnus
761 324 891 376 atque
912 330 1056 372 mors;
1077 321 1127 361 ut
1147 317 1210 359 sic
1228 329 1336 359 oon-

235 398 405 436 servato
437 394 662 437 oculorum
683 392 846 437 animae
865 390 1047 443 lumine,
1067 388 1185 432 hand
1207 391 1335 444 queat

234 466 430 507 inimicus
452 465 610 508 dicere:
631 461 846 518 praevalui
862 459 1063 503 adversus
1081 472 1202 512 eum3
1225 459 1332 502 iam-

234 536 310 579 diu
340 550 384 579 se
415 535 696 591 praevaluisse
715 533 976 586 existimans,
1000 545 1098 574 cum
1121 545 1200 574 nos
1225 544 1330 588 peo-

234 610 438 651 cavimus.
1307 657 1314 660 .

299 698 316 716 ·
339 680 419 732 Qui
439 677 647 722 tribulant
674 688 742 718 me
760 706 773 729 ,
805 675 1055 719 exultabunt
1071 708 1084 730 ,
1117 676 1150 718 si
1187 679 1330 725 motus

242 771 258 786 »
297 751 448 803 fuero;
486 761 566 803 ego
599 752 740 791 autem
764 748 810 790 in
829 747 1117 791 misericordia
1137 752 1208 790 tna
1227 758 1328 802 spe-

241 842 257 856 ·
293 822 407 865 ravi:
435 819 639 863 exultabit
660 831 739 862 cor
764 831 903 861 meum
930 819 974 861 in
1003 818 1179 861 salutari
1202 822 1324 860 tuo.»

231 893 316 946 Qui
357 893 492 934 iustos
531 889 740 933 tribulant
765 884 940 932 ‘inimici
958 920 972 944 ‚
1017 890 1129 933 malo
1171 890 1330 946 gaudio

230 964 423 1006 exultant
450 963 487 1004 si
527 974 612 1019 qua
651 961 836 1004 evenerit
873 974 924 1004 ex
961 966 1138 1017 peocato
1177 962 1328 1015 ruina,

228 1047 365 1090 quum
385 1038 533 1076 contra
553 1045 664 1088 opus
685 1037 794 1075 esset
813 1031 1042 1076 condolere
1064 1032 1328 1076 cadentibus.

229 1105 312 1149 Sed
344 1105 539 1161 quamvis
567 1105 630 1147 illi
652 1103 709 1147 ob
726 1103 906 1147 alicuius
923 1103 1085 1159 lapsum
1105 1103 1331 1146 exultaturi

234 1178 342 1232 sint,
363 1189 443 1231 ego
463 1177 645 1219 Domine
663 1174 716 1218 de
733 1180 808 1218 tua
825 1187 1000 1231 sperans
1020 1175 1328 1227 misericordia,

230 1261 318 1290 non
343 1248 482 1303 patiar
504 1260 552 1290 ea
569 1259 676 1302 quae
701 1247 832 1288 inme
858 1246 1002 1289 videre
1022 1246 1084 1290 illi
1110 1251 1325 1302 exoptant.

233 1322 420 1375 Expecto
453 1319 566 1361 enim
591 1319 776 1361 salutare
806 1322 929 1360 tuum
958 1318 1212 1373 quantocius
1229 1331 1332 1378 ven-

228 1397 400 1446 turum,
433 1391 553 1433 cuius
584 1403 708 1433 eausa
736 1403 814 1433 cor
842 1403 983 1432 meum
1013 1391 1189 1432 exultat.
1217 1390 1329 1443 Quid

229 1465 273 1506 ni
304 1463 418 1505 enim
446 1461 627 1504 laetetur
657 1461 900 1516 exultetque
929 1460 966 1503 is
991 1461 1066 1516 qui
1095 1461 1271 1504 salutem
1304 1474 1329 1503 a

228 1537 319 1577 Deo
350 1538 548 1589 expertus
578 1533 674 1576 est?
704 1532 831 1585 Quod
861 1545 963 1574 vero
993 1533 1117 1575 etiam
1139 1533 1329 1589 prophe-

227 1607 286 1649 tia
316 1610 429 1648 cxtet
447 1605 501 1648 de
521 1609 702 1647 venturo
721 1603 896 1646 salutari
918 1604 995 1646 Dei
1015 1604 1183 1646 Christo
1196 1635 1209 1657 ‚
1231 1604 1326 1647 ani-

227 1678 444 1720 madverte
472 1678 544 1720 sis.
578 1678 659 1719 Hic
677 1676 789 1730 enim
813 1675 868 1718 ad
890 1675 1037 1718 mundi
1058 1676 1234 1719 salutem
1251 1689 1327 1718 ve-

226 1751 345 1792 niens
358 1781 369 1802 ,
389 1748 574 1805 perdidit
591 1761 666 1791 eos
681 1746 826 1803 quide
839 1747 961 1790 ruina
977 1749 1209 1790 animarum
1222 1760 1328 1802 gau-

228 1821 415 1874 debant3
448 1833 533 1863 una
563 1832 658 1862 cum
680 1819 732 1862 iis
753 1818 983 1874 profligans
1012 1819 1230 1862 inimicum
1253 1833 1326 1862 su-

227 1892 360 1948 perbe
389 1904 434 1933 se
465 1891 734 1937 extollentem
750 1904 766 1931 t
798 1890 939 1932 lucem
975 1889 1111 1932 oeulis
1140 1890 1290 1933 tribuit
1310 1922 1323 1944 ,

228 1977 281 2006 ne
310 1964 405 2018 quis
426 1963 590 2005 animae
611 1957 792 2003 mortem
813 1960 992 2003 videret.
1014 1963 1095 2004 Hie
1118 1961 1324 2005 mundum

225 2037 466 2089 ingressus,
498 2033 728 2088 respiciens
760 2032 976 2085 exaudiit,
1023 2032 1217 2075 dolorem
1253 2046 1323 2076 se-

227 2106 358 2148 davit.
394 2104 559 2157 Quibus
587 2103 764 2146 feliciter
791 2103 899 2145 actis
917 2133 929 2156 ,
961 2103 1094 2145 homo
1113 2103 1323 2147 beneficio

224 2179 402 2232 accepto
425 2206 438 2228 ‚
483 2164 688 2231 hymnum
727 2173 958 2228 gratiarum
995 2175 1174 2217 actionis
1211 2177 1326 2218 canit

222 2248 395 2290 dicens:
433 2266 450 2282 «ι
471 2245 652 2289 cantabo
684 2245 869 2287 Domino
886 2277 898 2299 ‚
924 2245 1000 2300 qui
1029 2245 1143 2289 hona
1174 2243 1338 2290 tribuit

231 2339 247 2355 ·
283 2319 408 2371 mihi,
435 2319 478 2360 et
499 2317 675 2373 psallam
696 2316 857 2359 nomini
882 2316 1053 2359 Domini
1083 2317 1318 2361 altissimi.»

221 2391 392 2446 Quippe
408 2402 540 2444 opere
551 2377 645 2444 ipso
660 2387 838 2430 edoctus
851 2418 864 2440 ‚
883 2387 989 2442 quid
1005 2388 1060 2430 sit
1076 2387 1181 2430 illud
1197 2401 1323 2431 oran·

222 2461 340 2502 tibus
378 2460 593 2515 praeclare
633 2459 795 2501 dictum
824 2472 847 2501 a
875 2458 1094 2501 Domino:
1139 2478 1155 2495 «ι
1182 2459 1322 2502 adhuc

231 2551 247 2566 ι»
284 2536 325 2574 te
359 2532 590 2586 loquente,
625 2530 788 2573 dicam-z
829 2543 926 2573 ecce
964 2530 1133 2573 adsum.
1157 2550 1174 2566 υ
1209 2532 1322 2574 Dicit

224 2603 422 2645 nimirum
448 2602 532 2644 sibi
570 2601 861 2644 adstantibus:
894 2601 1004 2644 bene
1042 2601 1183 2644 habeo
1201 2633 1213 2655 ‚
1246 2603 1322 2657 qui

222 2674 314 2716 voti
342 2687 520 2729 compos
541 2687 634 2716 sum
652 2674 787 2716 factus
805 2687 816 2726 ;
840 2672 1026 2728 ide'oque
1048 2673 1211 2717 nomini
1229 2674 1321 2715 Do-

223 2746 325 2788 mini
355 2745 543 2787 altissimi
570 2745 764 2800 psallam.
787 2746 988 2799 Superest
1006 2748 1056 2786 ut
1085 2743 1140 2787 ad
1159 2745 1323 2799 singula

225 2817 386 2859 tributa
414 2815 541 2859 nobis
569 2814 776 2858 beneficia
805 2827 885 2857 nos
915 2827 1089 2870 quoque
1121 2827 1322 2870 praesen-

223 2893 308 2930 tem
348 2888 554 2943 hymnum
591 2899 790 2929 canamus
826 2886 1012 2929 dicentes
1054 2898 1141 2928 non
1186 2886 1320 2929 medi-

221 2960 382 3001 tatione
412 2956 710 2999 tantummodo
740 2969 888 2999 verum
919 2958 1043 3000 etiam
1081 2957 1316 3012 psallendo.

222 3033 359 3073 Porro
391 3041 541 3071 canere
557 3059 570 3081 ‚
602 3027 921 3070 meditationem
940 3029 1180 3082 significat3
1206 3030 1319 3084 psal-

222 3102 307 3143 lere
337 3104 495 3152 autem,
531 3100 768 3154 practicum
798 3111 923 3153 opuS.

1249 217 1463 262 psaranum
1493 232 1576 261 xn.

2424 219 2515 265 167

1406 311 1565 364 &avan
1551 336 1613 372 ⁷v,
1642 316 1714 362 ἵνα
1747 316 2050 384 πεφωτισμένων
2083 322 2159 367 τῶν
2193 320 2406 386 ὀφθαλμῶν
2438 322 2516 376 τῆς

1406 388 1570 448 ψυχτς,
1619 383 1757 447 μηκέτι
1804 386 1894 451 εἴπῃ
1946 387 1965 436 ὅ
2014 388 2186 455 ἔχθρας,
2227 388 2383 452 ἵσχυσα
2416 388 2516 478 apic

1404 453 1543 504 αὐτόν·
1595 453 1728 504 σέλαι
1773 455 1936 519 νεμιζων
1988 457 2227 522 ὶσχυκὲναι,
2274 482 2340 510 ote
2382 458 2511 530 ’ἦμάρ-

1403 547 1444 575 τζ
1448 548 1536 590 μεν.

1439 694 1444 697 ·
1475 697 1495 717 α
1518 672 1576 722 Οἱ
1601 670 1715 733 θλῖβε
1719 670 1808 727 ντὲς
1833 694 1884 735 με
1908 671 2134 738 elymaide:
2117 698 2244 736 νται,
2272 678 2339 728 ὲαν
2348 688 2510 734 σαλευ·

1410 747 1536 791 »eez-
1561 741 1638 807 ἔγω
1659 741 1741 792 δὲ
1726 765 1791 793 επι
1817 747 1873 808 τῷ
1894 744 1993 792 ἐλέει
2020 768 2063 794 σ.
2067 767 2090 793 υ
2112 746 2196 798 ηλτ-
2186 770 2283 800 ισα·
2312 753 2511 817 ἀγαλλιά-

1411 838 1430 858 u
1469 835 1581 864 σεται
1616 812 1823 880 ηκαρδὶα
1858 837 1906 877 με
1890 836 1932 862 υ
1952 813 2045 866 ἐωι
2080 819 2136 880 τῷ
2167 840 2345 887 σωτηρεῳ
2379 848 2422 874 σε
2426 847 2463 873 υ.
2485 850 2505 870 »

1402 882 1518 936 Επει
1548 905 1755 951 χαιρεκακε
1740 907 1772 933 ι
1802 884 1915 941 ὄντες
1947 909 1981 934 ει
2011 865 2227 948 ἓλιρεντες
2259 913 2348 947 τίυς
2378 893 2506 944 δικαι-

1403 977 1469 1011 ους
1501 952 1643 1023 ἐχὲρει
1674 955 1950 1020 ἀγαλλιῶνται
1969 995 1982 1015 ,
2019 978 2050 1006 ει
2083 957 2260 1021 συμβαίη
2293 964 2336 1018 ἑξ
2373 964 2507 1030 ἁμαρ-

1403 1023 1497 1082 τῖας
1529 1024 1731 1092 γεγινὲναι
1762 1024 1872 1076 κλὲνε
1859 1049 1922 1084 ⁷11,
1957 1025 2040 1077 δέον
2073 1032 2347 1080 λ.υπε’ἳσθαι’
2330 1054 2395 1084 επι
2423 1057 2465 1084 τε
2469 1061 2508 1092 ις

1403 1117 1630 1148 πιπτευσιν·
1661 1098 1756 1145 ἀλλ’
1787 1100 1822 1147 εἱ
1852 1103 1919 1146 καὶ
1950 1101 2270 1164 ἀγαλλιῶνται’
2255 1123 2320 1152 επι
2346 1108 2404 1169 τῷ
2434 1129 2509 1156 σοι·

1404 1173 1426 1215 λ
1433 1166 1596 1218 ευεσὲαὲ
1631 1190 1721 1217 τινα
1757 1170 1920 1227 {actvm
1955 1167 2056 1235 ἐγω,
2091 1175 2121 1219 ὠ
2152 1169 2278 1225 dio-tm
2264 1195 2336 1223 ’τα
2357 1213 2370 1235 ,
2408 1175 2507 1226 ἐλέει

1404 1241 1461 1303 τῷ
1482 1243 1540 1303 σῷ
1563 1240 1759 1297 ἐλπίζων,
1784 1242 1827 1288 οὐ
1850 1238 2039 1304 πείσομαι
2069 1238 2090 1290 ὃ
2122 1243 2254 1291 ιδέῖν’
2240 1263 2279 1291 εν
2312 1243 2396 1308 ἐμοι
2434 1270 2509 1298 πο-

1402 1289 1480 1357 5;“
1441 1330 1561 1359 υσιν·
1594 1331 1663 1375 πρε
1651 1311 1794 1359 ’σόεκω
1823 1307 1899 1375 γὰρ
1935 1333 1979 1361 το
2018 1310 2207 1380 σωτηριᾶν
2246 1337 2316 1364 σευ
2351 1320 2508 1368 θᾶττον

1403 1377 1741 1445 παραγενὲμενεν,
1776 1383 1833 1448 ἐφ’
1863 1404 1894 1444 ῳ
1923 1384 2220 1448 ἀγαλλιᾶται”
2194 1408 2219 1437 η
2244 1383 2425 1453 καρδια
2420 1412 2466 1438 u:
2469 1410 2505 1438 υ·

1403 1454 1484 1505 πῶς
1515 1449 1592 1519 γ’ἂρ
1624 1451 1693 1500 cv'n
1726 1449 1972 1518 εὖφραινεται
2003 1476 2070 1503 και
2097 1456 2383 1519 αγαλλιᾶται“
2365 1480 2384 1506 o
2418 1482 2509 1510 πει-

1399 1544 1450 1589 ρᾳ
1479 1526 1578 1571 &ecc
1615 1521 1810 1587 σωτηρίαν
1847 1522 1988 1587 ἔχων·
1975 1563 1987 1582 .,
2029 1526 2063 1573 εἶ
2101 1524 2143 1573 δέ
2179 1550 2246 1576 και
2284 1528 2507 1617 προφητεία

1401 1591 1511 1642 ἐστιν
1543 1590 1755 1656 δηλουμένη
1787 1614 1874 1661 περι
1908 1598 1976 1643 rc&
2007 1592 2251 1646 ἑλευσεσὲαι
2288 1620 2332 1647 το
2372 1622 2506 1653 σωτη-

1397 1684 1452 1729 ρι
1436 1683 1474 1711 εν
1513 1685 1555 1712 τε·
1558 1667 1581 1712 ’ὖ
1615 1666 1715 1712 θεοῦ
1750 1662 1818 1712 τᾶν
1856 1663 2033 1730 Χριστον
2054 1705 2068 1725 ,
2115 1664 2349 1731 ἐπίσκεψαι·
2391 1668 2506 1728 σὺτες

1399 1733 1476 1800 γὰρ
1508 1731 1638 1783 ἐλὲων
1671 1731 1740 1783 ε’πι
1774 1733 1947 1802 σωτηρίᾳ
1981 1733 2102 1801 κόσμε
2087 1761 2160 1796 υ,
2195 1744 2382 1790 καθειλεν
2415 1764 2505 1799 τους

1399 1803 1607 1873 ἓφηδσμὲνε
1609 1829 1653 1861 υς
1686 1804 1749 1855 ἐπι
1782 1828 1868 1861 τοις
1899 1810 2011 1855 alma:
1994 1830 2171 1871 ευμενεις
2202 1831 2309 1858 κατα
2340 1810 2503 1876 ψυχην,

1397 1897 1471 1924 κατ
1475 1873 1636 1936 αβαλων
1674 1873 1743 1925 σὺν·
1787 1877 1924 1932 αὐτοῖς
1968 1899 2036 1926 τον
2075 1877 2228 1947 ἔχθραν
2274 1881 2342 1930 τὸν
2379 1885 2452 1947 ὖψ·
2457 1906 2504 1932 υ-

1397 1968 1488 2009 μενε
1491 1968 1512 1994 ν
1548 1943 1820 2014 ὑπερηφάνως
1864 1943 2048 2016 ὲφωτισεν
2094 1971 2185 2004 τευς
2228 1951 2468 2018 σ’φὲαλμους
2487 1994 2502 2014 ‚
2546 2008 2549 2010 ,

1397 2038 1467 2066 ινα
1497 2040 1553 2080 μη
1583 2040 1641 2072 τις
1671 2018 1737 2082 ἴδῃ
1771 2016 1838 2068 riv
1875 2041 1947 2073 της
1984 2024 2122 2083 ψυχης
2157 2018 2351 2071 θάνατον·
2389 2023 2503 2082 οὗτος

1398 2086 1644 2151 ἐπιδημησας
1664 2126 1676 2149 ,
1712 2085 1996 2175 ἑπιβλὲψας”
1969 2111 2133 2142 ηκουσεν
2156 2130 2169 2151 ‚
2203 2088 2400 2145 o'dvvrno'l
2380 2116 2503 2146 επαυ-

1398 2178 1482 2207 σεν·
1519 2156 1582 2208 ὡν
1626 2154 1989 2225 κατορθωθέντων,
2033 2161 2052 2209 o‘
2098 2156 2141 2210 εἶ
2183 2162 2334 2213 ωαὲων
2378 2187 2503 2233 χαρι-

1398 2250 1559 2295 στηρισν
1598 2228 1754 2280 ἔπινικιε
1758 2252 1778 2277 ν
1820 2227 1921 2296 ᾠδην
1965 2231 2051 2292 ᾅδει
2089 2231 2230 2298 λεγων·
2282 2258 2301 2278 α
2325 2234 2413 2296 ᾄσω
2451 2241 2507 2301 τῷ

1394 2321 1425 2342 n
1461 2298 1578 2388 κυρίῳ
1624 2303 1678 2365 τῷ
1714 2300 2018 2392 ευεργετησαντῖ
2057 2324 2140 2367 με,
2179 2326 2241 2351 και
2287 2308 2407 2369 ψαλῶ
2450 2330 2505 2358 τω

1402 2391 1427 2416 »
1463 2368 1631 2434 ὀνοματι
1668 2370 1769 2439 κυρῖε
1756 2396 1797 2421 ,υ
1835 2395 1877 2422 τε
1881 2397 1904 2421 υ
1931 2369 2124 2457 ,ὑψιστευ
2156 2398 2174 2418 »
2216 2396 2501 2441 πραγματικως

1395 2439 1541 2505 μαθων
1575 2464 1619 2491 το
1653 2464 1748 2509 προς
1782 2465 1872 2498 τσυς
1904 2441 2133 2507 εὐχεμενευς
2164 2449 2297 2500 καλῶς
2336 2445 2501 2515 λεγόμε-

1395 2535 1436 2560 νε
1439 2534 1459 2560 ν
1496 2535 1571 2563 υπο
1609 2534 1711 2578 κυριρ
1714 2533 1749 2562 υ·
1795 2538 1812 2557 α
1842 2513 1900 2564 ἔτι
1938 2536 2007 2563 σου
2042 2518 2254 2571 λαλεῧντος
2293 2519 2383 2583 ἐρω,
2423 2517 2505 2568 {dcv

1404 2605 1425 2629 ι
1460 2605 1664 2661 παρειμι.
1671 2607 1689 2627 ι
1726 2583 1833 2650 λέγει
1865 2582 1903 2634 δὲ
1939 2588 2069 2634 ταῦτα
2082 2587 2198 2674 πρὲς
2239 2585 2330 2643 τοὺς
2367 2588 2503 2638 συνόν-

1395 2675 1468 2709 τας
1497 2653 1588 2706 ndn-
1623 2676 1667 2703 ευ
1697 2653 1882 2706 πέπενὲα
1913 2677 2044 2718 τυχων
2076 2678 2128 2704 ων
2152 2656 2378 2722 ῃτησᾶμην·
2412 2662 2502 2709 ὅθεν

1394 2727 1514 2808 ψαλῶ
1550 2728 1606 2789 τῷ
1639 2723 1810 2788 ἇνόματι
1846 2748 1996 2810 κυριευ
2016 2748 2084 2775 του
2122 2726 2306 2791 υψιστσυ·
2346 2728 2406 2779 διο
2444 2732 2503 2798 ἐφ’

1397 2791 1566 2850 ἔκαστης
1601 2794 1828 2862 εὐεργεσίας
1864 2818 1947 2863 γιΨι
1948 2795 2066 2860 μένης
2106 2819 2160 2852 εις
2191 2797 2334 2861 ημᾶς,
2371 2802 2502 2863 υμνῶ-

1393 2886 1465 2927 μεν
1500 2887 1566 2913 και
1602 2868 1714 2929 ἧμεις
1751 2888 1824 2915 τον
1870 2889 1945 2934 usp:
1930 2888 2125 2929 ,κειμενεν
2166 2890 2288 2931 υμνον
2309 2907 2323 2930 ,
2361 2869 2502 2936 λέγον-

1395 2957 1462 2989 τες
1498 2957 1554 2997 μη
1589 2933 1740 3002 ἓεωριᾳ
1773 2935 1874 3002 μένῃ
1898 2973 1912 2997 ,
1958 2936 2067 2984 ἀλλὰ
2110 2961 2180 2986 και
2225 2943 2281 3002 τῷ
2313 2938 2499 3029 ψάλλειν.

1395 3003 1572 3071 Θεωριαν
1610 3028 1652 3056 το
1696 3006 1804 3067 ᾅδειν
1826 3046 1839 3066 ,
1879 3002 2071 3074 ἑνεργειαν
2109 3006 2153 3056 δὲ
2197 3030 2414 3075 πρακτικην
2439 3010 2495 3062 τό

1395 3074 1564 3139 ψάλλειν
1595 3078 1708 3129 dnae?
1744 3079 1807 3142 ’1)

1059 3206 1479 3249 PSALMUS
1538 3208 1658 3249 XIII.

219 3339 446 3439 Insipiens
478 3383 572 3425 heic
600 3383 852 3438 intelligitur
872 3397 961 3427 non
991 3385 1062 3428 ille
1092 3385 1167 3440 qui
1197 3397 1320 3427 com-

221 3456 340 3498 muni
370 3460 495 3497 sensu
528 3455 583 3496 sit
602 3467 751 3510 expers
772 3456 842 3498 vel
861 3456 1024 3499 sollerti
1043 3458 1196 3500 mentis
1218 3470 1322 3514 acu-

218 3527 331 3569 mine
350 3557 362 3579 ,
396 3526 469 3568 sed
501 3527 573 3581 qui
605 3539 690 3569 una
728 3539 779 3570 ex
810 3527 1040 3584 virtutibus
1070 3533 1184 3571 caret
1214 3541 1320 3584 pru-

219 3598 359 3641 dentia
378 3630 390 3651 ,
427 3598 477 3639 dc
512 3611 594 3652 qua
623 3599 828 3654 scriptum
860 3602 952 3640 est:
993 3618 1009 3634 κ
1030 3600 1103 3654 qui
1133 3598 1324 3655 possidet

219 3670 485 3725 prudentiam
505 3702 515 3722 ⁷
551 3670 688 3724 diligit
717 3682 762 3712 se
784 3671 940 3725 ipsum.
968 3671 1019 3712 Et
1042 3670 1117 3726 qui
1139 3670 1326 3713 custodit

218 3741 487 3797 prudentiam
506 3773 515 3794 ‚
538 3736 722 3785 inveniet
746 3740 877 3784 bona.
896 3762 911 3777 u

316 3829 345 3869 1)
369 3829 485 3861 Recole
511 3837 595 3870 qnae
618 3837 679 3861 nos
705 3828 852 3862 diximus
877 3837 909 3870 p.
940 3830 1009 3861 154.
1039 3828 1116 3861 adn.
1144 3834 1171 3862 ι.

941 3742 1100 3797 Reapse
1120 3741 1239 3796 quod
1261 3741 1330 3784 hic

2483 3384 2500 3404 ss

1383 3327 1401 3348 ἥ

1401 3340 1582 3452 Αφρων
1627 3380 1671 3432 δὲ
1709 3386 1754 3434 εὖ
1794 3389 1926 3435 κεινῶν
1975 3383 2125 3435 ἐννοιῶν
2174 3384 2429 3451 λειπὸμενος,
2474 3410 2500 3440 η

1396 3476 1470 3510 της
1509 3477 1581 3505 συν
1618 3453 1808 3509 δεινότητι
1847 3453 2111 3543 ἓντρεχειας,
2148 3454 2259 3546 oilla
2299 3480 2371 3514 της
2407 3461 2502 3522 μιᾶς

1399 3529 1474 3574 τῶν
1505 3527 1651 3611 &pez-<23²2
1682 3524 1918 3610 φρενησειις,
1952 3548 2044 3593 crepe
2075 3551 2139 3584 ης
2158 3526 2400 3594 γέγραπται·
2435 3549 2461 3575 ι(
2481 3527 2500 3576 ὅ

1402 3615 1427 3643 ³)
1463 3617 1658 3658 κτωμενες
1692 3595 1900 3664 φρόνησιν,
1933 3598 2076 3663 ἀγαπᾷ
2107 3596 2268 3649 ἔαυτόν·
2297 3621 2363 3647 και
2390 3601 2410 3647 ὅ
2433 3620 2500 3666 φυ-

1402 3688 1427 3713 >›
1465 3664 1625 3716 λασσων
1663 3665 1877 3734 φρὸνησιν,
1921 3666 2068 3736 cup-riost
2106 3667 2268 3736 ἀγαθά·
2294 3689 2318 3716 »
2360 3670 2419 3717 ὅτι
2458 3666 2500 3716 δὲ

1402 3733 1508 3801 εἰχεν
1554 3758 1627 3789 την
1671 3759 1835 3805 φυσικην
1878 3737 2104 3806 ἐντρέχειαν
2126 3778 2141 3799 ,
2189 3761 2431 3806 σαριστησιν
2474 3762 2500 3790 η

2542 3389 2579 3482 riu<

2598 3386 2623 3480 5⁸52*

2645 3420 2690 3480 35⁵2
