2996 4432
1210 244 1450 280 nonacris·
2399 232 2461 281 69

208 353 340 387 avus
378 345 429 387 et
470 333 613 397 avia,
651 342 833 386 atavus
868 342 922 384 et
955 330 1152 395 atavia,
1186 332 1414 385 tritavus
1457 332 1767 384 ettritavia.
1807 331 2090 385 Sciendum
2126 343 2300 384 tamen
2342 343 2465 396 est,

209 420 338 490 quia
367 419 465 490 qui
497 419 554 469 in
589 417 779 469 arbore
811 415 1112 486 parentelae
1148 415 1287 468 filius
1310 415 1476 486 patris
1505 416 1725 485 legitur,
1758 416 1995 486 trinepos
2020 427 2098 468 est
2126 416 2333 480 tritavi,
2361 417 2459 487 qui

213 503 259 553 si
294 514 445 572 pater
485 519 596 553 esse
626 500 887 569 coeperit,
926 498 1038 550 eius
1072 498 1242 562 filius,
1284 498 1379 569 qui
1415 508 1467 549 et
1502 515 1670 568 nepos
1700 509 1777 549 est
1805 499 1914 561 avi,
1953 499 2038 550 cui
2075 511 2128 551 et
2159 499 2348 551 ‘tertius
2381 510 2460 550 est

214 586 269 636 in
307 583 508 654 gradu,
543 581 611 635 ad
639 582 888 633 tritavum
925 582 1090 652 patris
1131 581 1207 633 nil
1243 580 1487 634 attinebit
1515 580 1630 632 iure
1661 581 2090 652 propinquitatis.
2131 582 2294 634 Cuius
2323 581 2461 633 filius

210 683 479 737 pronepos
516 676 594 716 est
627 665 740 716 eius
770 664 863 734 qui
899 682 1029 715 avus
1065 675 1143 716 est
1177 664 1368 735 patriS,
1406 675 1460 715 et
1496 675 1716 734 quartus
1753 675 1830 716 est
1865 666 1922 715 in
1958 664 2154 734 gradu:
2197 665 2287 735 qui
2316 665 2358 716 si
2381 683 2460 735 ge-

208 749 385 802 nuerit
422 748 587 799 filium
602 785 617 810 ,
644 747 757 799 eius
780 746 918 798 filius
941 746 1180 818 adnepos
1204 746 1302 798 erit
1332 746 1380 798 ei
1397 786 1412 809 ,
1444 747 1530 798 cui
1560 764 1828 818 pronepos
1851 757 1926 798 est
1948 758 2100 817 pater
2116 787 2132 810 ,
2161 758 2214 799 et
2238 747 2461 817 quintus

208 843 289 882 est
331 831 388 880 in
424 827 610 900 gradu.
653 830 752 880 Hic
788 847 973 880 rursus
1018 829 1061 880 si
1097 829 1365 899 genuerit,
1415 829 1526 880 eius
1568 828 1708 880 filius
1745 827 1979 899 adnepos
2014 840 2091 880 est
2125 829 2268 891 eiuS,
2308 830 2461 881 cuius

212 913 454 984 adnepos
484 923 561 965 est
583 923 762 983 pater,
790 923 843 964 et
867 923 1045 964 sextus
1069 924 1148 964 est
1183 912 1240 963 in
1271 909 1457 981 gradu.
1496 910 1658 977 Quod
1692 911 1734 962 si
1769 922 1822 963 et
1850 911 1937 962 hic
1963 911 2232 980 genuerit,
2263 911 2375 963 eius
2409 911 2461 976 fi-

213 996 314 1047 lius
343 996 589 1066 ,trinepos
626 1007 733 1059 est,
773 997 858 1048 cui
895 994 1131 1066 adnepos
1165 1006 1241 1046 est
1275 1006 1458 1065 pater,
1500 1005 1552 1045 et
1587 995 1840 1065 septimns
1871 1004 1949 1046 est
1985 994 2043 1044 in
2078 993 2263 1064 gradu.
2309 994 2461 1047 Ultra

212 1080 342 1131 haec
378 1098 490 1130 non
526 1090 651 1130 sunt
686 1080 900 1130 nomina
937 1078 1408 1149 consanquinitatis
1452 1078 1508 1129 in
1543 1078 1839 1148 parentela,
1888 1087 2099 1148 praeter
2139 1078 2461 1129 avunculum

210 1174 265 1214 et
299 1173 624 1214 materteram
662 1174 714 1214 et
748 1174 996 1233 patruum
1035 1173 1088 1213 et
1123 1163 1331 1213 amitam
1367 1172 1420 1212 et
1465 1179 1529 1212 ex
1567 1161 1648 1212 his
1692 1159 2034 1232 prodeuntia.
2074 1160 2266 1211 Errant
2301 1160 2462 1231 igitur

211 1246 308 1316 qui
355 1256 574 1316 propter
609 1245 977 1316 apocryphum
1029 1244 1342 1316 capitulum,
1383 1244 1425 1296 si
1461 1243 1564 1296 dici
1599 1244 1677 1295 fas
1721 1255 1800 1296 est
1846 1243 2134 1314 capitulum
2178 1243 2324 1295 nulla
2370 1262 2463 1297 au-

212 1327 454 1379 ctoritate
491 1327 809 1390 subnixum,
850 1337 1094 1397 nepotem
1130 1327 1367 1398 nepotiS,
1407 1338 1460 1378 et
1495 1338 1736 1396 neptem,
1776 1325 1982 1378 addunt
2016 1326 2072 1378 in
2108 1323 2261 1378 linea.¹

326 1411 442 1479 147.
484 1409 681 1461 Bonizo
718 1411 1015 1481 episcopus.
1060 1410 1203 1461 Haec
1243 1409 1309 1461 de
1353 1409 1699 1461 fornicatione
1736 1408 1875 1461 dicta
1910 1408 2187 1460 sufficiant.
2227 1408 2360 1460 Nam
2396 1409 2463 1462 de

212 1493 364 1544 tertia
405 1491 774 1554 fornicatione,
810 1511 947 1562 quac
975 1492 1187 1543 minima
1217 1503 1462 1556 vocatur,
1502 1492 1623 1544 licet
1662 1492 1730 1544 sit
1765 1492 2031 1544 mortifera
2061 1493 2464 1564 propinquitate

213 1576 443 1627 criminis
465 1615 478 1638 ,
519 1587 571 1627 et
605 1594 704 1646 pro
741 1575 990 1645 dignitate
1026 1593 1371 1646 personarum
1408 1575 1526 1645 plus
1562 1575 1801 1627 minusve
1835 1574 2141 1645 plectenda,
2177 1574 2464 1627 sacerdotis

215 1659 507 1710 subiacebit
547 1659 783 1711 arbitrio.
814 1659 972 1711 Nunc
1008 1677 1135 1710 vero
1176 1671 1498 1710 transeamus
1534 1657 1602 1710 ad
1637 1669 1808 1710 cetera
1831 1699 1843 1722 ,
1878 1669 1930 1709 ct
1952 1659 2180 1729 primum
2205 1658 2271 1710 de
2296 1660 2465 1711 homi-

213 1741 354 1793 cidio
379 1741 706 1794 disseramus.
738 1741 1096 1794 Homicidium
1128 1751 1502 1812 peccatumest
1526 1741 1872 1792 inhumanum
1898 1753 2058 1811 atque
2083 1742 2459 1811 gravissimum,

210 1823 364 1895 quod
406 1825 603 1877 invidia
633 1825 932 1877 stimulante
968 1836 1284 1895 conceptum
1323 1836 1416 1876 est.
1458 1824 1550 1875 Ille
1573 1824 1713 1875 enim
1750 1825 1844 1894 qui
1879 1835 2028 1894 pater
2064 1836 2141 1876 est
2177 1824 2458 1888 mendacii,

215 1907 479 1959 homicida
510 1908 610 1959 fuit
646 1907 714 1959 ab
751 1908 932 1971 initio,
970 1908 1065 1978 qui
1100 1908 1331 1960 invidiae
1367 1906 1476 1959 zelo
1502 1926 1813 1970 succensus,
1843 1907 2106 1959 hominem
2137 1909 2193 1959 in
2216 1908 2463 1979 paradiso

213 1991 442 2060 positum
478 1990 647 2042 fallaci
682 1991 1022 2061 persuasione
1058 2009 1327 2061 aggressus
1364 1989 1595 2061 decepit,
1636 1989 1860 2052 occidit,
1908 2001 1960 2042 et
1998 1990 2064 2041 ab
2101 1990 2328 2042 incolatu
2369 2011 2474 2062 pa«

215 2071 375 2123 radisi
412 2073 630 2142 pellicea
652 2084 793 2125 veste
831 2072 1210 2125 circumdatum
1243 2073 1518 2137 alienavit,
1547 2085 1599 2126 et
1622 2085 1792 2125 terrae
1815 2072 2119 2126 maledictae
2143 2075 2465 2145 inquilinum

211 2157 516 2225 aerumpnis
552 2175 611 2207 ac
650 2156 868 2207 miseriis
905 2157 1027 2208 fecit
1062 2157 1373 2208 obnoxium.
1415 2157 1524 2222 Qui
1559 2168 1741 2227 postea
1777 2156 2011 2208 eiusdem
2046 2157 2202 2227 primi
2242 2159 2466 2210 hominis

215 2238 457 2291 invidens
493 2239 803 2310 propagini,
843 2250 1069 2291 mentem
1105 2240 1438 2310 primogeniti
1475 2240 1703 2291 hominis
1738 2240 1954 2302 invasit,
1999 2252 2050 2291 et
2086 2239 2310 2292 invidiae
2356 2242 2467 2293 face

213 2322 465 2384 armavit,
506 2334 559 2373 et
594 2323 844 2374 miserum
875 2323 1142 2374 hominem
1186 2321 1253 2374 ad
1298 2321 1643 2375 fratricidium
1687 2322 1942 2374 incitavit.
1992 2323 2100 2388 Qui
2146 2342 2244 2375 nec
2292 2322 2470 2375 divina

218 2423 347 2456 voce
382 2417 657 2475 correptus
701 2406 934 2476 quievit3
976 2417 1028 2457 et
1071 2405 1339 2476 quaesitus
1373 2425 1403 2457 a
1439 2405 1697 2456 Domino:
1742 2405 1833 2456 nbi
1857 2417 1932 2456 est
1954 2406 2097 2456 Abel
2103 2408 2287 2475 frater
2308 2419 2460 2469 taus,

216 2488 506 2559 procaciter
542 2489 754 2560 negavit
789 2487 999 2554 dicens,
1039 2489 1234 2540 nescio.
1270 2489 1336 2540 Et
1367 2499 1652 2559 postquam
1687 2500 1960 2558 peccatum
1996 2508 2150 2540 suum
2187 2489 2335 2559 quod
2373 2489 2476 2541 do-

218 2570 326 2621 lose
361 2582 414 2621 et
461 2570 714 2622 absconse
758 2582 1181 2642 perpetraverat,
1230 2572 1459 2622 Domino
1505 2571 1818 2641 propalante
1869 2571 2153 2623 revelatum
2196 2572 2468 2641 cognovit,

218 2672 328 2706 non
366 2654 742 2723 paenitentiam
779 2655 1067 2724 quaesivit,
1107 2651 1200 2705 sed
1237 2653 1529 2724 desperavit
1555 2653 1762 2705 dicens:
1792 2654 1958 2706 maior
1982 2665 2059 2705 est
2082 2655 2334 2725 iniquitas
2359 2673 2472 2706 mea

217 2755 378 2806 quam
412 2748 473 2787 ut
517 2737 722 2789 veniam
759 2755 977 2788 merear.
1019 2737 1182 2789 Cuius
1217 2737 1503 2788 imitatores
1538 2736 1661 2787 facti
1700 2747 1825 2787 sunt
1859 2736 2153 2789 homicidae
2189 2748 2338 2789 tanto
2363 2755 2474 2808 per·

219 2819 498 2883 versiores,
539 2831 743 2889 quanto
781 2838 878 2870 nec
915 2819 1054 2870 illius
1090 2817 1352 2870 maledicti
1386 2819 1745 2889 perterrefacti
1781 2819 2052 2871 miraculo.
2082 2820 2189 2885 Qui
2214 2821 2474 2891 profugus

218 2920 378 2972 super
413 2913 605 2953 terram
642 2913 695 2953 et
729 2903 1013 2965 tremulus,
1052 2913 1272 2953 mortem
1310 2902 1465 2953 etiam
1501 2921 1660 2972 quam
1697 2912 1996 2972 optaverat,
2025 2920 2193 2972 usque
2219 2901 2285 2953 ad
2324 2902 2475 2972 septi-

222 3003 356 3034 mam
402 3002 525 3035 suae
560 2985 971 3053 regenerationis
1013 2985 1320 3055 progeniem
1355 2985 1445 3036 vix
1481 2985 1717 3037 emeruit.
1766 2986 1832 3036 Et
1866 2986 1953 3036 ille
1989 2985 2204 3055 quidem
2247 2986 2362 3056 lege
2399 2997 2475 3037 te-

218 3067 446 3118 nebatur
488 3068 733 3119 astrictus
769 3067 1030 3119 naturali:
1083 3068 1194 3119 eius
1230 3085 1356 3119 vero
1393 3085 1639 3138 sequaces
1676 3087 1786 3119 non
1824 3069 1993 3119 solum
2030 3068 2285 3130 naturali,
2327 3068 2476 3139 quod

163 3147 168 3153 ’
224 3149 322 3200 tibi
366 3167 476 3200 non
518 3150 621 3212 vis,
669 3150 782 3201 aliis
834 3168 902 3200 ne
950 3149 1139 3212 facieS‚
1192 3149 1286 3201 sed
1329 3150 1483 3201 etiam
1531 3151 1867 3222 praeceptiva
1910 3170 2018 3222 qua
2061 3152 2318 3222 scriptum
2362 3163 2469 3203 est:

215 3233 407 3303 diliges
443 3233 726 3298 ‹lomjnzcm
764 3233 942 3284 Deum
980 3243 1165 3294 taam,
1211 3243 1261 3283 et
1286 3232 1603 3304 proximam
1629 3244 1784 3285 taum
1808 3233 1948 3284 sicat
1972 3245 2021 3285 te
2047 3235 2245 3305 ipsam.
2274 3235 2338 3285 Et
2362 3252 2477 3285 non

223 3314 390 3364 solum
427 3314 677 3377 mosaica,
719 3313 810 3365 sed
847 3314 994 3384 quod
1023 3315 1142 3385 plus
1176 3327 1284 3378 est,
1328 3317 1492 3387 ipsius
1521 3318 1735 3368 Domini
1777 3329 2027 3370 tenentur
2062 3318 2311 3371 mandato
2349 3337 2476 3370 con·

225 3396 391 3447 stricti
426 3395 648 3447 dicentis
680 3397 721 3447 ἰ;
764 3397 874 3448 nisi
913 3397 1258 3450 abundaverit
1296 3399 1508 3450 iustitia
1551 3401 1713 3452 vesira
1729 3401 1864 3471 plus
1897 3421 2062 3472 qaam
2091 3402 2385 3453 scribarum
2428 3413 2477 3452 et

213 3478 625 3549 pharisaeorum
649 3520 663 3541 ‚
711 3499 821 3532 non
860 3480 1132 3533 intrabitis
1181 3483 1241 3534 in
1278 3501 1497 3556 regnum
1541 3483 1828 3534 caelorum.
1874 3485 1940 3535 Et
1974 3495 2095 3555 post
2135 3503 2334 3555 pauca:
2385 3502 2473 3554 ego

220 3573 402 3612 autem
440 3562 555 3613 dieo
593 3562 729 3614 vobis
766 3581 877 3614 non
915 3563 1146 3615 resistere
1182 3565 1353 3627 malo,
1388 3583 1482 3617 nee
1505 3564 1710 3616 reddere
1735 3566 2151 3618 vicissitudinem
2167 3585 2269 3637 pro
2304 3566 2468 3627 malo,

225 3656 279 3695 et
311 3655 499 3696 cetera·
526 3663 665 3715 quae
709 3644 777 3697 ad
812 3645 1040 3715 proximi
1077 3645 1412 3699 dilectionem
1436 3647 1703 3718 pertinere
1737 3648 2003 3700 videntur.
2042 3649 2319 3700 Enimvero
2352 3648 2477 3718 quia

222 3729 403 3778 omnia
443 3738 656 3797 peccata
677 3768 690 3792 ,
730 3727 1015 3780 mediatore
1052 3741 1414 3793 sacramente,
1443 3741 1568 3801 post
1609 3731 2003 3801 paenitudinem
2022 3773 2036 3797 ,
2078 3732 2120 3783 si
2156 3730 2314 3799 digne
2354 3749 2476 3800 pae-

227 3810 514 3877 nituerint,
554 3822 824 3864 merentur
858 3812 1096 3879 veniam,
1131 3811 1413 3866 dicendum
1448 3823 1526 3867 cst
1555 3812 1621 3866 de
1658 3814 1741 3867 his
1778 3815 1873 3886 qui
1908 3816 2012 3869 hoc
2048 3823 2319 3886 peccatum
2354 3831 2478 3884 pec-—

2508 1421 2577 1452 cod.
2596 1421 2616 1451 f.
2633 1426 2678 1451 69.
2695 1420 2728 1450 lv.

2509 1923 2577 1953 eod.
2596 1923 2618 1952 1.
2639 1926 2683 1951 70.
2701 1929 2732 1950 a.

2522 3426 2537 3442 ⁸
2547 3423 2658 3454 matth.
2667 3422 2701 3453 V,
2708 3425 2802 3451 203⁹.
