<?xml version="1.0" encoding="UTF-8"?>
<!DOCTYPE html PUBLIC "-//W3C//DTD XHTML 1.0 Transitional//EN"
    "http://www.w3.org/TR/xhtml1/DTD/xhtml1-transitional.dtd">
<html xmlns="http://www.w3.org/1999/xhtml" xml:lang="en" lang="en">
 <head>
  <title>
</title>
<meta http-equiv="Content-Type" content="text/html;charset=utf-8" />
  <meta name='ocr-system' content='tesseract 3.04.00' />
  <meta name='ocr-capabilities' content='ocr_page ocr_carea ocr_par ocr_line ocrx_word'/>
</head>
<body>
  <div class='ocr_page' id='page_1' title='image "./novaepatrumbibli07maiauoft/novaepatrumbibli07maiauoft_0792.png"; bbox 0 0 2996 4432; ppageno 0'>
   <div class='ocr_carea' id='block_1_1' title="bbox 225 2688 441 2717">
    <p class='ocr_par' dir='ltr' id='par_1_1' title="bbox 225 2688 441 2717">
     <span class='ocr_line' id='line_1_1' title="bbox 225 2688 441 2717; baseline 0 0"><span class='ocrx_word' id='word_1_1' title='bbox 225 2688 293 2717; x_wconf 76' lang='lat' dir='ltr'>eod.</span> <span class='ocrx_word' id='word_1_2' title='bbox 311 2688 330 2717; x_wconf 80' lang='lat' dir='ltr'>l&#39;.</span> <span class='ocrx_word' id='word_1_3' title='bbox 348 2692 391 2717; x_wconf 66' lang='lat'>34.</span> <span class='ocrx_word' id='word_1_4' title='bbox 414 2694 441 2717; x_wconf 81' lang='lat' dir='ltr'>a.</span> 
     </span>
    </p>
   </div>
   <div class='ocr_carea' id='block_1_2' title="bbox 498 250 1798 297">
    <p class='ocr_par' dir='ltr' id='par_1_2' title="bbox 498 250 1798 297">
     <span class='ocr_line' id='line_1_2' title="bbox 498 250 1798 297; baseline 0.001 -2"><span class='ocrx_word' id='word_1_5' title='bbox 498 250 561 295; x_wconf 64' lang='lat'>40</span> <span class='ocrx_word' id='word_1_6' title='bbox 1466 263 1526 295; x_wconf 73' lang='lat' dir='ltr'>Ex</span> <span class='ocrx_word' id='word_1_7' title='bbox 1570 263 1699 297; x_wconf 72' lang='grc'>1111110</span> <span class='ocrx_word' id='word_1_8' title='bbox 1732 263 1798 297; x_wconf 80' lang='lat' dir='ltr'>1v.</span> 
     </span>
    </p>
   </div>
   <div class='ocr_carea' id='block_1_3' title="bbox 496 342 2768 1748">
    <p class='ocr_par' dir='ltr' id='par_1_3' title="bbox 497 342 2768 897">
     <span class='ocr_line' id='line_1_3' title="bbox 556 342 2768 423; baseline 0.005 -26"><span class='ocrx_word' id='word_1_9' title='bbox 556 379 560 382; x_wconf 92' lang='lat'><em>-</em></span> <span class='ocrx_word' id='word_1_10' title='bbox 606 346 692 417; x_wconf 85' lang='lat'>95.</span> <span class='ocrx_word' id='word_1_11' title='bbox 732 344 941 396; x_wconf 65' lang='lat' dir='ltr'>&gt;Marcus</span> <span class='ocrx_word' id='word_1_12' title='bbox 978 343 1192 396; x_wconf 89' lang='lat' dir='ltr'>natione</span> <span class='ocrx_word' id='word_1_13' title='bbox 1229 362 1480 399; x_wconf 87' lang='lat' dir='ltr'>romanus</span> <span class='ocrx_word' id='word_1_14' title='bbox 1503 348 1630 401; x_wconf 89' lang='lat' dir='ltr'>huic</span> <span class='ocrx_word' id='word_1_15' title='bbox 1655 342 1902 401; x_wconf 85' lang='lat' dir='ltr'>successit</span> <span class='ocrx_word' id='word_1_16' title='bbox 1926 348 1985 401; x_wconf 89' lang='lat' dir='ltr'>in</span> <span class='ocrx_word' id='word_1_17' title='bbox 2008 349 2332 423; x_wconf 88' lang='lat' dir='ltr'>episcopatu.</span> <span class='ocrx_word' id='word_1_18' title='bbox 2365 351 2467 404; x_wconf 89' lang='lat' dir='ltr'>Hic</span> <span class='ocrx_word' id='word_1_19' title='bbox 2492 355 2768 409; x_wconf 85' lang='lat' dir='ltr'>constituit</span> 
     </span>
     <span class='ocr_line' id='line_1_4' title="bbox 499 426 2768 506; baseline 0.004 -25"><span class='ocrx_word' id='word_1_20' title='bbox 499 432 554 481; x_wconf 90' lang='lat' dir='ltr'>in</span> <span class='ocrx_word' id='word_1_21' title='bbox 593 429 809 481; x_wconf 89' lang='lat' dir='ltr'>ecclesia</span> <span class='ocrx_word' id='word_1_22' title='bbox 846 427 1093 479; x_wconf 89' lang='lat' dir='ltr'>omnibus</span> <span class='ocrx_word' id='word_1_23' title='bbox 1127 426 1315 481; x_wconf 76' lang='lat' dir='ltr'>diebus</span> <span class='ocrx_word' id='word_1_24' title='bbox 1353 428 1631 484; x_wconf 85' lang='lat' dir='ltr'><strong>dominicis</strong></span> <span class='ocrx_word' id='word_1_25' title='bbox 1668 443 1721 484; x_wconf 91' lang='lat' dir='ltr'>et</span> <span class='ocrx_word' id='word_1_26' title='bbox 1756 431 2014 485; x_wconf 89' lang='lat' dir='ltr'>nataliciis</span> <span class='ocrx_word' id='word_1_27' title='bbox 2055 434 2417 505; x_wconf 88' lang='lat' dir='ltr'>apostolorum</span> <span class='ocrx_word' id='word_1_28' title='bbox 2455 448 2578 506; x_wconf 87' lang='lat' dir='ltr'>post</span> <span class='ocrx_word' id='word_1_29' title='bbox 2611 456 2768 491; x_wconf 89' lang='lat' dir='ltr'>evan-</span> 
     </span>
     <span class='ocr_line' id='line_1_5' title="bbox 498 511 2767 586; baseline 0.004 -21"><span class='ocrx_word' id='word_1_30' title='bbox 498 513 693 583; x_wconf 85' lang='lat' dir='ltr'>gelium</span> <span class='ocrx_word' id='word_1_31' title='bbox 730 511 1030 582; x_wconf 90' lang='lat' dir='ltr'>symbolum</span> <span class='ocrx_word' id='word_1_32' title='bbox 1065 511 1132 563; x_wconf 90' lang='lat' dir='ltr'>ab</span> <span class='ocrx_word' id='word_1_33' title='bbox 1170 513 1314 564; x_wconf 90' lang='lat' dir='ltr'>omni</span> <span class='ocrx_word' id='word_1_34' title='bbox 1351 513 1594 570; x_wconf 87' lang='lat' dir='ltr'>Cleroet</span> <span class='ocrx_word' id='word_1_35' title='bbox 1631 515 1838 586; x_wconf 92' lang='lat' dir='ltr'>populo</span> <span class='ocrx_word' id='word_1_36' title='bbox 1875 516 1977 568; x_wconf 87' lang='lat' dir='ltr'>alta</span> <span class='ocrx_word' id='word_1_37' title='bbox 2013 535 2144 568; x_wconf 89' lang='lat' dir='ltr'>voce</span> <span class='ocrx_word' id='word_1_38' title='bbox 2174 516 2459 570; x_wconf 90' lang='lat' dir='ltr'>decantari.</span> <span class='ocrx_word' id='word_1_39' title='bbox 2491 519 2557 572; x_wconf 87' lang='lat' dir='ltr'>Et</span> <span class='ocrx_word' id='word_1_40' title='bbox 2580 521 2668 573; x_wconf 87' lang='lat' dir='ltr'>hic</span> <span class='ocrx_word' id='word_1_41' title='bbox 2691 541 2767 575; x_wconf 93' lang='lat' dir='ltr'>re-</span> 
     </span>
     <span class='ocr_line' id='line_1_6' title="bbox 499 595 2764 671; baseline 0.004 -24"><span class='ocrx_word' id='word_1_42' title='bbox 499 596 700 667; x_wconf 85' lang='lat' dir='ltr'>quievit</span> <span class='ocrx_word' id='word_1_43' title='bbox 734 596 790 647; x_wconf 90' lang='lat' dir='ltr'>in</span> <span class='ocrx_word' id='word_1_44' title='bbox 827 614 986 666; x_wconf 89' lang='lat' dir='ltr'>pace,</span> <span class='ocrx_word' id='word_1_45' title='bbox 1028 606 1081 647; x_wconf 90' lang='lat' dir='ltr'>et</span> <span class='ocrx_word' id='word_1_46' title='bbox 1116 595 1355 666; x_wconf 89' lang='lat' dir='ltr'>sepultus</span> <span class='ocrx_word' id='word_1_47' title='bbox 1391 608 1468 649; x_wconf 92' lang='lat' dir='ltr'>est</span> <span class='ocrx_word' id='word_1_48' title='bbox 1504 598 1560 648; x_wconf 92' lang='lat' dir='ltr'>in</span> <span class='ocrx_word' id='word_1_49' title='bbox 1598 597 1816 650; x_wconf 90' lang='lat' dir='ltr'>ecclesia</span> <span class='ocrx_word' id='word_1_50' title='bbox 1851 597 1993 650; x_wconf 88' lang='lat' dir='ltr'>beati</span> <span class='ocrx_word' id='word_1_51' title='bbox 2016 599 2156 651; x_wconf 87' lang='lat' dir='ltr'>Petri</span> <span class='ocrx_word' id='word_1_52' title='bbox 2182 601 2438 671; x_wconf 90' lang='lat' dir='ltr'>apostoli,</span> <span class='ocrx_word' id='word_1_53' title='bbox 2473 603 2624 654; x_wconf 85' lang='lat' dir='ltr'>cuius</span> <span class='ocrx_word' id='word_1_54' title='bbox 2648 604 2764 656; x_wconf 91' lang='lat' dir='ltr'>fun·</span> 
     </span>
     <span class='ocr_line' id='line_1_7' title="bbox 497 678 2758 753; baseline 0.004 -23"><span class='ocrx_word' id='word_1_55' title='bbox 497 678 742 731; x_wconf 78' lang='lat' dir='ltr'>(lamenta</span> <span class='ocrx_word' id='word_1_56' title='bbox 788 678 1167 730; x_wconf 79' lang='lat' dir='ltr'>Constantinus</span> <span class='ocrx_word' id='word_1_57' title='bbox 1212 679 1498 749; x_wconf 90' lang='lat' dir='ltr'>imperator</span> <span class='ocrx_word' id='word_1_58' title='bbox 1532 690 1722 732; x_wconf 89' lang='lat' dir='ltr'>octavo</span> <span class='ocrx_word' id='word_1_59' title='bbox 1760 678 1846 730; x_wconf 89' lang='lat' dir='ltr'>die</span> <span class='ocrx_word' id='word_1_60' title='bbox 1889 691 2010 751; x_wconf 90' lang='lat' dir='ltr'>post</span> <span class='ocrx_word' id='word_1_61' title='bbox 2043 680 2301 753; x_wconf 86' lang='lat' dir='ltr'>baptisma</span> <span class='ocrx_word' id='word_1_62' title='bbox 2337 702 2518 749; x_wconf 89' lang='lat' dir='ltr'>suum,</span> <span class='ocrx_word' id='word_1_63' title='bbox 2565 695 2758 738; x_wconf 91' lang='lat' dir='ltr'>terram</span> 
     </span>
     <span class='ocr_line' id='line_1_8' title="bbox 499 761 2759 839; baseline 0.004 -25"><span class='ocrx_word' id='word_1_64' title='bbox 499 764 716 834; x_wconf 86' lang='lat' dir='ltr'><strong>ipsemet</strong></span> <span class='ocrx_word' id='word_1_65' title='bbox 753 761 983 826; x_wconf 77' lang='lat' dir='ltr'>fodienS,</span> <span class='ocrx_word' id='word_1_66' title='bbox 1024 762 1226 833; x_wconf 90' lang='lat' dir='ltr'>primus</span> <span class='ocrx_word' id='word_1_67' title='bbox 1262 763 1515 834; x_wconf 89' lang='lat' dir='ltr'>imposuit</span> <span class='ocrx_word' id='word_1_68' title='bbox 1532 802 1545 826; x_wconf 95' lang='lat'>,</span> <span class='ocrx_word' id='word_1_69' title='bbox 1586 774 1642 814; x_wconf 89' lang='lat' dir='ltr'>et</span> <span class='ocrx_word' id='word_1_70' title='bbox 1666 761 1734 814; x_wconf 88' lang='lat' dir='ltr'>ad</span> <span class='ocrx_word' id='word_1_71' title='bbox 1759 761 1915 814; x_wconf 86' lang='lat' dir='ltr'>finem</span> <span class='ocrx_word' id='word_1_72' title='bbox 1938 803 1951 824; x_wconf 94' lang='lat'>,</span> <span class='ocrx_word' id='word_1_73' title='bbox 1979 774 2044 815; x_wconf 89' lang='lat' dir='ltr'>ut</span> <span class='ocrx_word' id='word_1_74' title='bbox 2070 774 2146 816; x_wconf 85' lang='lat' dir='ltr'>est</span> <span class='ocrx_word' id='word_1_75' title='bbox 2169 784 2384 819; x_wconf 90' lang='lat' dir='ltr'>cernere</span> <span class='ocrx_word' id='word_1_76' title='bbox 2400 808 2415 832; x_wconf 93' lang='lat'>,</span> <span class='ocrx_word' id='word_1_77' title='bbox 2442 787 2612 839; x_wconf 81' lang='lat' dir='ltr'>usque</span> <span class='ocrx_word' id='word_1_78' title='bbox 2636 787 2759 839; x_wconf 86' lang='lat' dir='ltr'>per-</span> 
     </span>
     <span class='ocr_line' id='line_1_9' title="bbox 501 845 673 897; baseline -0.012 0"><span class='ocrx_word' id='word_1_79' title='bbox 501 845 673 897; x_wconf 86' lang='lat' dir='ltr'>duxit.</span> 
     </span>
    </p>

    <p class='ocr_par' dir='ltr' id='par_1_4' title="bbox 499 927 2761 1254">
     <span class='ocr_line' id='line_1_10' title="bbox 605 927 2761 1003; baseline 0.004 -23"><span class='ocrx_word' id='word_1_80' title='bbox 605 930 691 999; x_wconf 85' lang='lat'>96.</span> <span class='ocrx_word' id='word_1_81' title='bbox 734 927 901 980; x_wconf 90' lang='lat' dir='ltr'>Iulius</span> <span class='ocrx_word' id='word_1_82' title='bbox 926 928 1140 980; x_wconf 89' lang='lat' dir='ltr'>natione</span> <span class='ocrx_word' id='word_1_83' title='bbox 1175 946 1426 980; x_wconf 89' lang='lat' dir='ltr'>romanus</span> <span class='ocrx_word' id='word_1_84' title='bbox 1461 938 1586 997; x_wconf 89' lang='lat' dir='ltr'>post</span> <span class='ocrx_word' id='word_1_85' title='bbox 1622 928 1768 980; x_wconf 90' lang='lat' dir='ltr'>hunc</span> <span class='ocrx_word' id='word_1_86' title='bbox 1803 928 2044 999; x_wconf 88' lang='lat' dir='ltr'>papalem</span> <span class='ocrx_word' id='word_1_87' title='bbox 2080 932 2311 1001; x_wconf 79' lang='lat' dir='ltr'>suscepit</span> <span class='ocrx_word' id='word_1_88' title='bbox 2335 933 2554 1003; x_wconf 81' lang='lat' dir='ltr'>apicem.</span> <span class='ocrx_word' id='word_1_89' title='bbox 2587 935 2761 988; x_wconf 90' lang='lat' dir='ltr'>Huius</span> 
     </span>
     <span class='ocr_line' id='line_1_11' title="bbox 499 1010 2761 1083; baseline 0.003 -19"><span class='ocrx_word' id='word_1_90' title='bbox 499 1031 564 1064; x_wconf 85' lang='lat' dir='ltr'>ex</span> <span class='ocrx_word' id='word_1_91' title='bbox 600 1024 885 1083; x_wconf 90' lang='lat' dir='ltr'>praecepto</span> <span class='ocrx_word' id='word_1_92' title='bbox 921 1011 1201 1062; x_wconf 83' lang='lat' dir='ltr'>orientales</span> <span class='ocrx_word' id='word_1_93' title='bbox 1236 1010 1468 1081; x_wconf 88' lang='lat' dir='ltr'>episcopi</span> <span class='ocrx_word' id='word_1_94' title='bbox 1505 1011 1732 1062; x_wconf 85' lang='lat' dir='ltr'>thronos</span> <span class='ocrx_word' id='word_1_95' title='bbox 1767 1029 1891 1063; x_wconf 87' lang='lat' dir='ltr'>suos</span> <span class='ocrx_word' id='word_1_96' title='bbox 1925 1029 2188 1083; x_wconf 84' lang='lat' dir='ltr'>recepere.</span> <span class='ocrx_word' id='word_1_97' title='bbox 2227 1014 2292 1067; x_wconf 82' lang='lat' dir='ltr'>Et</span> <span class='ocrx_word' id='word_1_98' title='bbox 2322 1015 2409 1068; x_wconf 90' lang='lat' dir='ltr'>hic</span> <span class='ocrx_word' id='word_1_99' title='bbox 2434 1017 2665 1080; x_wconf 81' lang='lat' dir='ltr'>instituit</span> <span class='ocrx_word' id='word_1_100' title='bbox 2700 1030 2761 1070; x_wconf 88' lang='lat' dir='ltr'>ut</span> 
     </span>
     <span class='ocr_line' id='line_1_12' title="bbox 499 1092 2759 1169; baseline 0.003 -23"><span class='ocrx_word' id='word_1_101' title='bbox 499 1095 678 1146; x_wconf 91' lang='lat' dir='ltr'>omnia</span> <span class='ocrx_word' id='word_1_102' title='bbox 712 1097 1072 1146; x_wconf 86' lang='lat' dir='ltr'>monumenta</span> <span class='ocrx_word' id='word_1_103' title='bbox 1091 1094 1389 1145; x_wconf 86' lang='lat' dir='ltr'>chartarum</span> <span class='ocrx_word' id='word_1_104' title='bbox 1425 1092 1894 1146; x_wconf 88' lang='lat' dir='ltr'>ecclesiasticarum</span> <span class='ocrx_word' id='word_1_105' title='bbox 1919 1113 2095 1146; x_wconf 91' lang='lat' dir='ltr'>rerum</span> <span class='ocrx_word' id='word_1_106' title='bbox 2119 1114 2216 1166; x_wconf 90' lang='lat' dir='ltr'>per</span> <span class='ocrx_word' id='word_1_107' title='bbox 2239 1115 2488 1169; x_wconf 86' lang='lat' dir='ltr'>romanae</span> <span class='ocrx_word' id='word_1_108' title='bbox 2511 1101 2759 1154; x_wconf 81' lang='lat' dir='ltr'>ecclesiae</span> 
     </span>
     <span class='ocr_line' id='line_1_13' title="bbox 499 1176 2705 1254; baseline 0.003 -25"><span class='ocrx_word' id='word_1_109' title='bbox 499 1178 687 1230; x_wconf 88' lang='lat' dir='ltr'>fierent</span> <span class='ocrx_word' id='word_1_110' title='bbox 720 1177 1146 1249; x_wconf 85' lang='lat' dir='ltr'>primiscrinium.</span> <span class='ocrx_word' id='word_1_111' title='bbox 1187 1177 1252 1228; x_wconf 91' lang='lat' dir='ltr'>Et</span> <span class='ocrx_word' id='word_1_112' title='bbox 1286 1176 1650 1246; x_wconf 53' lang='lat' dir='ltr'>hic&#39;sepultus</span> <span class='ocrx_word' id='word_1_113' title='bbox 1679 1188 1755 1229; x_wconf 91' lang='lat' dir='ltr'>est</span> <span class='ocrx_word' id='word_1_114' title='bbox 1784 1177 1839 1229; x_wconf 89' lang='lat' dir='ltr'>in</span> <span class='ocrx_word' id='word_1_115' title='bbox 1876 1177 2089 1230; x_wconf 85' lang='lat' dir='ltr'>basilica</span> <span class='ocrx_word' id='word_1_116' title='bbox 2127 1179 2267 1231; x_wconf 88' lang='lat' dir='ltr'>beati</span> <span class='ocrx_word' id='word_1_117' title='bbox 2293 1181 2431 1233; x_wconf 82' lang='lat' dir='ltr'>Petri</span> <span class='ocrx_word' id='word_1_118' title='bbox 2458 1184 2705 1254; x_wconf 88' lang='lat' dir='ltr'>apostoli.</span> 
     </span>
    </p>

    <p class='ocr_par' dir='ltr' id='par_1_5' title="bbox 496 1260 2758 1748">
     <span class='ocr_line' id='line_1_14' title="bbox 606 1260 2756 1333; baseline 0.004 -21"><span class='ocrx_word' id='word_1_119' title='bbox 606 1281 692 1332; x_wconf 84' lang='lat'>97.</span> <span class='ocrx_word' id='word_1_120' title='bbox 734 1260 974 1312; x_wconf 89' lang='lat' dir='ltr'>Liberius</span> <span class='ocrx_word' id='word_1_121' title='bbox 1005 1261 1221 1312; x_wconf 90' lang='lat' dir='ltr'>natione</span> <span class='ocrx_word' id='word_1_122' title='bbox 1257 1278 1506 1312; x_wconf 89' lang='lat' dir='ltr'>romanus</span> <span class='ocrx_word' id='word_1_123' title='bbox 1530 1271 1653 1330; x_wconf 91' lang='lat' dir='ltr'>post</span> <span class='ocrx_word' id='word_1_124' title='bbox 1678 1261 1824 1312; x_wconf 89' lang='lat' dir='ltr'>hunc</span> <span class='ocrx_word' id='word_1_125' title='bbox 1848 1262 2075 1332; x_wconf 88' lang='lat' dir='ltr'>suscepit</span> <span class='ocrx_word' id='word_1_126' title='bbox 2098 1262 2483 1333; x_wconf 88' lang='lat' dir='ltr'>pontificatum.</span> <span class='ocrx_word' id='word_1_127' title='bbox 2514 1267 2616 1319; x_wconf 84' lang='lat' dir='ltr'>Hic</span> <span class='ocrx_word' id='word_1_128' title='bbox 2644 1262 2756 1320; x_wconf 62' lang='lat' dir='ltr'>exiss</span> 
     </span>
     <span class='ocr_line' id='line_1_15' title="bbox 500 1342 2755 1416; baseline 0.003 -20"><span class='ocrx_word' id='word_1_129' title='bbox 500 1346 571 1398; x_wconf 90' lang='lat' dir='ltr'>lio</span> <span class='ocrx_word' id='word_1_130' title='bbox 608 1345 896 1416; x_wconf 90' lang='lat' dir='ltr'>deputatur</span> <span class='ocrx_word' id='word_1_131' title='bbox 929 1364 959 1396; x_wconf 92' lang='lat' dir='ltr'>a</span> <span class='ocrx_word' id='word_1_132' title='bbox 990 1343 1298 1397; x_wconf 91' lang='lat' dir='ltr'>Constantio</span> <span class='ocrx_word' id='word_1_133' title='bbox 1335 1362 1398 1396; x_wconf 95' lang='lat' dir='ltr'>eo</span> <span class='ocrx_word' id='word_1_134' title='bbox 1437 1342 1586 1414; x_wconf 92' lang='lat' dir='ltr'>quod</span> <span class='ocrx_word' id='word_1_135' title='bbox 1622 1343 1876 1396; x_wconf 88' lang='lat' dir='ltr'>noluisset</span> <span class='ocrx_word' id='word_1_136' title='bbox 1912 1345 2114 1396; x_wconf 85' lang='lat' dir='ltr'>haeresi</span> <span class='ocrx_word' id='word_1_137' title='bbox 2151 1347 2389 1400; x_wconf 89' lang='lat' dir='ltr'>arrianae</span> <span class='ocrx_word' id='word_1_138' title='bbox 2425 1352 2755 1415; x_wconf 84' lang='lat' dir='ltr'>consentire,</span> 
     </span>
     <span class='ocr_line' id='line_1_16' title="bbox 498 1426 2758 1502; baseline 0.002 -21"><span class='ocrx_word' id='word_1_139' title='bbox 498 1440 550 1481; x_wconf 92' lang='lat' dir='ltr'>et</span> <span class='ocrx_word' id='word_1_140' title='bbox 586 1429 708 1480; x_wconf 87' lang='lat' dir='ltr'>fecit</span> <span class='ocrx_word' id='word_1_141' title='bbox 743 1429 798 1479; x_wconf 89' lang='lat' dir='ltr'>in</span> <span class='ocrx_word' id='word_1_142' title='bbox 834 1427 992 1480; x_wconf 83' lang='lat' dir='ltr'>exilio</span> <span class='ocrx_word' id='word_1_143' title='bbox 1029 1446 1197 1481; x_wconf 88' lang='lat' dir='ltr'>annos</span> <span class='ocrx_word' id='word_1_144' title='bbox 1232 1439 1355 1479; x_wconf 83' lang='lat' dir='ltr'>treS.</span> <span class='ocrx_word' id='word_1_145' title='bbox 1396 1427 1586 1479; x_wconf 86' lang='lat' dir='ltr'>Postea</span> <span class='ocrx_word' id='word_1_146' title='bbox 1609 1445 1733 1478; x_wconf 90' lang='lat' dir='ltr'>vero</span> <span class='ocrx_word' id='word_1_147' title='bbox 1758 1426 2044 1479; x_wconf 90' lang='lat' dir='ltr'>multorum</span> <span class='ocrx_word' id='word_1_148' title='bbox 2071 1427 2436 1499; x_wconf 86' lang='lat' dir='ltr'>religiosorum</span> <span class='ocrx_word' id='word_1_149' title='bbox 2460 1443 2676 1502; x_wconf 87' lang='lat' dir='ltr'>rogatu,</span> <span class='ocrx_word' id='word_1_150' title='bbox 2705 1446 2758 1486; x_wconf 90' lang='lat' dir='ltr'>et</span> 
     </span>
     <span class='ocr_line' id='line_1_17' title="bbox 497 1509 2757 1583; baseline 0.003 -20"><span class='ocrx_word' id='word_1_151' title='bbox 497 1513 720 1564; x_wconf 83' lang='lat' dir='ltr'>maxime</span> <span class='ocrx_word' id='word_1_152' title='bbox 755 1510 823 1564; x_wconf 93' lang='lat' dir='ltr'>ad</span> <span class='ocrx_word' id='word_1_153' title='bbox 859 1510 1144 1564; x_wconf 89' lang='lat' dir='ltr'>sedandam</span> <span class='ocrx_word' id='word_1_154' title='bbox 1180 1511 1510 1583; x_wconf 90' lang='lat' dir='ltr'>imperatoris</span> <span class='ocrx_word' id='word_1_155' title='bbox 1546 1529 1706 1581; x_wconf 87' lang='lat' dir='ltr'>quam</span> <span class='ocrx_word' id='word_1_156' title='bbox 1743 1509 1974 1562; x_wconf 88' lang='lat' dir='ltr'>habebat</span> <span class='ocrx_word' id='word_1_157' title='bbox 2021 1529 2143 1581; x_wconf 82' lang='lat' dir='ltr'>erga</span> <span class='ocrx_word' id='word_1_158' title='bbox 2180 1511 2492 1565; x_wconf 84' lang='lat' dir='ltr'>christianos</span> <span class='ocrx_word' id='word_1_159' title='bbox 2530 1515 2757 1568; x_wconf 88' lang='lat' dir='ltr'>crudeli-</span> 
     </span>
     <span class='ocr_line' id='line_1_18' title="bbox 496 1594 2753 1664; baseline 0.002 -18"><span class='ocrx_word' id='word_1_160' title='bbox 496 1606 683 1656; x_wconf 87' lang='lat' dir='ltr'>tatem,</span> <span class='ocrx_word' id='word_1_161' title='bbox 718 1595 977 1646; x_wconf 88' lang='lat' dir='ltr'>concessit</span> <span class='ocrx_word' id='word_1_162' title='bbox 1006 1594 1239 1646; x_wconf 86' lang='lat' dir='ltr'>Arrianis</span> <span class='ocrx_word' id='word_1_163' title='bbox 1264 1605 1325 1644; x_wconf 86' lang='lat' dir='ltr'>ut</span> <span class='ocrx_word' id='word_1_164' title='bbox 1344 1613 1502 1646; x_wconf 91' lang='lat' dir='ltr'>unam</span> <span class='ocrx_word' id='word_1_165' title='bbox 1527 1594 1786 1646; x_wconf 90' lang='lat' dir='ltr'>haberent</span> <span class='ocrx_word' id='word_1_166' title='bbox 1813 1594 2011 1645; x_wconf 88' lang='lat' dir='ltr'>Romae</span> <span class='ocrx_word' id='word_1_167' title='bbox 2038 1595 2323 1647; x_wconf 87' lang='lat' dir='ltr'>ecclesiam.</span> <span class='ocrx_word' id='word_1_168' title='bbox 2352 1597 2513 1662; x_wconf 88' lang='lat' dir='ltr'>Quod</span> <span class='ocrx_word' id='word_1_169' title='bbox 2538 1598 2753 1664; x_wconf 88' lang='lat' dir='ltr'>factum,</span> 
     </span>
     <span class='ocr_line' id='line_1_19' title="bbox 496 1676 2751 1748; baseline 0.003 -20"><span class='ocrx_word' id='word_1_170' title='bbox 496 1678 616 1729; x_wconf 88' lang='lat' dir='ltr'>licet</span> <span class='ocrx_word' id='word_1_171' title='bbox 651 1678 693 1728; x_wconf 91' lang='lat' dir='ltr'>si</span> <span class='ocrx_word' id='word_1_172' title='bbox 730 1677 797 1729; x_wconf 90' lang='lat' dir='ltr'>ab</span> <span class='ocrx_word' id='word_1_173' title='bbox 835 1676 1015 1748; x_wconf 91' lang='lat' dir='ltr'>aliquo</span> <span class='ocrx_word' id='word_1_174' title='bbox 1053 1677 1154 1729; x_wconf 90' lang='lat' dir='ltr'>alio</span> <span class='ocrx_word' id='word_1_175' title='bbox 1190 1678 1364 1739; x_wconf 86' lang='lat' dir='ltr'>fieret,</span> <span class='ocrx_word' id='word_1_176' title='bbox 1405 1696 1516 1729; x_wconf 90' lang='lat' dir='ltr'>non</span> <span class='ocrx_word' id='word_1_177' title='bbox 1557 1687 1692 1728; x_wconf 87' lang='lat' dir='ltr'>esset</span> <span class='ocrx_word' id='word_1_178' title='bbox 1732 1677 2111 1747; x_wconf 84' lang='lat' dir='ltr'>vituperabile,</span> <span class='ocrx_word' id='word_1_179' title='bbox 2151 1697 2221 1730; x_wconf 89' lang='lat' dir='ltr'>ne</span> <span class='ocrx_word' id='word_1_180' title='bbox 2253 1680 2540 1733; x_wconf 89' lang='lat' dir='ltr'>auctoritas</span> <span class='ocrx_word' id='word_1_181' title='bbox 2576 1693 2751 1735; x_wconf 89' lang='lat' dir='ltr'>tamen</span> 
     </span>
    </p>
   </div>
   <div class='ocr_carea' id='block_1_4' title="bbox 481 1758 2826 1835">
    <p class='ocr_par' dir='ltr' id='par_1_6' title="bbox 481 1758 2826 1835">
     <span class='ocr_line' id='line_1_20' title="bbox 481 1758 2826 1835; baseline 0.003 -23"><span class='ocrx_word' id='word_1_182' title='bbox 481 1761 702 1813; x_wconf 82' lang='lat' dir='ltr'>romani</span> <span class='ocrx_word' id='word_1_183' title='bbox 730 1760 995 1832; x_wconf 88' lang='lat' dir='ltr'>pontificis</span> <span class='ocrx_word' id='word_1_184' title='bbox 1020 1780 1200 1813; x_wconf 89' lang='lat' dir='ltr'>omnes</span> <span class='ocrx_word' id='word_1_185' title='bbox 1219 1761 1386 1832; x_wconf 88' lang='lat' dir='ltr'>possit</span> <span class='ocrx_word' id='word_1_186' title='bbox 1404 1759 1473 1812; x_wconf 90' lang='lat' dir='ltr'>ad</span> <span class='ocrx_word' id='word_1_187' title='bbox 1498 1761 1602 1812; x_wconf 93' lang='lat' dir='ltr'>hoc</span> <span class='ocrx_word' id='word_1_188' title='bbox 1625 1770 1731 1810; x_wconf 93' lang='lat' dir='ltr'>tam</span> <span class='ocrx_word' id='word_1_189' title='bbox 1761 1758 1976 1811; x_wconf 88' lang='lat' dir='ltr'>crudele</span> <span class='ocrx_word' id='word_1_190' title='bbox 2003 1759 2272 1814; x_wconf 85' lang='lat' dir='ltr'>inflectere</span> <span class='ocrx_word' id='word_1_191' title='bbox 2297 1763 2575 1835; x_wconf 85' lang='lat' dir='ltr'>episcopos</span> <span class='ocrx_word' id='word_1_192' title='bbox 2594 1806 2606 1830; x_wconf 92' lang='lat'>‚</span> <span class='ocrx_word' id='word_1_193' title='bbox 2636 1785 2757 1818; x_wconf 90' lang='lat' dir='ltr'>eum</span> <span class='ocrx_word' id='word_1_194' title='bbox 2819 1798 2826 1803; x_wconf 89' lang='lat'><em>-</em></span> 
     </span>
    </p>
   </div>
   <div class='ocr_carea' id='block_1_5' title="bbox 490 1842 2835 3249">
    <p class='ocr_par' dir='ltr' id='par_1_7' title="bbox 495 1842 2835 2164">
     <span class='ocr_line' id='line_1_21' title="bbox 496 1842 2758 1913; baseline 0.002 -17"><span class='ocrx_word' id='word_1_195' title='bbox 496 1846 763 1896; x_wconf 89' lang='lat' dir='ltr'>communi</span> <span class='ocrx_word' id='word_1_196' title='bbox 799 1845 1020 1896; x_wconf 90' lang='lat' dir='ltr'>consilio</span> <span class='ocrx_word' id='word_1_197' title='bbox 1057 1844 1125 1896; x_wconf 89' lang='lat' dir='ltr'>ab</span> <span class='ocrx_word' id='word_1_198' title='bbox 1162 1844 1410 1913; x_wconf 83' lang='lat' dir='ltr'>omnibus</span> <span class='ocrx_word' id='word_1_199' title='bbox 1446 1842 1715 1895; x_wconf 86' lang='lat' dir='ltr'>catholicis</span> <span class='ocrx_word' id='word_1_200' title='bbox 1751 1843 1855 1894; x_wconf 90' lang='lat' dir='ltr'>hoc</span> <span class='ocrx_word' id='word_1_201' title='bbox 1901 1862 2209 1896; x_wconf 90' lang='lat' dir='ltr'>concessum</span> <span class='ocrx_word' id='word_1_202' title='bbox 2252 1858 2507 1900; x_wconf 87' lang='lat' dir='ltr'>cassatum</span> <span class='ocrx_word' id='word_1_203' title='bbox 2545 1860 2655 1913; x_wconf 89' lang='lat' dir='ltr'>est;</span> <span class='ocrx_word' id='word_1_204' title='bbox 2706 1861 2758 1901; x_wconf 92' lang='lat' dir='ltr'>et</span> 
     </span>
     <span class='ocr_line' id='line_1_22' title="bbox 495 1925 2760 2004; baseline 0.002 -24"><span class='ocrx_word' id='word_1_205' title='bbox 495 1947 566 1980; x_wconf 91' lang='lat' dir='ltr'>ne</span> <span class='ocrx_word' id='word_1_206' title='bbox 592 1947 787 1980; x_wconf 90' lang='lat' dir='ltr'>nomen</span> <span class='ocrx_word' id='word_1_207' title='bbox 813 1928 923 1980; x_wconf 92' lang='lat' dir='ltr'>eius</span> <span class='ocrx_word' id='word_1_208' title='bbox 947 1928 1085 1980; x_wconf 92' lang='lat' dir='ltr'>inter</span> <span class='ocrx_word' id='word_1_209' title='bbox 1110 1928 1396 1981; x_wconf 88' lang='lat' dir='ltr'>catholicos</span> <span class='ocrx_word' id='word_1_210' title='bbox 1421 1926 1728 1978; x_wconf 89' lang='lat' dir='ltr'>recitaretur</span> <span class='ocrx_word' id='word_1_211' title='bbox 1744 1965 1758 1988; x_wconf 95' lang='lat'>,</span> <span class='ocrx_word' id='word_1_212' title='bbox 1791 1925 2156 1996; x_wconf 82' lang='lat' dir='ltr'>prohibitum3</span> <span class='ocrx_word' id='word_1_213' title='bbox 2193 1947 2515 2001; x_wconf 89' lang='lat' dir='ltr'>quamquam</span> <span class='ocrx_word' id='word_1_214' title='bbox 2545 1943 2760 2004; x_wconf 86' lang='lat' dir='ltr'>sanctus</span> 
     </span>
     <span class='ocr_line' id='line_1_23' title="bbox 497 2008 2835 2085; baseline 0.003 -24"><span class='ocrx_word' id='word_1_215' title='bbox 497 2011 565 2062; x_wconf 91' lang='lat' dir='ltr'>sit</span> <span class='ocrx_word' id='word_1_216' title='bbox 600 2022 652 2062; x_wconf 91' lang='lat' dir='ltr'>et</span> <span class='ocrx_word' id='word_1_217' title='bbox 684 2011 893 2073; x_wconf 81' lang='lat' dir='ltr'>bonuS,</span> <span class='ocrx_word' id='word_1_218' title='bbox 928 2022 981 2063; x_wconf 91' lang='lat' dir='ltr'>et</span> <span class='ocrx_word' id='word_1_219' title='bbox 1017 2011 1173 2063; x_wconf 90' lang='lat' dir='ltr'>beato</span> <span class='ocrx_word' id='word_1_220' title='bbox 1209 2010 1486 2062; x_wconf 90' lang='lat' dir='ltr'>Ambrosio</span> <span class='ocrx_word' id='word_1_221' title='bbox 1524 2020 1656 2061; x_wconf 90' lang='lat' dir='ltr'>teste</span> <span class='ocrx_word' id='word_1_222' title='bbox 1691 2008 1970 2061; x_wconf 89' lang='lat' dir='ltr'>laudabilis</span> <span class='ocrx_word' id='word_1_223' title='bbox 2007 2010 2073 2079; x_wconf 85' lang='lat'>1).</span> <span class='ocrx_word' id='word_1_224' title='bbox 2113 2012 2179 2063; x_wconf 92' lang='lat' dir='ltr'>Et</span> <span class='ocrx_word' id='word_1_225' title='bbox 2212 2012 2299 2085; x_wconf 81' lang='lat' dir='ltr'>hic</span> <span class='ocrx_word' id='word_1_226' title='bbox 2324 2013 2561 2084; x_wconf 90' lang='lat' dir='ltr'>sepultus</span> <span class='ocrx_word' id='word_1_227' title='bbox 2594 2026 2671 2067; x_wconf 92' lang='lat' dir='ltr'>est</span> <span class='ocrx_word' id='word_1_228' title='bbox 2702 2017 2759 2068; x_wconf 92' lang='lat' dir='ltr'>in</span> <span class='ocrx_word' id='word_1_229' title='bbox 2834 2027 2835 2030; x_wconf 78' lang='grc'>’</span> 
     </span>
     <span class='ocr_line' id='line_1_24' title="bbox 495 2093 1412 2164; baseline -0.002 -19"><span class='ocrx_word' id='word_1_230' title='bbox 495 2093 706 2146; x_wconf 88' lang='lat' dir='ltr'>basilica</span> <span class='ocrx_word' id='word_1_231' title='bbox 744 2093 1105 2164; x_wconf 89' lang='lat' dir='ltr'>apostolorum</span> <span class='ocrx_word' id='word_1_232' title='bbox 1141 2093 1412 2164; x_wconf 88' lang='lat' dir='ltr'>principis.</span> 
     </span>
    </p>

    <p class='ocr_par' dir='ltr' id='par_1_8' title="bbox 494 2175 2758 2331">
     <span class='ocr_line' id='line_1_25' title="bbox 602 2175 2758 2251; baseline 0.002 -21"><span class='ocrx_word' id='word_1_233' title='bbox 602 2179 690 2249; x_wconf 87' lang='lat'>98.</span> <span class='ocrx_word' id='word_1_234' title='bbox 713 2178 835 2229; x_wconf 90' lang='lat' dir='ltr'>Dies</span> <span class='ocrx_word' id='word_1_235' title='bbox 855 2188 1028 2229; x_wconf 88' lang='lat' dir='ltr'>autem</span> <span class='ocrx_word' id='word_1_236' title='bbox 1060 2177 1242 2229; x_wconf 89' lang='lat' dir='ltr'>Felicis</span> <span class='ocrx_word' id='word_1_237' title='bbox 1261 2177 1360 2229; x_wconf 90' lang='lat' dir='ltr'>sub</span> <span class='ocrx_word' id='word_1_238' title='bbox 1381 2175 1579 2228; x_wconf 88' lang='lat' dir='ltr'>Liberii</span> <span class='ocrx_word' id='word_1_239' title='bbox 1603 2185 1802 2246; x_wconf 88' lang='lat' dir='ltr'>papatu</span> <span class='ocrx_word' id='word_1_240' title='bbox 1827 2187 2208 2247; x_wconf 90' lang='lat' dir='ltr'>computantur</span> <span class='ocrx_word' id='word_1_241' title='bbox 2234 2178 2306 2247; x_wconf 79' lang='lat'>2).</span> <span class='ocrx_word' id='word_1_242' title='bbox 2337 2179 2402 2230; x_wconf 89' lang='lat' dir='ltr'>Et</span> <span class='ocrx_word' id='word_1_243' title='bbox 2428 2181 2663 2251; x_wconf 87' lang='lat' dir='ltr'>sepultus</span> <span class='ocrx_word' id='word_1_244' title='bbox 2681 2195 2758 2235; x_wconf 90' lang='lat' dir='ltr'>est</span> 
     </span>
     <span class='ocr_line' id='line_1_26' title="bbox 494 2259 1632 2331; baseline -0.003 -19"><span class='ocrx_word' id='word_1_245' title='bbox 494 2279 604 2313; x_wconf 93' lang='lat' dir='ltr'>non</span> <span class='ocrx_word' id='word_1_246' title='bbox 642 2262 799 2330; x_wconf 83' lang='lat' dir='ltr'>longe</span> <span class='ocrx_word' id='word_1_247' title='bbox 834 2261 900 2312; x_wconf 90' lang='lat' dir='ltr'>ab</span> <span class='ocrx_word' id='word_1_248' title='bbox 936 2260 1082 2312; x_wconf 91' lang='lat' dir='ltr'>Urbe</span> <span class='ocrx_word' id='word_1_249' title='bbox 1120 2260 1178 2311; x_wconf 92' lang='lat' dir='ltr'>in</span> <span class='ocrx_word' id='word_1_250' title='bbox 1206 2259 1478 2331; x_wconf 89' lang='lat' dir='ltr'>praediolo</span> <span class='ocrx_word' id='word_1_251' title='bbox 1514 2277 1632 2310; x_wconf 89' lang='lat' dir='ltr'>suo.</span> 
     </span>
    </p>

    <p class='ocr_par' dir='ltr' id='par_1_9' title="bbox 490 2341 2755 2916">
     <span class='ocr_line' id='line_1_27' title="bbox 600 2341 2755 2418; baseline 0.002 -23"><span class='ocrx_word' id='word_1_252' title='bbox 600 2365 685 2415; x_wconf 84' lang='lat'>99.</span> <span class='ocrx_word' id='word_1_253' title='bbox 728 2346 979 2396; x_wconf 85' lang='lat' dir='ltr'>Damasus</span> <span class='ocrx_word' id='word_1_254' title='bbox 1017 2345 1231 2397; x_wconf 88' lang='lat' dir='ltr'>natione</span> <span class='ocrx_word' id='word_1_255' title='bbox 1269 2344 1522 2415; x_wconf 90' lang='lat' dir='ltr'>hispanus</span> <span class='ocrx_word' id='word_1_256' title='bbox 1559 2353 1681 2413; x_wconf 87' lang='lat' dir='ltr'>post</span> <span class='ocrx_word' id='word_1_257' title='bbox 1726 2341 1870 2394; x_wconf 91' lang='lat' dir='ltr'>hunc</span> <span class='ocrx_word' id='word_1_258' title='bbox 1909 2360 2185 2394; x_wconf 89' lang='lat' dir='ltr'>romanum</span> <span class='ocrx_word' id='word_1_259' title='bbox 2223 2345 2453 2415; x_wconf 83' lang='lat' dir='ltr'>suscepit</span> <span class='ocrx_word' id='word_1_260' title='bbox 2485 2347 2755 2418; x_wconf 86' lang='lat' dir='ltr'>episcopa-</span> 
     </span>
     <span class='ocr_line' id='line_1_28' title="bbox 491 2423 2754 2498; baseline 0.001 -21"><span class='ocrx_word' id='word_1_261' title='bbox 491 2439 620 2480; x_wconf 89' lang='lat' dir='ltr'>tum.</span> <span class='ocrx_word' id='word_1_262' title='bbox 670 2428 769 2479; x_wconf 90' lang='lat' dir='ltr'>Hic</span> <span class='ocrx_word' id='word_1_263' title='bbox 804 2427 1046 2498; x_wconf 88' lang='lat' dir='ltr'>synodali</span> <span class='ocrx_word' id='word_1_264' title='bbox 1082 2427 1279 2479; x_wconf 90' lang='lat' dir='ltr'>iudicio</span> <span class='ocrx_word' id='word_1_265' title='bbox 1302 2468 1314 2489; x_wconf 93' lang='lat'>,</span> <span class='ocrx_word' id='word_1_266' title='bbox 1352 2446 1482 2478; x_wconf 89' lang='lat' dir='ltr'>voce</span> <span class='ocrx_word' id='word_1_267' title='bbox 1515 2426 1757 2497; x_wconf 90' lang='lat' dir='ltr'>publica,</span> <span class='ocrx_word' id='word_1_268' title='bbox 1798 2423 2109 2494; x_wconf 85' lang='lat' dir='ltr'>dampnavit</span> <span class='ocrx_word' id='word_1_269' title='bbox 2142 2425 2410 2478; x_wconf 87' lang='lat' dir='ltr'>Liberium</span> <span class='ocrx_word' id='word_1_270' title='bbox 2434 2468 2446 2491; x_wconf 92' lang='lat'>,</span> <span class='ocrx_word' id='word_1_271' title='bbox 2482 2440 2536 2480; x_wconf 91' lang='lat' dir='ltr'>et</span> <span class='ocrx_word' id='word_1_272' title='bbox 2567 2428 2754 2482; x_wconf 88' lang='lat' dir='ltr'>adnul-</span> 
     </span>
     <span class='ocr_line' id='line_1_29' title="bbox 490 2506 2753 2583; baseline 0.001 -21"><span class='ocrx_word' id='word_1_273' title='bbox 490 2511 616 2562; x_wconf 86' lang='lat' dir='ltr'>lavit</span> <span class='ocrx_word' id='word_1_274' title='bbox 651 2530 806 2563; x_wconf 91' lang='lat' dir='ltr'>omne</span> <span class='ocrx_word' id='word_1_275' title='bbox 838 2511 987 2582; x_wconf 90' lang='lat' dir='ltr'>quod</span> <span class='ocrx_word' id='word_1_276' title='bbox 1015 2511 1226 2564; x_wconf 86' lang='lat' dir='ltr'>fecerat.</span> <span class='ocrx_word' id='word_1_277' title='bbox 1268 2511 1367 2562; x_wconf 90' lang='lat' dir='ltr'>Hic</span> <span class='ocrx_word' id='word_1_278' title='bbox 1402 2508 1677 2562; x_wconf 84' lang='lat' dir='ltr'>constituit</span> <span class='ocrx_word' id='word_1_279' title='bbox 1715 2518 1775 2557; x_wconf 88' lang='lat' dir='ltr'>ut</span> <span class='ocrx_word' id='word_1_280' title='bbox 1809 2506 1995 2576; x_wconf 90' lang='lat' dir='ltr'>psalmi</span> <span class='ocrx_word' id='word_1_281' title='bbox 2027 2508 2241 2561; x_wconf 89' lang='lat' dir='ltr'>Davidis</span> <span class='ocrx_word' id='word_1_282' title='bbox 2275 2529 2394 2562; x_wconf 89' lang='lat' dir='ltr'>cum</span> <span class='ocrx_word' id='word_1_283' title='bbox 2425 2512 2591 2582; x_wconf 84' lang='lat' dir='ltr'>gloria</span> <span class='ocrx_word' id='word_1_284' title='bbox 2615 2515 2753 2583; x_wconf 89' lang='lat' dir='ltr'>patri</span> 
     </span>
     <span class='ocr_line' id='line_1_30' title="bbox 492 2589 2751 2666; baseline 0 -21"><span class='ocrx_word' id='word_1_285' title='bbox 492 2594 734 2646; x_wconf 90' lang='lat' dir='ltr'>distincte</span> <span class='ocrx_word' id='word_1_286' title='bbox 772 2593 1113 2647; x_wconf 85' lang='lat' dir='ltr'>cantarentur</span> <span class='ocrx_word' id='word_1_287' title='bbox 1145 2614 1242 2666; x_wconf 90' lang='lat' dir='ltr'>per</span> <span class='ocrx_word' id='word_1_288' title='bbox 1278 2593 1384 2646; x_wconf 90' lang='lat' dir='ltr'>diei</span> <span class='ocrx_word' id='word_1_289' title='bbox 1418 2595 1576 2645; x_wconf 89' lang='lat' dir='ltr'>horas</span> <span class='ocrx_word' id='word_1_290' title='bbox 1609 2602 1661 2643; x_wconf 93' lang='lat' dir='ltr'>et</span> <span class='ocrx_word' id='word_1_291' title='bbox 1692 2590 1862 2641; x_wconf 87' lang='lat' dir='ltr'>noctis</span> <span class='ocrx_word' id='word_1_292' title='bbox 1897 2589 2114 2660; x_wconf 83' lang='lat' dir='ltr'>vigilias.</span> <span class='ocrx_word' id='word_1_293' title='bbox 2158 2593 2258 2646; x_wconf 91' lang='lat' dir='ltr'>Hic</span> <span class='ocrx_word' id='word_1_294' title='bbox 2293 2595 2564 2666; x_wconf 89' lang='lat' dir='ltr'>praecepit</span> <span class='ocrx_word' id='word_1_295' title='bbox 2597 2606 2657 2646; x_wconf 91' lang='lat' dir='ltr'>ut</span> <span class='ocrx_word' id='word_1_296' title='bbox 2695 2596 2751 2647; x_wconf 92' lang='lat' dir='ltr'>in</span> 
     </span>
     <span class='ocr_line' id='line_1_31' title="bbox 491 2674 2753 2749; baseline 0 -20"><span class='ocrx_word' id='word_1_297' title='bbox 491 2679 765 2731; x_wconf 91' lang='lat' dir='ltr'>missarum</span> <span class='ocrx_word' id='word_1_298' title='bbox 802 2679 1154 2732; x_wconf 89' lang='lat' dir='ltr'>celebratione</span> <span class='ocrx_word' id='word_1_299' title='bbox 1186 2678 1465 2749; x_wconf 86' lang='lat' dir='ltr'>presbyter</span> <span class='ocrx_word' id='word_1_300' title='bbox 1509 2674 1888 2728; x_wconf 82' lang='lat' dir='ltr'>confessionem</span> <span class='ocrx_word' id='word_1_301' title='bbox 1928 2693 2073 2726; x_wconf 90' lang='lat' dir='ltr'>suam</span> <span class='ocrx_word' id='word_1_302' title='bbox 2114 2675 2296 2741; x_wconf 86' lang='lat' dir='ltr'>faeiat,</span> <span class='ocrx_word' id='word_1_303' title='bbox 2335 2688 2455 2728; x_wconf 90' lang='lat' dir='ltr'>ante</span> <span class='ocrx_word' id='word_1_304' title='bbox 2486 2696 2646 2748; x_wconf 86' lang='lat' dir='ltr'>quam</span> <span class='ocrx_word' id='word_1_305' title='bbox 2686 2678 2753 2730; x_wconf 85' lang='lat' dir='ltr'>ad</span> 
     </span>
     <span class='ocr_line' id='line_1_32' title="bbox 490 2753 2752 2833; baseline 0 -20"><span class='ocrx_word' id='word_1_306' title='bbox 490 2761 651 2813; x_wconf 89' lang='lat' dir='ltr'>altare</span> <span class='ocrx_word' id='word_1_307' title='bbox 678 2761 905 2814; x_wconf 88' lang='lat' dir='ltr'>accedat.</span> <span class='ocrx_word' id='word_1_308' title='bbox 946 2762 1043 2813; x_wconf 90' lang='lat' dir='ltr'>Hic</span> <span class='ocrx_word' id='word_1_309' title='bbox 1072 2760 1329 2813; x_wconf 89' lang='lat' dir='ltr'>invidiose</span> <span class='ocrx_word' id='word_1_310' title='bbox 1354 2771 1627 2812; x_wconf 89' lang='lat' dir='ltr'>accusatus</span> <span class='ocrx_word' id='word_1_311' title='bbox 1656 2756 1722 2809; x_wconf 90' lang='lat' dir='ltr'>de</span> <span class='ocrx_word' id='word_1_312' title='bbox 1749 2753 2039 2822; x_wconf 85' lang='lat' dir='ltr'>adulterio,</span> <span class='ocrx_word' id='word_1_313' title='bbox 2074 2758 2208 2811; x_wconf 85' lang='lat' dir='ltr'>facta</span> <span class='ocrx_word' id='word_1_314' title='bbox 2239 2759 2445 2829; x_wconf 83' lang='lat' dir='ltr'>synodo</span> <span class='ocrx_word' id='word_1_315' title='bbox 2474 2779 2528 2812; x_wconf 90' lang='lat' dir='ltr'>se</span> <span class='ocrx_word' id='word_1_316' title='bbox 2565 2779 2752 2833; x_wconf 86' lang='lat' dir='ltr'>expur-</span> 
     </span>
     <span class='ocr_line' id='line_1_33' title="bbox 491 2839 2387 2916; baseline -0.002 -19"><span class='ocrx_word' id='word_1_317' title='bbox 491 2846 648 2915; x_wconf 86' lang='lat' dir='ltr'>gavit.</span> <span class='ocrx_word' id='word_1_318' title='bbox 688 2846 754 2898; x_wconf 91' lang='lat' dir='ltr'>Et</span> <span class='ocrx_word' id='word_1_319' title='bbox 790 2846 1026 2916; x_wconf 89' lang='lat' dir='ltr'>sepultus</span> <span class='ocrx_word' id='word_1_320' title='bbox 1063 2845 1345 2916; x_wconf 82' lang='lat' dir='ltr'>requiescit</span> <span class='ocrx_word' id='word_1_321' title='bbox 1372 2843 1517 2915; x_wconf 91' lang='lat' dir='ltr'>apud</span> <span class='ocrx_word' id='word_1_322' title='bbox 1541 2855 1786 2914; x_wconf 87' lang='lat' dir='ltr'>sanctum</span> <span class='ocrx_word' id='word_1_323' title='bbox 1823 2839 2037 2892; x_wconf 88' lang='lat' dir='ltr'>Petrum</span> <span class='ocrx_word' id='word_1_324' title='bbox 2074 2844 2387 2913; x_wconf 85' lang='lat' dir='ltr'>apostolum.</span> 
     </span>
    </p>

    <p class='ocr_par' dir='ltr' id='par_1_10' title="bbox 491 2926 2754 3166">
     <span class='ocr_line' id='line_1_34' title="bbox 606 2926 2754 2999; baseline -0.001 -18"><span class='ocrx_word' id='word_1_325' title='bbox 606 2948 718 2982; x_wconf 91' lang='lat'>100.</span> <span class='ocrx_word' id='word_1_326' title='bbox 760 2928 974 2981; x_wconf 88' lang='lat' dir='ltr'>Siricius</span> <span class='ocrx_word' id='word_1_327' title='bbox 1010 2928 1224 2980; x_wconf 88' lang='lat' dir='ltr'>natione</span> <span class='ocrx_word' id='word_1_328' title='bbox 1260 2946 1510 2980; x_wconf 88' lang='lat' dir='ltr'>romanus</span> <span class='ocrx_word' id='word_1_329' title='bbox 1539 2940 1659 2999; x_wconf 89' lang='lat' dir='ltr'>post</span> <span class='ocrx_word' id='word_1_330' title='bbox 1695 2929 1840 2982; x_wconf 91' lang='lat' dir='ltr'>hunc</span> <span class='ocrx_word' id='word_1_331' title='bbox 1876 2944 2013 2998; x_wconf 87' lang='lat' dir='ltr'>papa</span> <span class='ocrx_word' id='word_1_332' title='bbox 2047 2927 2268 2979; x_wconf 86' lang='lat' dir='ltr'>effectus</span> <span class='ocrx_word' id='word_1_333' title='bbox 2298 2937 2392 2979; x_wconf 89' lang='lat' dir='ltr'>est.</span> <span class='ocrx_word' id='word_1_334' title='bbox 2423 2926 2523 2978; x_wconf 91' lang='lat' dir='ltr'>Hic</span> <span class='ocrx_word' id='word_1_335' title='bbox 2550 2926 2754 2996; x_wconf 91' lang='lat' dir='ltr'>primus</span> 
     </span>
     <span class='ocr_line' id='line_1_35' title="bbox 492 3009 2753 3083; baseline -0.002 -17"><span class='ocrx_word' id='word_1_336' title='bbox 492 3014 766 3066; x_wconf 84' lang='lat' dir='ltr'>constituit</span> <span class='ocrx_word' id='word_1_337' title='bbox 789 3025 849 3064; x_wconf 91' lang='lat' dir='ltr'>ut</span> <span class='ocrx_word' id='word_1_338' title='bbox 873 3032 937 3065; x_wconf 84' lang='lat' dir='ltr'>ex</span> <span class='ocrx_word' id='word_1_339' title='bbox 965 3013 1234 3065; x_wconf 90' lang='lat' dir='ltr'>monachis</span> <span class='ocrx_word' id='word_1_340' title='bbox 1256 3013 1443 3063; x_wconf 86' lang='lat' dir='ltr'>fierent</span> <span class='ocrx_word' id='word_1_341' title='bbox 1470 3013 1744 3083; x_wconf 90' lang='lat' dir='ltr'>(episcopi)</span> <span class='ocrx_word' id='word_1_342' title='bbox 1770 3010 2008 3063; x_wconf 88' lang='lat' dir='ltr'>utilitatis</span> <span class='ocrx_word' id='word_1_343' title='bbox 2032 3028 2187 3061; x_wconf 90' lang='lat' dir='ltr'>causa</span> <span class='ocrx_word' id='word_1_344' title='bbox 2213 3009 2293 3061; x_wconf 87' lang='lat' dir='ltr'>vel</span> <span class='ocrx_word' id='word_1_345' title='bbox 2320 3009 2659 3062; x_wconf 82' lang='lat' dir='ltr'>necessitatis.</span> <span class='ocrx_word' id='word_1_346' title='bbox 2687 3010 2753 3061; x_wconf 89' lang='lat' dir='ltr'>Et</span> 
     </span>
     <span class='ocr_line' id='line_1_36' title="bbox 491 3093 2427 3166; baseline -0.002 -18"><span class='ocrx_word' id='word_1_347' title='bbox 491 3095 736 3148; x_wconf 89' lang='lat' dir='ltr'>dormivit</span> <span class='ocrx_word' id='word_1_348' title='bbox 771 3115 891 3146; x_wconf 90' lang='lat' dir='ltr'>cum</span> <span class='ocrx_word' id='word_1_349' title='bbox 923 3095 1161 3166; x_wconf 82' lang='lat' dir='ltr'>patribus</span> <span class='ocrx_word' id='word_1_350' title='bbox 1195 3096 1332 3156; x_wconf 87' lang='lat' dir='ltr'>suis,</span> <span class='ocrx_word' id='word_1_351' title='bbox 1363 3106 1414 3146; x_wconf 91' lang='lat' dir='ltr'>et</span> <span class='ocrx_word' id='word_1_352' title='bbox 1448 3095 1683 3165; x_wconf 90' lang='lat' dir='ltr'>sepultus</span> <span class='ocrx_word' id='word_1_353' title='bbox 1719 3107 1796 3147; x_wconf 89' lang='lat' dir='ltr'>est</span> <span class='ocrx_word' id='word_1_354' title='bbox 1831 3094 1898 3147; x_wconf 90' lang='lat' dir='ltr'>ad</span> <span class='ocrx_word' id='word_1_355' title='bbox 1932 3104 2169 3145; x_wconf 90' lang='lat' dir='ltr'>sanctum</span> <span class='ocrx_word' id='word_1_356' title='bbox 2198 3093 2427 3144; x_wconf 87' lang='lat' dir='ltr'>Petrum.</span> 
     </span>
    </p>

    <p class='ocr_par' dir='ltr' id='par_1_11' title="bbox 602 3175 2752 3249">
     <span class='ocr_line' id='line_1_37' title="bbox 602 3175 2752 3249; baseline -0.001 -19"><span class='ocrx_word' id='word_1_357' title='bbox 602 3198 689 3230; x_wconf 89' lang='lat'>101</span> <span class='ocrx_word' id='word_1_358' title='bbox 704 3220 715 3230; x_wconf 93' lang='lat'>.</span> <span class='ocrx_word' id='word_1_359' title='bbox 747 3180 984 3230; x_wconf 91' lang='lat' dir='ltr'>Dicerem</span> <span class='ocrx_word' id='word_1_360' title='bbox 1004 3178 1055 3246; x_wconf 81' lang='lat'>3)</span> <span class='ocrx_word' id='word_1_361' title='bbox 1071 3177 1287 3249; x_wconf 89' lang='lat' dir='ltr'>quidem</span> <span class='ocrx_word' id='word_1_362' title='bbox 1308 3178 1374 3230; x_wconf 92' lang='lat' dir='ltr'>de</span> <span class='ocrx_word' id='word_1_363' title='bbox 1397 3179 1672 3231; x_wconf 89' lang='lat' dir='ltr'>Anastasio</span> <span class='ocrx_word' id='word_1_364' title='bbox 1697 3190 1751 3231; x_wconf 90' lang='lat' dir='ltr'>et</span> <span class='ocrx_word' id='word_1_365' title='bbox 1774 3178 1840 3231; x_wconf 93' lang='lat' dir='ltr'>de</span> <span class='ocrx_word' id='word_1_366' title='bbox 1872 3176 2204 3239; x_wconf 89' lang='lat' dir='ltr'>Innocentio,</span> <span class='ocrx_word' id='word_1_367' title='bbox 2239 3177 2335 3246; x_wconf 90' lang='lat' dir='ltr'>qui</span> <span class='ocrx_word' id='word_1_368' title='bbox 2354 3175 2574 3228; x_wconf 89' lang='lat' dir='ltr'>sabbato</span> <span class='ocrx_word' id='word_1_369' title='bbox 2599 3195 2752 3246; x_wconf 88' lang='lat' dir='ltr'>prae-</span> 
     </span>
    </p>
   </div>
   <div class='ocr_carea' id='block_1_6' title="bbox 437 3258 2751 3331">
    <p class='ocr_par' dir='ltr' id='par_1_12' title="bbox 437 3258 2751 3331">
     <span class='ocr_line' id='line_1_38' title="bbox 437 3258 2751 3331; baseline -0.001 -18"><span class='ocrx_word' id='word_1_370' title='bbox 437 3310 438 3313; x_wconf 75' lang='grc'>,</span> <span class='ocrx_word' id='word_1_371' title='bbox 488 3261 628 3330; x_wconf 90' lang='lat' dir='ltr'>cepit</span> <span class='ocrx_word' id='word_1_372' title='bbox 660 3259 1000 3314; x_wconf 88' lang='lat' dir='ltr'>ieiunandum</span> <span class='ocrx_word' id='word_1_373' title='bbox 1019 3301 1032 3322; x_wconf 96' lang='lat'>,</span> <span class='ocrx_word' id='word_1_374' title='bbox 1052 3285 1054 3287; x_wconf 48' lang='lat'>&gt;</span> <span class='ocrx_word' id='word_1_375' title='bbox 1074 3273 1127 3312; x_wconf 92' lang='lat' dir='ltr'>et</span> <span class='ocrx_word' id='word_1_376' title='bbox 1163 3280 1344 3331; x_wconf 88' lang='lat' dir='ltr'>pacem</span> <span class='ocrx_word' id='word_1_377' title='bbox 1376 3263 1516 3313; x_wconf 90' lang='lat' dir='ltr'>inter</span> <span class='ocrx_word' id='word_1_378' title='bbox 1541 3263 1812 3314; x_wconf 89' lang='lat' dir='ltr'>missarum</span> <span class='ocrx_word' id='word_1_379' title='bbox 1838 3259 2148 3330; x_wconf 89' lang='lat' dir='ltr'>sollempnia</span> <span class='ocrx_word' id='word_1_380' title='bbox 2179 3258 2309 3310; x_wconf 86' lang='lat' dir='ltr'>dari.</span> <span class='ocrx_word' id='word_1_381' title='bbox 2347 3259 2412 3310; x_wconf 92' lang='lat' dir='ltr'>Et</span> <span class='ocrx_word' id='word_1_382' title='bbox 2445 3258 2511 3310; x_wconf 90' lang='lat' dir='ltr'>de</span> <span class='ocrx_word' id='word_1_383' title='bbox 2544 3259 2751 3311; x_wconf 90' lang='lat' dir='ltr'>Zosimo</span> 
     </span>
    </p>
   </div>
   <div class='ocr_carea' id='block_1_7' title="bbox 487 3334 2752 3416">
    <p class='ocr_par' dir='ltr' id='par_1_13' title="bbox 487 3334 2752 3416">
     <span class='ocr_line' id='line_1_39' title="bbox 487 3334 2752 3416; baseline -0 -22"><span class='ocrx_word' id='word_1_384' title='bbox 487 3343 703 3395; x_wconf 90' lang='lat' dir='ltr'>natione</span> <span class='ocrx_word' id='word_1_385' title='bbox 730 3361 947 3413; x_wconf 83' lang='lat' dir='ltr'>graeco,</span> <span class='ocrx_word' id='word_1_386' title='bbox 987 3345 1079 3414; x_wconf 88' lang='lat' dir='ltr'>qui</span> <span class='ocrx_word' id='word_1_387' title='bbox 1115 3363 1322 3396; x_wconf 89' lang='lat' dir='ltr'>cereum</span> <span class='ocrx_word' id='word_1_388' title='bbox 1358 3346 1413 3396; x_wconf 92' lang='lat' dir='ltr'>in</span> <span class='ocrx_word' id='word_1_389' title='bbox 1456 3346 1674 3398; x_wconf 90' lang='lat' dir='ltr'>sabbato</span> <span class='ocrx_word' id='word_1_390' title='bbox 1709 3357 1891 3398; x_wconf 88' lang='lat' dir='ltr'>sancto</span> <span class='ocrx_word' id='word_1_391' title='bbox 1922 3343 2193 3416; x_wconf 87' lang='lat' dir='ltr'>praecepit</span> <span class='ocrx_word' id='word_1_392' title='bbox 2226 3344 2283 3395; x_wconf 89' lang='lat' dir='ltr'>in</span> <span class='ocrx_word' id='word_1_393' title='bbox 2312 3334 2560 3394; x_wconf 82' lang='lat' dir='ltr'>omnibus</span> <span class='ocrx_word' id='word_1_394' title='bbox 2586 3343 2752 3394; x_wconf 88' lang='lat' dir='ltr'>titulis</span> 
     </span>
    </p>
   </div>
   <div class='ocr_carea' id='block_1_8' title="bbox 486 3448 2756 3911">
    <p class='ocr_par' dir='ltr' id='par_1_14' title="bbox 486 3448 2756 3621">
     <span class='ocr_line' id='line_1_40' title="bbox 573 3448 2754 3499; baseline 0 -14"><span class='ocrx_word' id='word_1_395' title='bbox 573 3452 607 3494; x_wconf 93' lang='lat'>1)</span> <span class='ocrx_word' id='word_1_396' title='bbox 633 3449 770 3486; x_wconf 87' lang='lat' dir='ltr'>Liberii</span> <span class='ocrx_word' id='word_1_397' title='bbox 797 3450 925 3496; x_wconf 89' lang='lat' dir='ltr'>lapsus</span> <span class='ocrx_word' id='word_1_398' title='bbox 953 3451 1075 3497; x_wconf 88' lang='lat' dir='ltr'>qualis</span> <span class='ocrx_word' id='word_1_399' title='bbox 1100 3451 1238 3498; x_wconf 80' lang='lat' dir='ltr'>fuerit,</span> <span class='ocrx_word' id='word_1_400' title='bbox 1270 3463 1346 3488; x_wconf 92' lang='lat' dir='ltr'>non</span> <span class='ocrx_word' id='word_1_401' title='bbox 1373 3452 1560 3489; x_wconf 79' lang='lat' dir='ltr'>incuriose</span> <span class='ocrx_word' id='word_1_402' title='bbox 1592 3463 1661 3490; x_wconf 90' lang='lat' dir='ltr'>nos</span> <span class='ocrx_word' id='word_1_403' title='bbox 1690 3453 1950 3490; x_wconf 73' lang='lat' dir='ltr'>ventilavimus</span> <span class='ocrx_word' id='word_1_404' title='bbox 1976 3451 2075 3499; x_wconf 86' lang='lat' dir='ltr'>Spic.</span> <span class='ocrx_word' id='word_1_405' title='bbox 2105 3461 2198 3488; x_wconf 87' lang='lat' dir='ltr'>rom.</span> <span class='ocrx_word' id='word_1_406' title='bbox 2227 3448 2270 3486; x_wconf 90' lang='lat' dir='ltr'>T.</span> <span class='ocrx_word' id='word_1_407' title='bbox 2297 3450 2360 3485; x_wconf 85' lang='lat' dir='ltr'>VI.</span> <span class='ocrx_word' id='word_1_408' title='bbox 2385 3460 2421 3497; x_wconf 90' lang='lat' dir='ltr'>p.</span> <span class='ocrx_word' id='word_1_409' title='bbox 2453 3453 2512 3486; x_wconf 84' lang='lat'>59.</span> <span class='ocrx_word' id='word_1_410' title='bbox 2533 3453 2594 3494; x_wconf 83' lang='lat'>60,</span> <span class='ocrx_word' id='word_1_411' title='bbox 2613 3449 2754 3497; x_wconf 81' lang='lat' dir='ltr'>prolato</span> 
     </span>
     <span class='ocr_line' id='line_1_41' title="bbox 486 3508 2756 3558; baseline 0 -14"><span class='ocrx_word' id='word_1_412' title='bbox 486 3508 601 3545; x_wconf 84' lang='lat' dir='ltr'>etiam</span> <span class='ocrx_word' id='word_1_413' title='bbox 628 3508 827 3545; x_wconf 89' lang='lat' dir='ltr'>Bonizonis</span> <span class='ocrx_word' id='word_1_414' title='bbox 853 3509 971 3545; x_wconf 81' lang='lat' dir='ltr'>nostri</span> <span class='ocrx_word' id='word_1_415' title='bbox 988 3511 1202 3547; x_wconf 86' lang='lat' dir='ltr'>testimonio</span> <span class='ocrx_word' id='word_1_416' title='bbox 1223 3522 1263 3547; x_wconf 86' lang='lat' dir='ltr'>ex</span> <span class='ocrx_word' id='word_1_417' title='bbox 1292 3510 1420 3548; x_wconf 83' lang='lat' dir='ltr'>codice</span> <span class='ocrx_word' id='word_1_418' title='bbox 1444 3512 1625 3548; x_wconf 88' lang='lat' dir='ltr'>vaticano.</span> <span class='ocrx_word' id='word_1_419' title='bbox 1657 3511 1751 3548; x_wconf 86' lang='lat' dir='ltr'>llluc</span> <span class='ocrx_word' id='word_1_420' title='bbox 1781 3512 1894 3558; x_wconf 75' lang='lat' dir='ltr'>igitur</span> <span class='ocrx_word' id='word_1_421' title='bbox 1914 3510 2069 3548; x_wconf 83' lang='lat' dir='ltr'>lectores</span> <span class='ocrx_word' id='word_1_422' title='bbox 2093 3515 2240 3546; x_wconf 83' lang='lat' dir='ltr'>nostros</span> <span class='ocrx_word' id='word_1_423' title='bbox 2262 3508 2489 3555; x_wconf 81' lang='lat' dir='ltr'>ablegamus.</span> <span class='ocrx_word' id='word_1_424' title='bbox 2519 3508 2675 3556; x_wconf 86' lang='lat' dir='ltr'>Insuper</span> <span class='ocrx_word' id='word_1_425' title='bbox 2692 3508 2756 3545; x_wconf 87' lang='lat' dir='ltr'>ad-</span> 
     </span>
     <span class='ocr_line' id='line_1_42' title="bbox 491 3567 2727 3621; baseline 0 -18"><span class='ocrx_word' id='word_1_426' title='bbox 491 3577 710 3621; x_wconf 76' lang='lat' dir='ltr'>monemus,</span> <span class='ocrx_word' id='word_1_427' title='bbox 743 3567 841 3604; x_wconf 81' lang='lat' dir='ltr'>inter</span> <span class='ocrx_word' id='word_1_428' title='bbox 869 3568 911 3603; x_wconf 90' lang='lat' dir='ltr'>P.</span> <span class='ocrx_word' id='word_1_429' title='bbox 938 3569 1137 3606; x_wconf 85' lang='lat' dir='ltr'>Zachariae</span> <span class='ocrx_word' id='word_1_430' title='bbox 1165 3570 1301 3607; x_wconf 83' lang='lat' dir='ltr'>latinas</span> <span class='ocrx_word' id='word_1_431' title='bbox 1326 3570 1606 3607; x_wconf 81' lang='lat' dir='ltr'>dissertationes</span> <span class='ocrx_word' id='word_1_432' title='bbox 1634 3572 1677 3607; x_wconf 91' lang='lat' dir='ltr'>T.</span> <span class='ocrx_word' id='word_1_433' title='bbox 1700 3572 1730 3607; x_wconf 90' lang='lat'>1.</span> <span class='ocrx_word' id='word_1_434' title='bbox 1754 3571 1947 3618; x_wconf 83' lang='lat' dir='ltr'>septimam</span> <span class='ocrx_word' id='word_1_435' title='bbox 1974 3580 2053 3607; x_wconf 88' lang='lat' dir='ltr'>esse</span> <span class='ocrx_word' id='word_1_436' title='bbox 2080 3570 2129 3606; x_wconf 89' lang='lat' dir='ltr'>de</span> <span class='ocrx_word' id='word_1_437' title='bbox 2153 3570 2412 3605; x_wconf 66' lang='lat' dir='ltr'>comment-itio</span> <span class='ocrx_word' id='word_1_438' title='bbox 2435 3567 2578 3604; x_wconf 77' lang='lat' dir='ltr'>Liberii</span> <span class='ocrx_word' id='word_1_439' title='bbox 2603 3568 2727 3615; x_wconf 83' lang='lat' dir='ltr'>lapsu.</span> 
     </span>
    </p>

    <p class='ocr_par' dir='ltr' id='par_1_15' title="bbox 487 3625 2754 3735">
     <span class='ocr_line' id='line_1_43' title="bbox 571 3625 2754 3678; baseline 0 -16"><span class='ocrx_word' id='word_1_440' title='bbox 571 3629 606 3669; x_wconf 85' lang='lat'>2)</span> <span class='ocrx_word' id='word_1_441' title='bbox 632 3627 772 3673; x_wconf 76' lang='lat' dir='ltr'>Nempe</span> <span class='ocrx_word' id='word_1_442' title='bbox 794 3627 880 3673; x_wconf 88' lang='lat' dir='ltr'>quia</span> <span class='ocrx_word' id='word_1_443' title='bbox 906 3627 1011 3663; x_wconf 85' lang='lat' dir='ltr'>Felix</span> <span class='ocrx_word' id='word_1_444' title='bbox 1036 3628 1119 3664; x_wconf 86' lang='lat' dir='ltr'>loeo</span> <span class='ocrx_word' id='word_1_445' title='bbox 1147 3629 1287 3666; x_wconf 84' lang='lat' dir='ltr'>Liberii</span> <span class='ocrx_word' id='word_1_446' title='bbox 1313 3629 1466 3667; x_wconf 85' lang='lat' dir='ltr'>viventis</span> <span class='ocrx_word' id='word_1_447' title='bbox 1493 3635 1530 3666; x_wconf 85' lang='lat' dir='ltr'>et</span> <span class='ocrx_word' id='word_1_448' title='bbox 1553 3629 1670 3667; x_wconf 88' lang='lat' dir='ltr'>exulis</span> <span class='ocrx_word' id='word_1_449' title='bbox 1698 3629 1817 3666; x_wconf 91' lang='lat' dir='ltr'>tenuit</span> <span class='ocrx_word' id='word_1_450' title='bbox 1842 3628 2100 3678; x_wconf 85' lang='lat' dir='ltr'>pontificatum</span> <span class='ocrx_word' id='word_1_451' title='bbox 2118 3654 2128 3674; x_wconf 90' lang='lat'>,</span> <span class='ocrx_word' id='word_1_452' title='bbox 2157 3638 2267 3675; x_wconf 88' lang='lat' dir='ltr'>quem</span> <span class='ocrx_word' id='word_1_453' title='bbox 2292 3633 2415 3675; x_wconf 84' lang='lat' dir='ltr'>postea</span> <span class='ocrx_word' id='word_1_454' title='bbox 2443 3626 2671 3674; x_wconf 84' lang='lat' dir='ltr'>recuperavit</span> <span class='ocrx_word' id='word_1_455' title='bbox 2692 3625 2754 3662; x_wconf 88' lang='lat' dir='ltr'>Li·</span> 
     </span>
     <span class='ocr_line' id='line_1_44' title="bbox 487 3684 1426 3735; baseline 0.003 -14"><span class='ocrx_word' id='word_1_456' title='bbox 487 3684 625 3721; x_wconf 82' lang='lat' dir='ltr'>herlus.</span> <span class='ocrx_word' id='word_1_457' title='bbox 654 3684 799 3729; x_wconf 85' lang='lat' dir='ltr'>Videsis</span> <span class='ocrx_word' id='word_1_458' title='bbox 830 3684 1062 3722; x_wconf 88' lang='lat' dir='ltr'>Bernardum</span> <span class='ocrx_word' id='word_1_459' title='bbox 1091 3686 1274 3724; x_wconf 89' lang='lat' dir='ltr'>Guidonis</span> <span class='ocrx_word' id='word_1_460' title='bbox 1301 3699 1337 3735; x_wconf 85' lang='lat' dir='ltr'>p.</span> <span class='ocrx_word' id='word_1_461' title='bbox 1368 3692 1426 3724; x_wconf 79' lang='grc'>61.</span> 
     </span>
    </p>

    <p class='ocr_par' dir='ltr' id='par_1_16' title="bbox 490 3743 2753 3911">
     <span class='ocr_line' id='line_1_45' title="bbox 571 3743 2753 3794; baseline -0 -14"><span class='ocrx_word' id='word_1_462' title='bbox 571 3746 605 3787; x_wconf 90' lang='grc'>3)</span> <span class='ocrx_word' id='word_1_463' title='bbox 631 3744 829 3791; x_wconf 88' lang='lat' dir='ltr'>Sequentia</span> <span class='ocrx_word' id='word_1_464' title='bbox 860 3754 955 3791; x_wconf 88' lang='lat' dir='ltr'>quae</span> <span class='ocrx_word' id='word_1_465' title='bbox 986 3755 1049 3791; x_wconf 87' lang='lat' dir='ltr'>per</span> <span class='ocrx_word' id='word_1_466' title='bbox 1074 3750 1237 3782; x_wconf 84' lang='lat' dir='ltr'>saturam</span> <span class='ocrx_word' id='word_1_467' title='bbox 1268 3745 1314 3783; x_wconf 88' lang='lat' dir='ltr'>de</span> <span class='ocrx_word' id='word_1_468' title='bbox 1337 3747 1490 3794; x_wconf 84' lang='lat' dir='ltr'>reliquis</span> <span class='ocrx_word' id='word_1_469' title='bbox 1517 3747 1683 3784; x_wconf 87' lang='lat' dir='ltr'>romanis</span> <span class='ocrx_word' id='word_1_470' title='bbox 1712 3746 1955 3784; x_wconf 80' lang='lat' dir='ltr'>Pontificibus</span> <span class='ocrx_word' id='word_1_471' title='bbox 1981 3751 2108 3783; x_wconf 85' lang='lat' dir='ltr'>narrat</span> <span class='ocrx_word' id='word_1_472' title='bbox 2137 3744 2298 3790; x_wconf 83' lang='lat' dir='ltr'>Bonizo,</span> <span class='ocrx_word' id='word_1_473' title='bbox 2324 3745 2397 3782; x_wconf 91' lang='lat' dir='ltr'>iam</span> <span class='ocrx_word' id='word_1_474' title='bbox 2426 3754 2494 3781; x_wconf 90' lang='lat' dir='ltr'>nos</span> <span class='ocrx_word' id='word_1_475' title='bbox 2521 3743 2753 3780; x_wconf 85' lang='lat' dir='ltr'>recitavimus</span> 
     </span>
     <span class='ocr_line' id='line_1_46' title="bbox 490 3800 2753 3852; baseline -0.001 -13"><span class='ocrx_word' id='word_1_476' title='bbox 490 3803 531 3839; x_wconf 90' lang='lat' dir='ltr'>in</span> <span class='ocrx_word' id='word_1_477' title='bbox 555 3802 686 3850; x_wconf 86' lang='lat' dir='ltr'>Spicil.</span> <span class='ocrx_word' id='word_1_478' title='bbox 715 3813 810 3841; x_wconf 90' lang='lat' dir='ltr'>rom.</span> <span class='ocrx_word' id='word_1_479' title='bbox 837 3803 880 3839; x_wconf 91' lang='lat' dir='ltr'>T.</span> <span class='ocrx_word' id='word_1_480' title='bbox 904 3803 968 3839; x_wconf 81' lang='lat' dir='ltr'>VI.</span> <span class='ocrx_word' id='word_1_481' title='bbox 993 3813 1028 3850; x_wconf 93' lang='lat' dir='ltr'>p.</span> <span class='ocrx_word' id='word_1_482' title='bbox 1052 3806 1225 3848; x_wconf 78' lang='lat'>273-281,</span> <span class='ocrx_word' id='word_1_483' title='bbox 1252 3815 1328 3841; x_wconf 88' lang='lat' dir='ltr'>non</span> <span class='ocrx_word' id='word_1_484' title='bbox 1357 3805 1437 3842; x_wconf 89' lang='lat' dir='ltr'>sine</span> <span class='ocrx_word' id='word_1_485' title='bbox 1462 3811 1588 3843; x_wconf 87' lang='lat' dir='ltr'>tamen</span> <span class='ocrx_word' id='word_1_486' title='bbox 1621 3806 1778 3844; x_wconf 86' lang='lat' dir='ltr'>notabili</span> <span class='ocrx_word' id='word_1_487' title='bbox 1806 3805 1979 3844; x_wconf 82' lang='lat' dir='ltr'>varietate</span> <span class='ocrx_word' id='word_1_488' title='bbox 2007 3804 2210 3852; x_wconf 86' lang='lat' dir='ltr'>multisque</span> <span class='ocrx_word' id='word_1_489' title='bbox 2237 3803 2462 3847; x_wconf 83' lang='lat' dir='ltr'>defectibus,</span> <span class='ocrx_word' id='word_1_490' title='bbox 2490 3812 2533 3839; x_wconf 84' lang='lat' dir='ltr'>ex</span> <span class='ocrx_word' id='word_1_491' title='bbox 2555 3800 2753 3839; x_wconf 88' lang='lat' dir='ltr'>Bonizonis</span> 
     </span>
     <span class='ocr_line' id='line_1_47' title="bbox 490 3860 1565 3911; baseline 0.003 -13"><span class='ocrx_word' id='word_1_492' title='bbox 490 3861 714 3910; x_wconf 85' lang='lat' dir='ltr'>compendio</span> <span class='ocrx_word' id='word_1_493' title='bbox 740 3860 924 3910; x_wconf 86' lang='lat' dir='ltr'>quodam,</span> <span class='ocrx_word' id='word_1_494' title='bbox 953 3872 1017 3899; x_wconf 91' lang='lat' dir='ltr'>seu</span> <span class='ocrx_word' id='word_1_495' title='bbox 1046 3862 1167 3909; x_wconf 90' lang='lat' dir='ltr'>potius</span> <span class='ocrx_word' id='word_1_496' title='bbox 1194 3869 1360 3911; x_wconf 82' lang='lat' dir='ltr'>excerpto</span> <span class='ocrx_word' id='word_1_497' title='bbox 1388 3865 1565 3905; x_wconf 76' lang='lat' dir='ltr'>vaticano.</span> 
     </span>
    </p>
   </div>
   <div class='ocr_carea' id='block_1_9' title="bbox 2943 0 2996 4432">
    <p class='ocr_par' dir='ltr' id='par_1_17' title="bbox 2943 0 2996 4432">
     <span class='ocr_line' id='line_1_48' title="bbox 2943 0 2996 4432; baseline 0 0"><span class='ocrx_word' id='word_1_498' title='bbox 2943 0 2996 4432; x_wconf 95' lang='lat' dir='ltr'> </span> 
     </span>
    </p>
   </div>
  </div>
 </body>
</html>
