2944 4426
315 681 345 702 v.
366 676 412 702 28.

183 708 253 738 cod.
267 709 288 740 r.
305 713 367 740 123.
382 717 410 739 a.

331 1911 360 1934 V.
380 1908 407 1933 6.

202 1939 219 1956 *
230 1941 334 1977 ποδῶν
350 1959 409 1989 pro

206 1989 298 2025 ὁδῶν.

133 2343 147 2357 ‘
165 2338 279 2369 matth.
294 2339 361 2370 vn.
382 2343 409 2369 6.

330 2542 360 2564 V.
379 2539 408 2564 7.

167 2570 236 2602 cod.
258 2570 279 2600 l.
302 2574 363 2600 124.
383 2578 411 2599 a.

312 2966 342 2987 v.
365 2963 407 2989 10.

166 2994 234 3023 cod.
253 2994 275 3025 f.
297 2995 406 3024 lem-1).

202 3190 210 3200 ²
225 3188 299 3219 Luc.
318 3190 367 3219 111.
381 3195 408 3220 6

160 3374 162 3380 ¹
206 3307 368 3362 3cen.v1.
381 3336 409 3362 3.

320 3812 436 3844 v.17.s

166 3843 237 3872 cod.
258 3844 286 3874 l.
307 3848 368 3874 125.

460 220 521 266 48

457 315 586 385 τέρα,
619 340 726 380 νιον,
761 325 937 386 πνεῦμα,
971 320 1206 391 ὄφθαλμον,
1233 322 1364 390 ς-ἇμα,
1398 325 1541 392 χειλη,

454 393 665 456 γλῶσσαν,
699 387 898 457 λάρυγγα,
931 415 972 442 κο
957 392 1104 456 ιλιαν,
1128 393 1294 457 κόλπον,
1325 395 1540 464 βραχῖονα,

455 457 668 520 δακτυλον,
701 466 905 529 μυκτῆρα,
931 460 1149 551 πρόβατον,
1178 465 1324 535 ἔριφον,
1350 467 1540 532 ποιμένα,

453 554 520 579 και
558 530 664 580 ἄλλα
701 530 863 583 πλείονα
899 533 1077 599 ὄνὸματα
1121 541 1189 593 τῆς
1233 541 1403 603 ψυχῆς,
1440 561 1467 586 α
1501 543 1546 589 οὐ

455 599 625 651 δυνατον
656 624 721 651 νυν
752 601 1017 671 παραθέσθαι
1048 611 1134 657 κατ’
1169 603 1289 664 εἰδος.

494 671 643 726 Βουλην
681 669 761 725 εἰπε
766 697 786 723 ν
823 677 1007 727 ενταυθα
1043 700 1116 731 την
1154 678 1219 729 ἐπι
1256 701 1297 730 το
1340 683 1515 746 κρεῖττον

452 741 575 810 ῥοπην
607 749 680 800 τῆς
714 745 897 812 καρδίας·
933 746 1027 799 ὅταν
1059 772 1120 806 τις
1153 752 1216 798 οὐκ
1234 747 1545 838 Ηὲπικάλουμενος

455 813 526 866 τὴν
548 817 595 876 βο
594 813 735 869 ηθειαν
761 821 829 868 τοῦ
851 825 921 867 θεο
906 842 947 868 υ
969 822 1012 867 ἐν
1038 817 1187 885 ἔαυτῳ,
1213 824 1270 874 εἰς
1293 825 1340 882 βο
1324 818 1439 872 υλην
1464 843 1548 872 ποι-

451 883 528 950 ἦσῃ
561 909 600 936 τι
631 885 789 953 ἀγαθον
826 887 930 953 μετὰ
965 886 1170 954 σκέψεως,
1210 889 1322 940 ἀλλα
1354 893 1545 946 αὗθαόως

452 979 521 1006 και
547 956 878 1021 ἀλαζονευόμενος
902 959 1084 1027 αρξηται·
1108 963 1151 1009 οὐ
1174 958 1451 1013 τελεσθήσεται
1475 957 1541 1020 δε,

455 1025 564 1076 αλλα
585 1027 978 1093 συμπτωθησεται
961 1054 979 1079 ο
1004 1033 1216 1096 ἐπιχειρεῖ,
1247 1034 1308 1081 ὅτι
1342 1033 1386 1080 οὗ
1417 1054 1546 1099 περιε-

454 1119 628 1163 τειχισεν
653 1098 792 1150 ἔαυτον
825 1104 874 1166 τῇ
903 1098 1062 1164 βοηθεῖα
1086 1124 1155 1152 του
1184 1106 1270 1151 θεοῦ
1294 1103 1348 1157 εἷς
1377 1100 1545 1163 βουλήν.

1387 1242 1565 1285 GAP.

442 1357 460 1378 ey

165 1394 409 1456 0011,f‚123'‚’1,
462 1365 601 1448 Ιππον
636 1399 852 1456 ἐνταῦθα,
887 1419 1006 1466 φησι,
1046 1397 1113 1448 τόν
1152 1420 1280 1464 ταχυν
1314 1422 1370 1456 εις
1405 1397 1543 1467 μάθη-

452 1487 511 1515 σιν
544 1465 685 1555 σοφίας
706 1506 718 1527 ,
752 1491 818 1516 και
851 1466 1091 1524 δικαιοσυνης
1121 1469 1292 1520 ὃεκτικὲν
1313 1471 1540 1562 ανθρωπον·

450 1540 498 1585 δι’
528 1558 767 1604 αινιγματων
798 1537 838 1588 δε
869 1539 1072 1604 μαστίζει·
1104 1563 1178 1603 ονῳ
1210 1540 1251 1590 δὲ
1280 1539 1448 1610 κε’ντρον·
1476 1565 1544 1595 τον

448 1607 596 1675 βραόυν
630 1611 670 1659 ἐν
703 1631 853 1666 τουτοις
886 1615 968 1668 τοῖς
999 1609 1128 1677 λόγοις
1161 1616 1342 1680 σκληροῖς
1371 1618 1543 1676 κεντᾷν,

450 1677 545 1746 (ροβε
548 1700 567 1727 ν
601 1682 872 1768 ἑμποιρῧντας·
909 1682 1020 1731 ἔθνει
1052 1681 1092 1731 &a
1126 1681 1258 1767 ἄφρονι
1290 1681 1423 1751 ραβόῳ
1448 1707 1546 1737 τυπ-

452 1756 624 1808 τεσθαι,
660 1772 746 1806 τους
777 1750 1043 1809 αναισθητους
1067 1750 1220 1810 οἰκέτας
1251 1753 1278 1808 ἦ
1307 1754 1546 1824 ὑποχειρίους

451 1819 634 1888 ἑριζεται·
668 1821 693 1873 7‘1
724 1821 871 1890 ραβόος
901 1821 976 1891 γὰρ
1010 1821 1254 1888 συμβολόν’
1240 1847 1301 1883 ες·ι
1332 1825 1545 1884 κολάσεως.

514 1895 590 1942 Ἐκ
616 1895 690 1941 τῶν
715 1917 763 1944 πο
747 1892 881 1942 δῶν’ι
901 1897 996 1946 αὐτο
1000 1898 1024 1942 ῧ
1044 1918 1082 1943 κ.
1094 1917 1132 1944 τ
1146 1899 1184 1943 λ.
1208 1894 1345 1980 Hostia-3
1373 1900 1548 1948 ἐνταῦθα

453 1984 541 2019 τους
571 1961 723 2019 οἶκετας
747 1984 875 2032 φησιν
902 1965 1043 2020 ονειόος
1068 1966 1110 2014 δὲ
1138 1967 1182 2022 ἐξ
1209 1969 1334 2018 αυτῶν
1359 1968 1378 2015 o‘
1402 1967 1548 2018 δεσπό·

453 2055 522 2088 της
555 2034 683 2098 ἑαυτῷ
705 2058 752 2085 πο
755 2058 899 2096 ιειται,
926 2037 949 2084 o‘
974 2037 1050 2088 οἷπο
1035 2034 1230 2086 στέλλων
1256 2035 1329 2103 λόγ
1332 2059 1371 2086 ον
1396 2040 1443 2087 δι
1474 2041 1548 2106 ἆγ-

451 2102 569 2169 γε’λου
606 2104 794 2172 ἄφρονος,
826 2104 852 2159 ἢ
881 2109 1026 2168 βουλῆς
1044 2146 1057 2165 ,
1090 2130 1117 2160 η
1149 2130 1189 2157 σε
1177 2129 1289 2175 ,φιας
1311 2146 1323 2166 ,
1356 2133 1382 2161 τι
1414 2131 1547 2192 ωρεσ-

450 2173 563 2235 βειας
584 2214 598 2235 ,
629 2173 654 2228 ἦ
687 2199 924 2241 συμμαχιας
945 2218 958 2237 .,
997 2200 1022 2230 η
1056 2176 1181 2244 λόγων
1220 2177 1493 2243 συμπαθειας.
1526 2180 1546 2230 ὅ

450 2267 527 2312 γαρ
558 2268 685 2313 αφρων
715 2251 886 2299 ἧτταται
920 2251 958 2297 ἐν
991 2267 1124 2300 παντι·
1161 2272 1229 2298 και
1265 2272 1341 2316 γαρ
1372 2250 1390 2299 ὃ
1423 2248 1546 2319 κύριος

453 2319 492 2364 ἐν
513 2316 722 2382 εὖαγγελιο
726 2341 756 2373 ις
776 2316 918 2386 φησιν’*
923 2339 934 2351 ·
961 2340 1003 2368 ὀυ
1024 2321 1079 2368 ὂει
1105 2341 1181 2373 τοις
1204 2343 1291 2371 κυσι
1317 2318 1469 2370 &aiom
1497 2343 1546 2371 τοι

452 2389 570 2452 ἅγια,
605 2387 692 2437 οὐδε
724 2369 887 2449 βάλλειν
921 2389 1008 2445 τοὺς
1041 2411 1294 2457 μαργαριτας
1328 2391 1547 2458 ἔμπροσθεν

453 2462 529 2508 τῶν
559 2480 616 2520 χο
622 2481 724 2525 ιρων.

527 2527 690 2594 Περιελε
720 2530 879 2618 ἄφρονος
901 2529 990 2580 &dciv
1012 2529 1153 2591 naz-riv,
1178 2531 1244 2580 καὶ
1277 2536 1419 2598 γνῶσιν
1452 2539 1549 2597 ψευ-

456 2601 503 2649 δη
535 2621 686 2666 μακραν
720 2624 878 2653 ποι-οσον
911 2602 980 2653 ἀπ’
1017 2605 1153 2653 avec-3.

459 2672 461 2674 ’
522 2672 573 2718 Ὁ
604 2670 837 2732 μεταὸιόους
868 2694 1000 2739 αφρονι
1031 2693 1194 2740 γνωσιν,
1225 2673 1355 2736 ομοιός
1386 2676 1470 2724 ἐστι
1496 2677 1552 2739 τῷ

454 2737 560 2788 λιθον
594 2763 708 2804 ατιμε
711 2764 731 2790 ν
765 2744 802 2791 ἐν
834 2740 1022 2811 σφενόὄνῃ
1054 2748 1183 2810 χρυσῇ
1206 2742 1500 2810 ωροσωηξαντι·
1525 2767 1552 2797 η

453 2807 567 2858 λιθον
608 2813 764 2876 ἔντιμον
809 2813 850 2862 ἐν
894 2812 1080 2883 σφενδόνῃ
1124 2814 1386 2881 λιθοβολουσῃ
1425 2813 1551 2864 λιθοῖ-

453 2903 582 2932 σαντι.

519 2951 616 3001 Ἑᾶν
650 2955 890 3022 συντριβῇ
867 2979 892 3008 η
923 2955 1115 3012 ἔκστασις
1140 2960 1212 3008 τῶν
1237 2953 1435 3024 ἁφρονων,
1466 2958 1551 3005 καθ’

449 3019 494 3073 ἦν
534 3022 752 3080 ἐξέστησαν
797 3030 928 3086 θεοῦ,
974 3025 1097 3077 (πάλιν
1141 3027 1312 3094 καθαροι
1356 3025 1552 3093 γενόμενοι

452 3093 734 3160 προσέρχονται
764 3100 820 3161 τῷ
851 3101 935 3161 θεῷ·
971 3101 1083 3148 πᾶσα
1113 3120 1188 3164 γαρ
1213 3097 1310 3164 σαρξ
1334 3098 1473 3162 οψεται
1505 3121 1550 3148 το

453 3186 614 3231 σωτῆρα
599 3188 637 3213 ν
660 3189 724 3215 του
750 3167 878 3215 θεοῧ’Κ
882 3168 1160 3235 ’Προσεκτέον
1193 3167 1235 3218 δὲ
1261 3172 1456 3226 ἐνταῦθα,
1491 3170 1551 3218 ὅτι

455 3255 530 3288 τας
562 3235 849 3299 παχυνθεισας
882 3238 1015 3302 ψυχας
1047 3237 1122 3288 ἀπο
1158 3243 1227 3294 τῆς
1258 3261 1430 3296 κακιας,
1458 3259 1552 3303 σαρ-

454 3326 526 3359 κας
548 3304 719 3372 ἀφρόνων
739 3329 954 3370 ωνομασεν·
982 3311 1080 3359 οὕτω
1102 3332 1165 3359 και
1192 3333 1211 3358 ο
1231 3332 1352 3377 κυριος
1376 3308 1532 3377 9⁷:6ch

455 3396 497 3422 ου
528 3374 587 3438 μῆ
618 3375 842 3443 καταμείνῃ
866 3402 910 3429 το
944 3383 1100 3443 πνεῦμα
1123 3402 1196 3458 μου
1229 3382 1268 3429 ἐν
1301 3402 1385 3435 τοις
1410 3378 1553 3449 ἀνθρώ·

454 3466 540 3499 ποις
561 3484 574 3504 ,
611 3445 675 3494 δια
707 3469 752 3497 το
788 3453 886 3498 εἰναι
917 3447 1062 3505 αὐτους
1095 3474 1264 3516 σαρκας.

523 3516 574 3565 ‘O
607 3519 841 3577 ἀποβαλών,
877 3542 992 3587 φησι,
1018 3521 1159 3570 κακίαν
1191 3544 1287 3573 αυτο
1288 3524 1334 3580 ῧ,
1363 3544 1428 3571 και
1454 3543 1551 3605 προς

454 3583 580 3638 αὐτην
612 3585 731 3636 ποῖλιν
764 3588 975 3656 ἐπιςρέψας
959 3629 1000 3649 3,
1026 3589 1156 3655 ὅμοιᾶς
1189 3594 1273 3649 ἐςιν
1297 3615 1381 3641 κυνι
1407 3592 1554 3641 ἐσθιον-

455 3679 493 3707 τι
519 3679 585 3706 τον
610 3658 707 3706 ἴδιον
734 3658 887 3721 ἔμετον·
920 3683 988 3710 οια
1009 3666 1058 3713 ἦν
1082 3666 1107 3715 ἦ
1133 3684 1176 3711 το
1178 3686 1200 3711 υ
1225 3659 1323 3713 Λωτ
1348 3683 1461 3728 γυνη,
1487 3685 1552 3711 και

458 3749 551 3794 προς
584 3750 626 3776 ον
659 3751 702 3778 το
741 3726 970 3797 ἀκαθαρτον
1007 3729 1162 3795 πνεῧμα
1174 3730 1451 3819 ἐπέστρεψεν.

534 3796 714 3864 Χρηστέο
717 3821 736 3848 ν
769 3822 812 3849 τ
796 3804 893 3864 οῢτῳ
919 3804 971 3864 τῷ
992 3823 1094 3868 ρητῳ
1117 3801 1211 3869 πρὲς
1237 3825 1321 3859 τους
1345 3800 1560 3871 ψηφιζομέ-

1482 239 1680 276 onrcnms

1611 330 1722 388 lum,
1755 344 1824 386 os,
1855 330 1963 376 labia
1980 365 1992 387 ,
2024 330 2242 388 linguam,
2276 334 2449 388 guttur,
2481 334 2670 376 ventrem
2685 330 2704 390 ,'

1613 403 1752 447 sinum
1769 435 1782 458 ,
1808 403 2056 459 brachium,
2087 404 2297 459 digitum,
2329 416 2450 447 nares
2469 437 2482 459 ‚
2512 405 2704 461 lignum,

1603 475 1739 517 ‘ovem
1755 506 1767 529 ‚
1799 475 1979 518 haedum
1998 506 2010 529 ,
2041 480 2255 531 pastorem
2270 506 2282 529 ‚
2315 479 2370 518 et*
2385 475 2467 518 alia
2485 476 2610 531 plura
2627 488 2706 518 no-

1613 547 1724 589 mina
1754 547 1917 590 animae
1933 578 1946 602 ,
1979 560 2085 604 quae
2114 560 2227 591 nunc
2256 547 2499 602 singillatim
2520 547 2704 602 proferri

1615 622 1859 673 nequeunt.-

1676 690 1904 732 Consilium
1921 703 2034 733 nunc
2051 690 2153 733 dicit
2168 689 2309 733 cordis
2325 689 2380 732 ad
2395 690 2593 732 virtutem
2609 700 2706 731 mo-

1617 763 1724 801 tum.
1750 761 1854 802 Cum
1877 761 2030 816 aliquis
2051 762 2129 803 Dei
2151 761 2350 804 auxilium
2372 760 2453 803 sibi
2475 772 2562 803 non
2583 760 2708 802 invo-

1618 831 1774 873 caverit
1812 833 1930 887 quasi
1958 832 2012 875 ad
2042 833 2290 888 consilium,
2327 838 2375 875 ut
2409 832 2515 875 boni
2545 830 2706 887 aliquid

1615 901 1881 945 considerate
1900 903 2047 957 faciat;
2071 904 2146 946 sed
2163 904 2361 947 audacter
2377 908 2505 959 atque
2524 901 2707 958 superbe

1614 971 1783 1015 initium
1812 974 1873 1016 rei
1902 973 2069 1027 fecerit3
2103 974 2158 1017 ad
2186 975 2343 1017 exitum
2372 987 2460 1018 non
2496 974 2704 1026 deducet,

1614 1042 1689 1095 sed
1718 1055 1816 1085 cum
1850 1053 1896 1086 re
1933 1052 2008 1086 sua
2042 1048 2235 1099 suscepta
2264 1048 2454 1087 corruet:
2487 1043 2590 1098 quia
2618 1055 2706 1086 non

1614 1127 1658 1158 se
1688 1115 1966 1158 communivit
1996 1115 2073 1158 Dei
2095 1115 2250 1159 auxilio
2274 1114 2329 1158 ad
2349 1115 2585 1159 consilium.

1626 1242 1779 1285 XXVI.

1615 1346 1817 1448 Equum
1858 1404 1973 1436 nunc
2021 1391 2124 1436 dicit
2161 1390 2337 1435 celerem
2377 1389 2432 1433 ad
2478 1388 2710 1446 sapientiae

1612 1465 1951 1520 perceptionem,
1975 1467 2017 1507 et
2037 1463 2222 1506 iustitiae
2253 1474 2452 1518 capacem
2472 1461 2705 1504 hominem.

1610 1535 1925 1590 Aenigmatibus
1948 1538 2087 1578 autem
2106 1534 2310 1589 flagellat:
2336 1534 2453 1576 asino
2479 1531 2701 1584 stimulus3

1615 1609 1784 1658 tardum
1820 1607 1936 1651 duris
1975 1607 2116 1651 verbis
2153 1618 2416 1662 compunge,
2450 1606 2618 1647 incusso
2647 1600 2707 1647 ti-

1615 1693 1749 1724 more.
1769 1670 1891 1723 Genti
1911 1691 2088 1722 vesanae
2109 1678 2251 1733 virgae
2266 1676 2581 1733 percussionem
2597 1706 2610 1730 ,
2629 1687 2710 1718 nec

1616 1766 1702 1795 non
1719 1751 1897 1808 stupidis
1910 1750 2078 1794 famulis
2093 1749 2358 1804 subditisque
2376 1747 2581 1798 decernit.
2601 1747 2709 1790 Nam

1617 1824 1736 1878 virga
1764 1823 1997 1880 punitionis
2026 1820 2270 1877 symbolum
2299 1823 2378 1862 est.

1675 1897 1735 1938 Ex
1764 1894 1945 1951 pedibus
1973 1894 2059 1936 suis
2089 1896 2173 1935 etc.
2207 1889 2340 1934 Pedes
2369 1888 2483 1932 nunc
2513 1888 2615 1931 dicit
2641 1887 2709 1930 fa-

1618 1967 1773 2010 mulos.
1807 1965 2099 2022 Opprobrium
2129 1963 2211 2006 sibi
2241 1961 2437 2005 conciliat
2455 1991 2467 2015 ,
2506 1960 2582 2015 qui
2610 1971 2712 2002 ver-

1618 2038 1720 2081 bum
1750 2051 1828 2095 per
1857 2038 2034 2080 stultum
2063 2035 2265 2078 nuncium
2294 2033 2448 2084 mittit,
2466 2031 2569 2074 ·sive
2599 2042 2709 2073 con-

1619 2110 1729 2163 silii,
1755 2110 1841 2153 sive
1859 2108 2087 2164 sapientiae
2101 2139 2113 2162 ‚
2138 2106 2225 2149 sive
2245 2103 2489 2159 legationis,
2512 2102 2600 2144 sive
2621 2100 2711 2143 bel-

1617 2181 1726 2224 licae
1767 2180 1980 2223 societatis
1996 2209 2008 2233 ,
2049 2178 2119 2220 vel
2157 2174 2405 2219 consolandi
2435 2185 2570 2216 causa.
2604 2173 2712 2216 Nam

1619 2252 1772 2295 stultus
1791 2283 1802 2305 ,
1821 2252 1866 2294 in
1888 2250 2004 2293 omni
2033 2262 2080 2292 re
2110 2247 2362 2291 imbecillus.
2395 2244 2534 2297 Quare
2565 2247 2609 2286 et
2623 2244 2714 2286 Do-

1620 2324 1759 2366 minus
1787 2323 1833 2364 in
1862 2315 2089 2375 evangeliis
2118 2320 2202 2362 ait:
2236 2329 2324 2360 non
2360 2318 2532 2372 oporte-t
2569 2318 2712 2357 sancta

1619 2394 1721 2437 dare
1750 2393 1950 2446 canibus,
1982 2403 2121 2447 neque
2151 2389 2397 2444 margaritas
2427 2391 2523 2430 ante
2552 2398 2711 2441 porcos

1619 2466 1844 2523 proiicere.

1678 2540 1710 2580 l
1712 2551 1759 2581 ac
1773 2539 1879 2580 vites
1894 2536 2013 2579 stulti
2028 2535 2140 2577 viam
2158 2532 2335 2585 malam,
2355 2535 2398 2573 et
2415 2530 2566 2572 falsam
2580 2529 2711 2571 scien-

1621 2611 1723 2652 tiam
1753 2621 1778 2652 a
1806 2613 1849 2651 te
1882 2606 2033 2663 procul
2061 2616 2227 2647 amove.

1680 2682 1761 2734 Qui
1777 2680 2020 2736 impertitur
2036 2689 2191 2720 vesano
2221 2674 2462 2725 scientiam,
2485 2670 2632 2714 similis
2649 2674 2713 2713 est

1608 2754 1662 2796 *ei
1692 2754 1768 2809 qui
1786 2753 1913 2795 vilem
1933 2749 2119 2806 lapidem
2140 2749 2184 2790 in
2207 2757 2334 2789 aureo
2355 2743 2483 2788 anulo
2505 2741 2710 2795 collocat3

1622 2826 1692 2869 vel
1712 2824 1898 2881 lapidem
1915 2822 2149 2878 pretiosum
2168 2819 2213 2861 in
2234 2816 2367 2860 funda
2395 2827 2505 2871 quae
2527 2811 2714 2869 lapidem

1563 2936 1565 2938 .
1622 2897 1830 2953 lapidanti
1859 2893 2053 2938 remittit.

1682 2970 1723 3011 Si
1764 2958 1989 3022 dissipetur
2026 2961 2362 3019 imprudentium
2396 2963 2547 3013 stupor
2571 2987 2586 3010 ,
2624 2965 2714 3011 quo

1624 3054 1649 3084 a
1692 3042 1784 3083 Deo
1824 3040 2085 3081 recesserunt
2102 3066 2113 3088 ,
2152 3034 2292 3077 denuo
2330 3029 2478 3078 mundi
2520 3027 2623 3070 facti
2659 3024 2715 3068 ad

1623 3113 1760 3154 Deum
1790 3108 2014 3152 accedent:
2042 3106 2178 3149 omnis
2207 3104 2318 3147 enim
2348 3113 2448 3144 caro
2468 3097 2630 3147 videbit
2646 3109 2715 3154 sa-

1622 3184 1759 3226 lutare
1787 3181 1879 3223 Dei.
1913 3179 2018 3222 Heic
2048 3181 2111 3220 est
2127 3171 2571 3222 animadvertendum,
2595 3165 2715 3223 quod

1621 3255 1868 3296 incrassatas
1897 3253 2072 3306 peccato
2104 3244 2263 3290 animas
2277 3276 2289 3298 ,
2313 3254 2456 3287 carnes
2486 3240 2713 3284 stultorum

1622 3325 1867 3369 nominavit.
1890 3324 1955 3365 Sic
1975 3321 2099 3365 etiam
2121 3318 2326 3362 Dominus
2346 3315 2475 3358 dixit:
2501 3323 2589 3354 non
2612 3321 2714 3365 per-

1622 3397 1810 3440 manebit
1845 3395 2018 3451 spiritus
2055 3403 2174 3435 meus
2209 3390 2257 3433 in
2291 3384 2536 3431 hominibus
2553 3412 2566 3435 ,
2613 3380 2715 3435 quia

1625 3481 1770 3512 carnes
1798 3471 1911 3510 sunt.

1683 3539 1763 3592 Qui
1792 3543 2020 3593 postquam
2049 3537 2271 3590 peccatum
2290 3540 2412 3573 suum
2430 3523 2607 3577 abiecit,
2637 3521 2716 3564 de-

1624 3624 1710 3655 nuo
1742 3610 1797 3653 ad
1824 3609 1931 3652 illud
1959 3607 2188 3651 revertitur
2205 3635 2218 3658 ‚
2249 3600 2394 3645 similis
2423 3600 2486 3640 est
2508 3593 2604 3637 cani
2632 3604 2717 3635 vo-

1625 3683 1775 3725 mitum
1812 3692 1937 3723 suum
1971 3675 2217 3721 resumenti.
2250 3673 2316 3715 Sic
2344 3669 2425 3712 fuit
2451 3666 2550 3709 Loti
2579 3676 2716 3717 uxor,

1629 3757 1672 3796 et
1708 3752 1778 3794 ille
1812 3750 1867 3793 ad
1906 3761 2033 3805 quem
2072 3742 2313 3789 immundus
2355 3738 2526 3794 spiritus
2569 3734 2715 3778 rediit.
2743 3752 2746 3755 Δ

1688 3821 1900 3866 Utendum
1928 3824 1990 3864 est
2017 3819 2103 3861 hoc
2139 3815 2266 3859 effato
2303 3810 2506 3855 adversus
2539 3819 2612 3850 eos
2642 3806 2717 3861 qui
