2996 4432
1271 245 1514 277 nosizoms·
2483 235 2546 282 27

256 333 495 396 tentiae,
537 331 661 402 quia
698 327 899 401 primus
935 327 1098 380 homo
1135 327 1191 379 in
1225 328 1474 400 paradiso
1501 329 1800 399 expoliatus
1828 331 2034 394 fuerat,
2076 332 2169 385 sed
2211 334 2402 386 iterum
2446 353 2544 405 per

260 417 497 477 occisum
521 414 749 467 vitulum
783 413 1078 483 saginatum
1098 452 1111 476 ‚
1141 411 1196 465 id
1222 423 1300 465 est
1323 430 1422 484 per
1450 411 1746 483 passionem
1771 414 1864 466 filii
1890 415 2018 477 Dei,
2049 414 2105 467 in
2137 416 2404 488 baptismo
2428 436 2543 471 ean-

262 502 387 555 dem
424 495 652 572 reeepit.
676 500 867 552 Beatus
897 499 1058 568 igitur
1089 498 1182 570 qui
1219 496 1452 551 custodit
1479 497 1667 549 stolam
1701 516 1876 560 suam,
1909 497 1963 549 id
1993 508 2069 550 est
2099 499 2256 552 fidem
2289 520 2451 572 quam
2483 503 2541 554 in

266 587 528 658 baptismo
562 576 836 656 percepit,
874 593 928 635 et
963 583 1322 635 innocentiam
1354 582 1492 633 vitae
1528 599 1598 633 ne
1631 579 1810 632 nudus
1841 581 2102 647 ambulet,
2132 602 2199 636 ne
2229 585 2422 636 iterum
2457 603 2543 638 ex-

265 670 496 740 poliatus
527 667 757 738 turpiter
798 685 920 718 cum
966 665 1182 718 diabolo
1226 664 1527 718 damnetur.
1573 664 1748 728 Beati,
1788 663 1969 734 inquit
2004 665 2265 719 Iohannes
2288 708 2302 730 ‚
2341 669 2436 739 qui
2468 669 2542 720 la-

266 763 395 804 vant
431 751 588 804 stolas
619 769 768 812 suas,
805 759 858 801 et
889 750 1050 802 vitam
1085 767 1232 800 suam
1264 748 1507 819 lacrymis
1538 746 1896 818 paenitentiae
1930 758 2092 817 atque
2122 749 2364 801 custodia
2395 770 2541 802 man-

260 835 511 888 datorum
549 835 678 896 Dei,
715 845 774 886 ut
805 834 872 885 sit
908 844 1141 905 potestas
1170 851 1357 886 eorum
1393 832 1448 883 in
1485 832 1631 902 ligno
1668 831 1838 893 vitae,
1874 829 1931 882 id
1968 842 2045 882 est
2077 832 2134 882 in
2167 831 2385 885 domino
2420 835 2540 886 lesu

257 919 508 982 Christo;
545 937 703 989 quem
740 917 996 969 habentes
1033 917 1222 988 utique
1256 917 1313 968 in
1346 915 1520 987 capite
1557 934 1687 978 su0,
1723 914 1898 967 omnia
1936 914 2304 984 possidebunt.

372 1003 455 1066 54.
501 1004 627 1053 Post
660 1002 793 1053 haec
825 1001 1118 1072 pontificali
1150 999 1432 1053 decoratur
1462 1000 1660 1052 tunica.
1699 998 1844 1051 Duas
1868 998 2087 1051 habebit
2110 1000 2349 1062 tunicas,
2378 994 2540 1054 unam

264 1086 497 1157 mysterii
525 1086 779 1148 carnalis,
814 1096 868 1138 et
901 1086 1052 1138 aliam
1094 1085 1437 1156 intelligentie
1471 1081 1773 1155 spiritualis,
1816 1083 1883 1133 Et
1917 1093 1979 1133 ut
2014 1082 2245 1134 breviter
2280 1083 2428 1135 iuxta
2453 1104 2540 1135 or-

255 1169 440 1223 dinem
465 1170 487 1192 ⁸
514 1170 802 1241 explicem,
834 1169 1080 1241 pontifex
1115 1180 1194 1222 est
1232 1169 1328 1240 qui
1357 1169 1524 1238 legem
1557 1178 1612 1219 et
1652 1164 1944 1218 secundum
1979 1165 2226 1236 spiritum
2262 1178 2314 1218 et
2347 1185 2538 1219 secun-

264 1253 392 1306 dum
423 1253 647 1305 litteram
688 1252 859 1315 novit,
906 1264 957 1305 et
997 1252 1417 1322 uniuscuiusque
1454 1250 1686 1321 mysterii
1724 1249 1873 1302 novit
1920 1249 2167 1301 rationes,
2211 1250 2375 1316 Quod
2414 1271 2540 1304 vero

264 1336 487 1389 interius
515 1348 592 1389 est
623 1337 803 1388 tunica
827 1335 994 1399 linea,
1023 1335 1254 1387 exterius
1271 1334 1648 1406 hyacinthina,
1677 1344 2002 1385 monstratur
2029 1333 2156 1404 quia
2179 1353 2276 1405 per
2295 1337 2541 1389 castitatis

264 1418 549 1471 candorem
579 1419 890 1490 pervenitur
923 1418 990 1471 ad
1016 1419 1316 1471 caelestium
1341 1435 1518 1469 rerum
1554 1435 1803 1469 amorem.
1837 1415 2124 1468 Sciendum
2149 1436 2275 1470 vero
2307 1431 2382 1471 est
2412 1422 2540 1490 quia

261 1522 363 1574 pro
399 1502 690 1555 dalmaticis
722 1503 949 1574 apostoli
978 1514 1030 1555 et
1063 1521 1246 1555 omnes
1281 1520 1532 1554 romanae
1560 1501 1805 1553 eeclesiae
1840 1501 2076 1571 episcopi
2110 1521 2281 1572 usque
2318 1503 2386 1555 ad
2419 1523 2541 1556 sau-

262 1586 333 1638 cti
378 1584 614 1638 Silvestri
660 1598 898 1656 tempora
935 1585 1155 1638 colobiis
1195 1585 1518 1637 utebantur:
1564 1584 1693 1655 quia
1730 1595 1905 1635 autem
1950 1582 2165 1636 nuditas
2197 1586 2539 1640 brachiorum

256 1669 612 1741 culpabatur,
651 1670 849 1740 placuit
885 1671 989 1722 hoe
1025 1669 1138 1721 fieri
1172 1667 1322 1740 quod
1352 1669 1532 1739 potius
1572 1668 1872 1739 aspectibus
1910 1668 2143 1738 placeret
2187 1671 2531 1740 populorum.

259 1755 451 1807 Casula
485 1755 672 1806 ceteris
697 1752 1019 1806 indumentis
1049 1753 1461 1824 superponitur,
1496 1770 1593 1822 per
1623 1770 1780 1822 quam
1812 1752 1999 1804 caritas
2023 1753 2362 1824 intelligitur,
2398 1753 2537 1826 quae

261 1837 419 1890 donis
453 1838 702 1890 omnibus
740 1849 817 1889 est
848 1836 1347 1908 supereminentior.
1386 1835 1534 1887 Sicut
1572 1847 1748 1887 autem
1779 1836 1956 1887 casula
1990 1847 2162 1888 totum
2200 1838 2330 1908 tegit
2370 1839 2538 1891 homi-

264 1940 384 1974 nem
404 1962 417 1985 ,
454 1922 607 1992 quasi
640 1922 814 1973 minor
852 1940 970 1973 casa
991 1962 1004 1985 ,
1045 1921 1119 1972 sic
1162 1919 1350 1972 caritas
1380 1920 1534 1971 unire
1570 1919 1730 1971 debet
1766 1930 1939 1971 totum
1965 1920 2223 1972 virtutum
2257 1922 2532 1988 ordinem3

261 2015 442 2056 custos
468 2004 609 2056 enim
639 2017 717 2056 est
745 2004 1058 2066 sanctitatis,
1100 2003 1212 2055 sine
1246 2021 1354 2074 qua
1388 2003 1522 2054 nihil
1555 2014 1633 2054 est
1661 2002 1829 2054 virtus
1864 2003 2052 2054 omnis.
2091 2003 2420 2075 Manipulum
2453 2026 2538 2059 an-

258 2099 314 2139 te
330 2128 344 2150 ‚
374 2087 431 2139 id
455 2098 532 2140 est
559 2087 830 2139 sudarium
847 2129 859 2151 ,
888 2105 1001 2158 quo
1026 2085 1158 2138 solet
1181 2085 1536 2138 laborantium
1563 2085 1728 2138 sudor
1753 2085 1985 2156 detergi,
2014 2087 2071 2138 in
2095 2087 2317 2140 brachio
2343 2090 2501 2142 sumit
2517 2131 2531 2153 ‚

260 2183 322 2223 ut
348 2171 451 2223 hoc
477 2169 694 2223 nomine
725 2170 893 2223 discat
929 2181 1134 2242 quanto
1168 2188 1288 2222 eum
1322 2170 1578 2222 orationis
1603 2169 1781 2222 studio
1819 2182 2004 2223 contra
2037 2183 2251 2241 peccata
2285 2173 2533 2226 insudare

223 2310 229 2311 ff
256 2266 520 2326 oporteat.
550 2255 824 2311 Rationale
849 2255 906 2306 in
933 2265 1147 2326 pectore
1170 2265 1378 2325 portat,
1409 2273 1529 2307 cum
1554 2254 1698 2307 bona
1722 2254 1964 2325 malaque
1993 2253 2245 2307 discernit
2263 2296 2275 2320 ,
2309 2267 2361 2307 et
2384 2258 2532 2328 quod

261 2339 552 2410 unicuique
586 2350 845 2410 congruat
869 2339 1094 2409 cogitat,
1133 2350 1185 2389 et
1215 2338 1505 2390 curationis
1533 2357 1759 2391 censura
1783 2337 2037 2409 disponit.
2071 2338 2187 2391 Hoc
2222 2338 2535 2394 indumento

262 2441 444 2475 omnes
478 2423 535 2473 in
572 2423 750 2474 animo
787 2433 1017 2474 utuntur
1050 2421 1348 2475 sacerdotes
1380 2422 1626 2487 Domini,
1657 2421 1784 2474 dum
1816 2423 2038 2475 rationis
2065 2423 2284 2476 arbitrio
2317 2436 2369 2477 et
2400 2445 2535 2497 quae

257 2517 386 2558 sunt
416 2505 713 2577 expetenda
751 2506 1064 2576 requirunt,
1101 2516 1153 2557 et
1186 2524 1327 2576 quae
1360 2516 1486 2557 sunt
1515 2505 1815 2576 spernenda
1844 2517 2250 2578 contempnunt.
2290 2508 2394 2560 Sed
2425 2529 2538 2562 non

259 2608 442 2642 omnes
472 2590 808 2642 materialiter
836 2591 939 2642 hoc
973 2588 1277 2641 induuntur
1309 2589 1366 2642 in
1392 2608 1634 2660 corpore.
1674 2589 1822 2652 PalJii
1851 2590 1992 2641 enim
2023 2589 2249 2661 dignitas
2279 2611 2391 2644 non
2424 2594 2537 2646 aliis

261 2672 573 2725 conceditur
609 2673 896 2744 episcopis,
933 2673 1033 2725 nisi
1070 2674 1154 2724 his
1192 2673 1393 2744 quibus
1418 2674 1700 2743 magisterii
1733 2674 1850 2725 iura
1887 2673 2267 2745 dispensatorie
2303 2695 2333 2728 a
2366 2696 2536 2729 roma-

260 2757 342 2809 nis
378 2755 569 2809 tradita
601 2768 726 2809 sunt
762 2756 1138 2827 pontificibuS,
1179 2757 1252 2808 ita
1288 2756 1564 2809 dumtaxat
1602 2769 1664 2809 ut
1694 2758 1749 2809 in
1776 2770 1979 2828 partem
2013 2759 2183 2810 vocati
2218 2760 2322 2811 sint
2356 2761 2537 2813 sollici-

260 2840 487 2903 tudinis,
516 2860 628 2892 non
654 2841 711 2891 in
739 2839 1130 2910 plenitudinem*
1154 2840 1447 2911 potestatis.
1477 2840 1713 2899 Anulum
1741 2841 1797 2891 in
1824 2839 1990 2910 digito
2021 2842 2182 2912 gerit,
2218 2843 2536 2912 pontificalis

260 2924 531 2995 dignitatis
568 2923 823 2976 indicium
859 2934 911 2976 et
943 2922 1067 2976 fidei
1101 2923 1461 2994 signaculum,
1491 2924 1743 2994 quatinus
1777 2942 2022 2995 sponsam
2055 2925 2153 2977 Dei
2186 2938 2416 2978 sanctam
2452 2946 2537 2979 ec-

260 3009 467 3060 clesiam
492 3009 798 3060 intemerata
824 3006 927 3059 fide
955 3006 1237 3060 custodiat.
1269 3007 1415 3058 Haec
1440 3006 1751 3059 indumenta
1775 3007 1851 3058 illi
1879 3008 2034 3059 nobis
2059 3021 2530 3079 praeparaverunt,

264 3109 494 3163 quorum
525 3092 686 3143 vitam
724 3103 777 3144 et
803 3091 1097 3143 doctrinam
1133 3089 1254 3142 ideo
1278 3090 1431 3161 sequi
1456 3089 1709 3142 debemus
1727 3131 1740 3153 ,
1777 3101 1834 3141 ut
1859 3109 1970 3142 non
2008 3090 2141 3142 nudi
2165 3103 2218 3143 et
2241 3091 2531 3157 deformes,

248 3175 355 3230 ⁴sed
389 3176 544 3228 variis
570 3176 746 3227 ornati
776 3175 1063 3227 virtutibus
1097 3175 1153 3226 in
1180 3185 1468 3244 conspectu
1504 3175 1599 3226 Dei
1631 3192 1999 3245 appareamus.
2034 3174 2179 3226 Illius
2204 3194 2434 3246 namque
2464 3195 2536 3228 sa-

260 3258 480 3311 cerdotii
511 3259 788 3311 anterioris
820 3259 1036 3310 habitus
1054 3299 1068 3321 ‚
1103 3269 1314 3310 nostrae
1342 3258 1531 3309 mentis
1564 3269 1643 3309 est
1667 3268 1917 3322 ornatus3
1947 3269 1999 3309 et
2023 3257 2400 3311 sacerdotalem
2431 3259 2535 3330 glo-

260 3343 390 3394 riam
426 3361 536 3394 non
575 3342 676 3393 iam
708 3341 865 3406 nobis
902 3342 1081 3393 honor
1112 3340 1446 3407 commendat
1484 3342 1738 3404 vestium,
1779 3340 1871 3394 sed
1897 3340 2152 3412 splendor
2185 3343 2494 3394 animarum.

370 3427 456 3479 55.
489 3426 583 3477 His
608 3445 668 3477 ac
699 3425 926 3490 talibus,
961 3436 1021 3476 ut
1045 3443 1206 3496 supra
1237 3425 1544 3490 retulimuS,
1579 3425 1812 3477 vestibus
1842 3426 2039 3477 Christi
2066 3426 2347 3497 pontifices
2379 3426 2534 3478 deco-

264 3511 395 3571 rati,
418 3509 592 3561 ‘immo
625 3527 751 3561 vero
786 3509 1044 3560 virtutum
1073 3508 1414 3560 varietatibus
1445 3507 1720 3574 adornati,
1754 3508 1970 3561 videant
1999 3521 2062 3562 ut
2098 3529 2152 3563 se
2188 3529 2399 3562 murum
2438 3529 2534 3580 op-

263 3605 471 3665 ponant
507 3611 607 3664 pro
645 3593 763 3644 filiis
799 3593 1027 3657 Israhel,
1057 3603 1109 3644 et
1136 3604 1194 3645 ut
1230 3603 1371 3644 stent
1396 3593 1454 3643 in
1491 3592 1601 3644 acie
1637 3593 1694 3643 in
1731 3591 1816 3644 die
1854 3593 2104 3659 Domini,
2135 3612 2233 3645 nec
2257 3592 2534 3644 imitentur
2572 3630 2577 3635 ·

261 3677 397 3728 filios
436 3677 722 3747 Ephraem,
762 3676 857 3748 qui
893 3674 1230 3728 intendentes
1267 3695 1447 3728 arcum
1485 3688 1538 3728 et
1574 3677 1843 3730 mittentes
1867 3678 2092 3751 'sagittas
2128 3677 2370 3729 conversi
2408 3688 2533 3727 sunt

240 3752 317 3811 in
354 3759 441 3812 die
478 3759 619 3826 belli.
663 3759 797 3825 Quis
834 3759 972 3811 enim
1011 3759 1222 3811 armatis
1259 3759 1618 3829 fugientibus,
1649 3761 1866 3813 inermis
1901 3780 2015 3813 non
2040 3760 2281 3814 timebit?
2310 3760 2375 3811 Et
2411 3760 2549 3830 quis

263 3842 513 3894 ministris
550 3843 776 3913 turpiter
811 3854 956 3913 terga
992 3842 1371 3913 praebentibus
1409 3855 1462 3896 et
1486 3843 1706 3898 latibula
1731 3845 2142 3916 quaerentibu5‚
2183 3862 2397 3912 securus
2432 3843 2532 3895 erit

2590 1187 2600 1197 '
2620 1186 2688 1215 cod.
2717 1187 2862 1216 orientem
