<?xml version="1.0" encoding="UTF-8"?>
<!DOCTYPE html PUBLIC "-//W3C//DTD XHTML 1.0 Transitional//EN"
    "http://www.w3.org/TR/xhtml1/DTD/xhtml1-transitional.dtd">
<html xmlns="http://www.w3.org/1999/xhtml" xml:lang="en" lang="en">
 <head>
  <title>
</title>
<meta http-equiv="Content-Type" content="text/html;charset=utf-8" />
  <meta name='ocr-system' content='tesseract 3.04.00' />
  <meta name='ocr-capabilities' content='ocr_page ocr_carea ocr_par ocr_line ocrx_word'/>
</head>
<body>
  <div class='ocr_page' id='page_1' title='image "./novaepatrumbibli07maiauoft/novaepatrumbibli07maiauoft_0598.png"; bbox 0 0 2996 4432; ppageno 0'>
   <div class='ocr_carea' id='block_1_1' title="bbox 499 266 1718 312">
    <p class='ocr_par' dir='ltr' id='par_1_1' title="bbox 499 266 1718 312">
     <span class='ocr_line' id='line_1_1' title="bbox 499 266 1718 312; baseline -0.002 0"><span class='ocrx_word' id='word_1_1' title='bbox 499 266 590 312; x_wconf 88' lang='grc'>166</span> <span class='ocrx_word' id='word_1_2' title='bbox 1558 278 1718 310; x_wconf 74' lang='lat' dir='ltr'>monn</span> 
     </span>
    </p>
   </div>
   <div class='ocr_carea' id='block_1_2' title="bbox 491 358 1595 995">
    <p class='ocr_par' dir='ltr' id='par_1_2' title="bbox 491 358 1595 995">
     <span class='ocr_line' id='line_1_2' title="bbox 493 358 1595 453; baseline -0.002 -39"><span class='ocrx_word' id='word_1_3' title='bbox 493 384 555 414; x_wconf 87' lang='grc' dir='ltr'>σει</span> <span class='ocrx_word' id='word_1_4' title='bbox 585 359 728 426; x_wconf 84' lang='grc' dir='ltr'>λεχθὲν</span> <span class='ocrx_word' id='word_1_5' title='bbox 760 359 848 428; x_wconf 74' lang='grc' dir='ltr'>περὶ</span> <span class='ocrx_word' id='word_1_6' title='bbox 873 365 941 411; x_wconf 70' lang='grc' dir='ltr'>τοῦ</span> <span class='ocrx_word' id='word_1_7' title='bbox 961 358 1099 426; x_wconf 77' lang='grc' dir='ltr'>Ἀὃοὶμ</span> <span class='ocrx_word' id='word_1_8' title='bbox 1133 360 1229 453; x_wconf 67' lang='grc' dir='ltr'>πρὸς</span> <span class='ocrx_word' id='word_1_9' title='bbox 1255 361 1323 414; x_wconf 69' lang='grc' dir='ltr'>τον</span> <span class='ocrx_word' id='word_1_10' title='bbox 1339 363 1451 446; x_wconf 79' lang='grc' dir='ltr'>σφιν·</span> <span class='ocrx_word' id='word_1_11' title='bbox 1480 384 1504 412; x_wconf 69' lang='lat' dir='ltr'>a</span> <span class='ocrx_word' id='word_1_12' title='bbox 1522 365 1595 412; x_wconf 79' lang='grc' dir='ltr'>αὖ·</span> 
     </span>
     <span class='ocr_line' id='line_1_3' title="bbox 492 429 1595 520; baseline -0.001 -36"><span class='ocrx_word' id='word_1_13' title='bbox 492 455 560 488; x_wconf 87' lang='grc' dir='ltr'>τος</span> <span class='ocrx_word' id='word_1_14' title='bbox 593 455 663 483; x_wconf 87' lang='grc' dir='ltr'>σου</span> <span class='ocrx_word' id='word_1_15' title='bbox 693 454 851 517; x_wconf 61' lang='lat' dir='ltr'>‘caprae‘</span> <span class='ocrx_word' id='word_1_16' title='bbox 880 429 1068 520; x_wconf 61' lang='grc' dir='ltr'>κεφαλὴν·</span> <span class='ocrx_word' id='word_1_17' title='bbox 1101 456 1150 483; x_wconf 90' lang='grc' dir='ltr'>συ</span> <span class='ocrx_word' id='word_1_18' title='bbox 1181 431 1224 483; x_wconf 83' lang='grc' dir='ltr'>δε</span> <span class='ocrx_word' id='word_1_19' title='bbox 1257 456 1436 502; x_wconf 83' lang='grc' dir='ltr'>τηρησεις</span> <span class='ocrx_word' id='word_1_20' title='bbox 1473 436 1595 484; x_wconf 76' lang='grc' dir='ltr'>αὐτοῦ</span> 
     </span>
     <span class='ocr_line' id='line_1_4' title="bbox 493 499 1592 590; baseline -0.002 -36"><span class='ocrx_word' id='word_1_21' title='bbox 493 501 679 570; x_wconf 80' lang='grc' dir='ltr'>πτὲρναν·</span> <span class='ocrx_word' id='word_1_22' title='bbox 715 499 840 553; x_wconf 75' lang='grc' dir='ltr'>οὐκέτι</span> <span class='ocrx_word' id='word_1_23' title='bbox 873 501 948 590; x_wconf 74' lang='grc' dir='ltr'>γὰρ</span> <span class='ocrx_word' id='word_1_24' title='bbox 973 506 1148 554; x_wconf 72' lang='grc' dir='ltr'>ἐνταῦθα</span> <span class='ocrx_word' id='word_1_25' title='bbox 1171 503 1317 574; x_wconf 66' lang='grc' dir='ltr'>ταύτὸν</span> <span class='ocrx_word' id='word_1_26' title='bbox 1351 504 1393 556; x_wconf 67' lang='grc' dir='ltr'>τὸ</span> <span class='ocrx_word' id='word_1_27' title='bbox 1425 501 1592 572; x_wconf 78' lang='grc' dir='ltr'>φυλάξαι</span> 
     </span>
     <span class='ocr_line' id='line_1_5' title="bbox 493 571 1591 642; baseline 0 -20"><span class='ocrx_word' id='word_1_28' title='bbox 493 597 559 623; x_wconf 85' lang='grc' dir='ltr'>και</span> <span class='ocrx_word' id='word_1_29' title='bbox 592 571 636 624; x_wconf 66' lang='grc' dir='ltr'>τὸ</span> <span class='ocrx_word' id='word_1_30' title='bbox 671 577 816 640; x_wconf 70' lang='grc' dir='ltr'>τηρεῖν·</span> <span class='ocrx_word' id='word_1_31' title='bbox 850 596 989 642; x_wconf 78' lang='grc' dir='ltr'>φαινετ</span> <span class='ocrx_word' id='word_1_32' title='bbox 975 597 1034 624; x_wconf 92' lang='grc' dir='ltr'>αι</span> <span class='ocrx_word' id='word_1_33' title='bbox 1065 571 1141 640; x_wconf 68' lang='grc' dir='ltr'>γὰρ</span> <span class='ocrx_word' id='word_1_34' title='bbox 1173 575 1214 631; x_wconf 81' lang='grc' dir='ltr'>ἐξ</span> <span class='ocrx_word' id='word_1_35' title='bbox 1239 577 1358 626; x_wconf 75' lang='grc' dir='ltr'>αὑτοῦ</span> <span class='ocrx_word' id='word_1_36' title='bbox 1383 574 1446 633; x_wconf 68' lang='grc' dir='ltr'>τὸ,</span> <span class='ocrx_word' id='word_1_37' title='bbox 1472 573 1591 631; x_wconf 75' lang='grc' dir='ltr'>αυτός</span> 
     </span>
     <span class='ocr_line' id='line_1_6' title="bbox 493 641 1586 714; baseline -0.001 -20"><span class='ocrx_word' id='word_1_38' title='bbox 493 667 565 694; x_wconf 85' lang='grc' dir='ltr'>σου</span> <span class='ocrx_word' id='word_1_39' title='bbox 595 641 819 711; x_wconf 84' lang='grc' dir='ltr'>ἑπιτηρησει</span> <span class='ocrx_word' id='word_1_40' title='bbox 848 643 1044 714; x_wconf 80' lang='grc' dir='ltr'>κεφαλην,</span> <span class='ocrx_word' id='word_1_41' title='bbox 1075 668 1147 694; x_wconf 80' lang='grc' dir='ltr'>και</span> <span class='ocrx_word' id='word_1_42' title='bbox 1175 645 1238 696; x_wconf 80' lang='grc' dir='ltr'>σὺ</span> <span class='ocrx_word' id='word_1_43' title='bbox 1256 649 1379 696; x_wconf 72' lang='grc' dir='ltr'>αὐτοῦ</span> <span class='ocrx_word' id='word_1_44' title='bbox 1402 645 1586 712; x_wconf 81' lang='grc' dir='ltr'>πτέρναν·</span> 
     </span>
     <span class='ocr_line' id='line_1_7' title="bbox 491 711 1591 801; baseline -0.001 -38"><span class='ocrx_word' id='word_1_45' title='bbox 491 712 715 777; x_wconf 80' lang='grc' dir='ltr'>ἀναπέμπει</span> <span class='ocrx_word' id='word_1_46' title='bbox 748 735 816 767; x_wconf 81' lang='grc' dir='ltr'>την</span> <span class='ocrx_word' id='word_1_47' title='bbox 850 713 971 780; x_wconf 77' lang='grc' dir='ltr'>εὐχην</span> <span class='ocrx_word' id='word_1_48' title='bbox 996 716 1015 765; x_wconf 85' lang='lat' dir='ltr'>o‘</span> <span class='ocrx_word' id='word_1_49' title='bbox 1041 711 1216 801; x_wconf 81' lang='grc' dir='ltr'>φασκων·</span> <span class='ocrx_word' id='word_1_50' title='bbox 1250 739 1301 766; x_wconf 86' lang='grc' dir='ltr'>συ</span> <span class='ocrx_word' id='word_1_51' title='bbox 1329 737 1434 783; x_wconf 85' lang='grc' dir='ltr'>κυριε</span> <span class='ocrx_word' id='word_1_52' title='bbox 1465 714 1591 785; x_wconf 77' lang='grc' dir='ltr'>φυλα-</span> 
     </span>
     <span class='ocr_line' id='line_1_8' title="bbox 491 782 1592 852; baseline 0.001 -19"><span class='ocrx_word' id='word_1_53' title='bbox 491 788 569 842; x_wconf 84' lang='grc' dir='ltr'>ξεις</span> <span class='ocrx_word' id='word_1_54' title='bbox 604 784 744 849; x_wconf 66' lang='grc' dir='ltr'>ημᾶς,</span> <span class='ocrx_word' id='word_1_55' title='bbox 781 782 887 849; x_wconf 70' lang='grc' dir='ltr'>μετὰ</span> <span class='ocrx_word' id='word_1_56' title='bbox 928 784 993 837; x_wconf 76' lang='lat'>2⁵3</span> <span class='ocrx_word' id='word_1_57' title='bbox 1013 808 1150 838; x_wconf 75' lang='grc' dir='ltr'>ωαντοι</span> <span class='ocrx_word' id='word_1_58' title='bbox 1193 791 1357 839; x_wconf 73' lang='grc' dir='ltr'>σοιῆσαι</span> <span class='ocrx_word' id='word_1_59' title='bbox 1398 785 1450 836; x_wconf 78' lang='grc' dir='ltr'>τὰ</span> <span class='ocrx_word' id='word_1_60' title='bbox 1493 788 1592 852; x_wconf 70' lang='lat' dir='ltr'>moep’</span> 
     </span>
     <span class='ocr_line' id='line_1_9' title="bbox 493 854 1592 937; baseline 0.002 -34"><span class='ocrx_word' id='word_1_61' title='bbox 493 856 661 916; x_wconf 75' lang='grc' dir='ltr'>ἑαυτοῦ,</span> <span class='ocrx_word' id='word_1_62' title='bbox 694 858 733 904; x_wconf 83' lang='grc' dir='ltr'>ἐν</span> <span class='ocrx_word' id='word_1_63' title='bbox 766 861 823 921; x_wconf 73' lang='grc' dir='ltr'>τῷ</span> <span class='ocrx_word' id='word_1_64' title='bbox 854 879 985 925; x_wconf 87' lang='grc' dir='ltr'>τηρειν</span> <span class='ocrx_word' id='word_1_65' title='bbox 1017 879 1091 910; x_wconf 77' lang='grc' dir='ltr'>την</span> <span class='ocrx_word' id='word_1_66' title='bbox 1123 854 1319 922; x_wconf 74' lang='grc' dir='ltr'>λέγουσαν</span> <span class='ocrx_word' id='word_1_67' title='bbox 1346 854 1592 937; x_wconf 64' lang='grc' dir='ltr'>παραίνεσιν</span> 
     </span>
     <span class='ocr_line' id='line_1_10' title="bbox 495 925 1591 995; baseline 0.001 -20"><span class='ocrx_word' id='word_1_68' title='bbox 495 947 520 975; x_wconf 70' lang='grc' dir='ltr'>(ε</span> <span class='ocrx_word' id='word_1_69' title='bbox 546 926 667 992; x_wconf 74' lang='grc' dir='ltr'>ωάσῃ</span> <span class='ocrx_word' id='word_1_70' title='bbox 689 932 847 995; x_wconf 73' lang='grc' dir='ltr'>φυλακῇ</span> <span class='ocrx_word' id='word_1_71' title='bbox 876 949 981 994; x_wconf 85' lang='grc' dir='ltr'>τηρει</span> <span class='ocrx_word' id='word_1_72' title='bbox 1022 925 1092 980; x_wconf 74' lang='grc' dir='ltr'>σῆν</span> <span class='ocrx_word' id='word_1_73' title='bbox 1129 926 1311 994; x_wconf 79' lang='grc' dir='ltr'>καρδιαν</span> <span class='ocrx_word' id='word_1_74' title='bbox 1338 949 1362 975; x_wconf 86' lang='lat'>»</span> <span class='ocrx_word' id='word_1_75' title='bbox 1397 950 1466 976; x_wconf 84' lang='grc' dir='ltr'>και</span> <span class='ocrx_word' id='word_1_76' title='bbox 1500 926 1591 976; x_wconf 61' lang='grc' dir='ltr'>ἐπεὶ</span> 
     </span>
    </p>
   </div>
   <div class='ocr_carea' id='block_1_3' title="bbox 428 994 1592 1066">
    <p class='ocr_par' dir='ltr' id='par_1_3' title="bbox 428 994 1592 1066">
     <span class='ocr_line' id='line_1_11' title="bbox 428 994 1592 1066; baseline -0.002 -18"><span class='ocrx_word' id='word_1_77' title='bbox 428 1055 432 1059; x_wconf 44' lang='grc'><em>,</em></span> <span class='ocrx_word' id='word_1_78' title='bbox 493 1020 640 1048; x_wconf 84' lang='grc' dir='ltr'>τουτων</span> <span class='ocrx_word' id='word_1_79' title='bbox 664 996 998 1066; x_wconf 79' lang='grc' dir='ltr'>κατορθουμένων,</span> <span class='ocrx_word' id='word_1_80' title='bbox 1023 1000 1088 1047; x_wconf 67' lang='grc' dir='ltr'>οὐκ</span> <span class='ocrx_word' id='word_1_81' title='bbox 1111 995 1287 1065; x_wconf 79' lang='grc' dir='ltr'>αὐτάρκη</span> <span class='ocrx_word' id='word_1_82' title='bbox 1313 1020 1410 1065; x_wconf 83' lang='grc' dir='ltr'>προς</span> <span class='ocrx_word' id='word_1_83' title='bbox 1436 994 1478 1048; x_wconf 67' lang='lat' dir='ltr'>ro*</span> <span class='ocrx_word' id='word_1_84' title='bbox 1504 998 1592 1046; x_wconf 81' lang='grc' dir='ltr'>ἀνε·</span> 
     </span>
    </p>
   </div>
   <div class='ocr_carea' id='block_1_4' title="bbox 487 1065 1593 1580">
    <p class='ocr_par' dir='ltr' id='par_1_4' title="bbox 489 1065 1593 1556">
     <span class='ocr_line' id='line_1_12' title="bbox 494 1065 1592 1136; baseline -0.002 -18"><span class='ocrx_word' id='word_1_85' title='bbox 494 1067 757 1131; x_wconf 72' lang='grc' dir='ltr'>σιβούλευτον</span> <span class='ocrx_word' id='word_1_86' title='bbox 790 1091 842 1118; x_wconf 89' lang='grc' dir='ltr'>τα</span> <span class='ocrx_word' id='word_1_87' title='bbox 871 1071 932 1136; x_wconf 80' lang='grc' dir='ltr'>ὑφ’</span> <span class='ocrx_word' id='word_1_88' title='bbox 961 1068 1070 1131; x_wconf 61' lang='grc' dir='ltr'>ημῶν</span> <span class='ocrx_word' id='word_1_89' title='bbox 1109 1066 1438 1132; x_wconf 75' lang='grc' dir='ltr'>σωουδαζᾶμενα·</span> <span class='ocrx_word' id='word_1_90' title='bbox 1474 1086 1499 1114; x_wconf 76' lang='grc' dir='ltr'>α</span> <span class='ocrx_word' id='word_1_91' title='bbox 1524 1065 1592 1116; x_wconf 83' lang='grc' dir='ltr'>ἐοιν</span> 
     </span>
     <span class='ocr_line' id='line_1_13' title="bbox 498 1134 1592 1228; baseline 0 -42"><span class='ocrx_word' id='word_1_92' title='bbox 498 1159 522 1186; x_wconf 64' lang='lat' dir='ltr'>n</span> <span class='ocrx_word' id='word_1_93' title='bbox 558 1162 634 1207; x_wconf 83' lang='grc' dir='ltr'>γαρ</span> <span class='ocrx_word' id='word_1_94' title='bbox 658 1160 713 1202; x_wconf 85' lang='grc' dir='ltr'>μη</span> <span class='ocrx_word' id='word_1_95' title='bbox 735 1137 858 1205; x_wconf 73' lang='grc' dir='ltr'>κύριος</span> <span class='ocrx_word' id='word_1_96' title='bbox 841 1138 1036 1228; x_wconf 76' lang='grc' dir='ltr'>ςφυλοῖξῃ</span> <span class='ocrx_word' id='word_1_97' title='bbox 1062 1135 1200 1198; x_wconf 70' lang='grc' dir='ltr'>πόλιν,</span> <span class='ocrx_word' id='word_1_98' title='bbox 1227 1140 1284 1193; x_wconf 77' lang='grc' dir='ltr'>εἷς</span> <span class='ocrx_word' id='word_1_99' title='bbox 1307 1136 1439 1201; x_wconf 81' lang='grc' dir='ltr'>μάτην</span> <span class='ocrx_word' id='word_1_100' title='bbox 1470 1134 1592 1205; x_wconf 76' lang='grc' dir='ltr'>ἠγρυ-</span> 
     </span>
     <span class='ocr_line' id='line_1_14' title="bbox 494 1206 1593 1276; baseline -0.001 -19"><span class='ocrx_word' id='word_1_101' title='bbox 494 1231 520 1257; x_wconf 70' lang='lat'>³&gt;</span> <span class='ocrx_word' id='word_1_102' title='bbox 555 1228 703 1263; x_wconf 84' lang='grc' dir='ltr'>πνησεν</span> <span class='ocrx_word' id='word_1_103' title='bbox 728 1232 747 1258; x_wconf 89' lang='lat' dir='ltr'>o</span> <span class='ocrx_word' id='word_1_104' title='bbox 772 1206 984 1276; x_wconf 75' lang='grc' dir='ltr'>φυλάσσων</span> <span class='ocrx_word' id='word_1_105' title='bbox 1009 1228 1147 1261; x_wconf 81' lang='grc' dir='ltr'>αυτην·</span> <span class='ocrx_word' id='word_1_106' title='bbox 1164 1229 1188 1254; x_wconf 78' lang='grc'>))</span> <span class='ocrx_word' id='word_1_107' title='bbox 1216 1208 1351 1274; x_wconf 74' lang='grc' dir='ltr'>ειρμὲς</span> <span class='ocrx_word' id='word_1_108' title='bbox 1375 1207 1463 1273; x_wconf 77' lang='grc' dir='ltr'>ἄγει</span> <span class='ocrx_word' id='word_1_109' title='bbox 1486 1206 1593 1271; x_wconf 81' lang='grc' dir='ltr'>μετὰ</span> 
     </span>
     <span class='ocr_line' id='line_1_15' title="bbox 491 1278 1590 1365; baseline -0.003 -35"><span class='ocrx_word' id='word_1_110' title='bbox 491 1278 534 1330; x_wconf 79' lang='lat' dir='ltr'>‘c3</span> <span class='ocrx_word' id='word_1_111' title='bbox 573 1282 852 1365; x_wconf 66' lang='grc' dir='ltr'>φρουρηθῆναι</span> <span class='ocrx_word' id='word_1_112' title='bbox 879 1283 984 1343; x_wconf 81' lang='grc' dir='ltr'>ημᾶς</span> <span class='ocrx_word' id='word_1_113' title='bbox 1026 1279 1088 1346; x_wconf 63' lang='lat' dir='ltr'>d’cp</span> <span class='ocrx_word' id='word_1_114' title='bbox 1130 1279 1277 1327; x_wconf 78' lang='grc' dir='ltr'>ἑαυτῶν</span> <span class='ocrx_word' id='word_1_115' title='bbox 1300 1317 1312 1339; x_wconf 94' lang='lat'>‚</span> <span class='ocrx_word' id='word_1_116' title='bbox 1359 1299 1590 1345; x_wconf 71' lang='grc' dir='ltr'>σροσευχην</span> 
     </span>
     <span class='ocr_line' id='line_1_16' title="bbox 489 1346 1590 1437; baseline -0.004 -37"><span class='ocrx_word' id='word_1_117' title='bbox 489 1353 763 1436; x_wconf 66' lang='grc' dir='ltr'>προσαγαγεῖν</span> <span class='ocrx_word' id='word_1_118' title='bbox 807 1371 879 1401; x_wconf 87' lang='grc' dir='ltr'>την</span> <span class='ocrx_word' id='word_1_119' title='bbox 906 1347 1135 1437; x_wconf 78' lang='grc' dir='ltr'>λέγουσαν·</span> <span class='ocrx_word' id='word_1_120' title='bbox 1183 1372 1233 1399; x_wconf 89' lang='grc' dir='ltr'>συ</span> <span class='ocrx_word' id='word_1_121' title='bbox 1267 1370 1382 1436; x_wconf 82' lang='grc' dir='ltr'>κυριε</span> <span class='ocrx_word' id='word_1_122' title='bbox 1406 1346 1590 1415; x_wconf 81' lang='grc' dir='ltr'>φυλαξεις</span> 
     </span>
     <span class='ocr_line' id='line_1_17' title="bbox 487 1415 1591 1486; baseline 0 -18"><span class='ocrx_word' id='word_1_123' title='bbox 487 1421 620 1484; x_wconf 70' lang='grc' dir='ltr'>ἦμᾶς,</span> <span class='ocrx_word' id='word_1_124' title='bbox 652 1443 732 1468; x_wconf 83' lang='grc' dir='ltr'>και</span> <span class='ocrx_word' id='word_1_125' title='bbox 751 1415 1003 1486; x_wconf 79' lang='grc' dir='ltr'>διατηρησεις</span> <span class='ocrx_word' id='word_1_126' title='bbox 1031 1422 1154 1483; x_wconf 55' lang='grc' dir='ltr'>ὅμᾶς·</span> <span class='ocrx_word' id='word_1_127' title='bbox 1181 1441 1303 1469; x_wconf 86' lang='grc' dir='ltr'>αυτου</span> <span class='ocrx_word' id='word_1_128' title='bbox 1332 1441 1409 1486; x_wconf 90' lang='grc' dir='ltr'>γαρ</span> <span class='ocrx_word' id='word_1_129' title='bbox 1432 1416 1591 1486; x_wconf 82' lang='grc' dir='ltr'>φυλατ-</span> 
     </span>
     <span class='ocr_line' id='line_1_18' title="bbox 491 1487 1590 1580; baseline -0.002 -40"><span class='ocrx_word' id='word_1_130' title='bbox 491 1513 535 1540; x_wconf 86' lang='grc' dir='ltr'>τ</span> <span class='ocrx_word' id='word_1_131' title='bbox 518 1512 627 1546; x_wconf 88' lang='grc' dir='ltr'>οντος</span> <span class='ocrx_word' id='word_1_132' title='bbox 658 1487 966 1580; x_wconf 64' lang='grc' dir='ltr'>ἓαρσησωμεν,</span> <span class='ocrx_word' id='word_1_133' title='bbox 999 1490 1047 1546; x_wconf 77' lang='grc' dir='ltr'>ὥς</span> <span class='ocrx_word' id='word_1_134' title='bbox 1079 1487 1399 1551; x_wconf 83' lang='grc' dir='ltr'>ανεπιβουλευτοι</span> <span class='ocrx_word' id='word_1_135' title='bbox 1432 1511 1491 1546; x_wconf 86' lang='grc' dir='ltr'>εις</span> <span class='ocrx_word' id='word_1_136' title='bbox 1507 1487 1590 1540; x_wconf 71' lang='grc' dir='ltr'>’τὸν</span> 
     </span>
    </p>
   </div>
   <div class='ocr_carea' id='block_1_5' title="bbox 380 1555 1592 1649">
    <p class='ocr_par' dir='ltr' id='par_1_5' title="bbox 380 1555 1592 1649">
     <span class='ocr_line' id='line_1_19' title="bbox 380 1555 1592 1649; baseline -0.001 -39"><span class='ocrx_word' id='word_1_137' title='bbox 380 1593 409 1615; x_wconf 84' lang='lat' dir='ltr'>v</span> <span class='ocrx_word' id='word_1_138' title='bbox 420 1590 445 1614; x_wconf 86' lang='lat'>9</span> <span class='ocrx_word' id='word_1_139' title='bbox 490 1563 615 1610; x_wconf 81' lang='grc' dir='ltr'>αιῶνα</span> <span class='ocrx_word' id='word_1_140' title='bbox 641 1556 830 1623; x_wconf 71' lang='grc' dir='ltr'>ἑσᾶμεθα·</span> <span class='ocrx_word' id='word_1_141' title='bbox 855 1563 1021 1649; x_wconf 79' lang='grc' dir='ltr'>ὕψιστος</span> <span class='ocrx_word' id='word_1_142' title='bbox 1044 1582 1121 1649; x_wconf 79' lang='grc' dir='ltr'>γριρ</span> <span class='ocrx_word' id='word_1_143' title='bbox 1140 1555 1207 1620; x_wconf 84' lang='grc' dir='ltr'>ὠν,</span> <span class='ocrx_word' id='word_1_144' title='bbox 1214 1555 1426 1621; x_wconf 80' lang='grc' dir='ltr'>δεσποτα,</span> <span class='ocrx_word' id='word_1_145' title='bbox 1457 1583 1525 1610; x_wconf 83' lang='grc' dir='ltr'>και</span> <span class='ocrx_word' id='word_1_146' title='bbox 1551 1561 1592 1609; x_wconf 81' lang='grc' dir='ltr'>ἒν</span> 
     </span>
    </p>
   </div>
   <div class='ocr_carea' id='block_1_6' title="bbox 485 1628 1595 1910">
    <p class='ocr_par' dir='ltr' id='par_1_6' title="bbox 485 1628 1595 1910">
     <span class='ocr_line' id='line_1_20' title="bbox 488 1628 1592 1698; baseline 0.001 -19"><span class='ocrx_word' id='word_1_147' title='bbox 488 1634 654 1695; x_wconf 70' lang='grc' dir='ltr'>ὑψηλοῖς</span> <span class='ocrx_word' id='word_1_148' title='bbox 685 1629 872 1697; x_wconf 79' lang='grc' dir='ltr'>υπάρχων</span> <span class='ocrx_word' id='word_1_149' title='bbox 895 1654 1006 1682; x_wconf 85' lang='grc' dir='ltr'>κατα</span> <span class='ocrx_word' id='word_1_150' title='bbox 1038 1630 1082 1681; x_wconf 70' lang='grc' dir='ltr'>τὸ</span> <span class='ocrx_word' id='word_1_151' title='bbox 1107 1652 1178 1698; x_wconf 79' lang='grc' dir='ltr'>πρε</span> <span class='ocrx_word' id='word_1_152' title='bbox 1175 1628 1252 1681; x_wconf 70' lang='grc' dir='ltr'>-σόν</span> <span class='ocrx_word' id='word_1_153' title='bbox 1285 1633 1382 1696; x_wconf 85' lang='grc' dir='ltr'>υψος</span> <span class='ocrx_word' id='word_1_154' title='bbox 1414 1635 1464 1697; x_wconf 75' lang='grc' dir='ltr'>τῇ</span> <span class='ocrx_word' id='word_1_155' title='bbox 1489 1633 1592 1698; x_wconf 82' lang='grc' dir='ltr'>οἷγοι-</span> 
     </span>
     <span class='ocr_line' id='line_1_21' title="bbox 487 1698 1594 1790; baseline 0.003 -40"><span class='ocrx_word' id='word_1_156' title='bbox 487 1698 636 1755; x_wconf 64' lang='grc' dir='ltr'>θέτητι</span> <span class='ocrx_word' id='word_1_157' title='bbox 670 1724 740 1751; x_wconf 90' lang='grc' dir='ltr'>σου</span> <span class='ocrx_word' id='word_1_158' title='bbox 760 1740 773 1761; x_wconf 90' lang='lat'>,</span> <span class='ocrx_word' id='word_1_159' title='bbox 810 1724 897 1757; x_wconf 89' lang='grc' dir='ltr'>τους</span> <span class='ocrx_word' id='word_1_160' title='bbox 926 1700 1034 1757; x_wconf 80' lang='grc' dir='ltr'>υἷους</span> <span class='ocrx_word' id='word_1_161' title='bbox 1066 1705 1142 1753; x_wconf 75' lang='grc' dir='ltr'>τῶν</span> <span class='ocrx_word' id='word_1_162' title='bbox 1175 1699 1391 1790; x_wconf 64' lang='grc' dir='ltr'>ἀνθρωπων</span> <span class='ocrx_word' id='word_1_163' title='bbox 1425 1700 1594 1753; x_wconf 80' lang='grc' dir='ltr'>ἕπολυω·</span> 
     </span>
     <span class='ocr_line' id='line_1_22' title="bbox 485 1767 1595 1840; baseline -0.001 -18"><span class='ocrx_word' id='word_1_164' title='bbox 485 1793 613 1838; x_wconf 84' lang='grc' dir='ltr'>ρησας</span> <span class='ocrx_word' id='word_1_165' title='bbox 635 1810 648 1833; x_wconf 83' lang='grc'>,</span> <span class='ocrx_word' id='word_1_166' title='bbox 680 1793 815 1840; x_wconf 82' lang='grc' dir='ltr'>κρινας</span> <span class='ocrx_word' id='word_1_167' title='bbox 846 1794 990 1829; x_wconf 86' lang='grc' dir='ltr'>αυτους</span> <span class='ocrx_word' id='word_1_168' title='bbox 1022 1767 1215 1830; x_wconf 81' lang='grc' dir='ltr'>ἀξιους</span> <span class='ocrx_word' id='word_1_169' title='bbox 1185 1795 1282 1821; x_wconf 84' lang='grc' dir='ltr'>ειναι</span> <span class='ocrx_word' id='word_1_170' title='bbox 1314 1796 1382 1824; x_wconf 88' lang='grc' dir='ltr'>του</span> <span class='ocrx_word' id='word_1_171' title='bbox 1410 1794 1595 1839; x_wconf 68' lang='grc' dir='ltr'>προστα-</span> 
     </span>
     <span class='ocr_line' id='line_1_23' title="bbox 487 1839 1238 1910; baseline 0 -16"><span class='ocrx_word' id='word_1_172' title='bbox 487 1844 580 1894; x_wconf 84' lang='grc' dir='ltr'>σιάν</span> <span class='ocrx_word' id='word_1_173' title='bbox 613 1842 723 1908; x_wconf 76' lang='grc' dir='ltr'>ἔχειν</span> <span class='ocrx_word' id='word_1_174' title='bbox 756 1846 795 1892; x_wconf 81' lang='grc' dir='ltr'>ἐκ</span> <span class='ocrx_word' id='word_1_175' title='bbox 828 1839 1011 1910; x_wconf 63' lang='grc' dir='ltr'>προνοίας</span> <span class='ocrx_word' id='word_1_176' title='bbox 1043 1866 1112 1899; x_wconf 80' lang='grc' dir='ltr'>της</span> <span class='ocrx_word' id='word_1_177' title='bbox 1151 1847 1238 1898; x_wconf 75' lang='grc' dir='ltr'>σῆς</span> 
     </span>
    </p>
   </div>
   <div class='ocr_carea' id='block_1_7' title="bbox 1334 1962 1633 2007">
    <p class='ocr_par' dir='ltr' id='par_1_7' title="bbox 1334 1962 1633 2007">
     <span class='ocr_line' id='line_1_24' title="bbox 1334 1962 1633 2007; baseline 0 -2"><span class='ocrx_word' id='word_1_178' title='bbox 1334 1962 1633 2007; x_wconf 82' lang='lat' dir='ltr'>PSALM</span> 
     </span>
    </p>
   </div>
   <div class='ocr_carea' id='block_1_8' title="bbox 240 2101 1591 2226">
    <p class='ocr_par' dir='ltr' id='par_1_8' title="bbox 240 2101 1591 2226">
     <span class='ocr_line' id='line_1_25' title="bbox 240 2101 1591 2226; baseline -0.012 -21"><span class='ocrx_word' id='word_1_179' title='bbox 240 2176 275 2206; x_wconf 88' lang='grc' dir='ltr'>Α.</span> <span class='ocrx_word' id='word_1_180' title='bbox 297 2176 317 2206; x_wconf 83' lang='lat' dir='ltr'>r.</span> <span class='ocrx_word' id='word_1_181' title='bbox 342 2149 386 2206; x_wconf 59' lang='grc' dir='ltr'>σέζ</span> <span class='ocrx_word' id='word_1_182' title='bbox 408 2145 441 2206; x_wconf 59' lang='lat' dir='ltr'>1¹)ss</span> <span class='ocrx_word' id='word_1_183' title='bbox 488 2101 572 2188; x_wconf 63' lang='lat' dir='ltr'>E}</span> <span class='ocrx_word' id='word_1_184' title='bbox 602 2140 667 2188; x_wconf 53' lang='grc' dir='ltr'>καὶ</span> <span class='ocrx_word' id='word_1_185' title='bbox 700 2136 914 2206; x_wconf 53' lang='grc' dir='ltr'>πρεσβείας</span> <span class='ocrx_word' id='word_1_186' title='bbox 947 2138 1095 2226; x_wconf 37' lang='grc' dir='ltr'>τρᾶηπῳ</span> <span class='ocrx_word' id='word_1_187' title='bbox 1106 2139 1180 2194; x_wconf 48' lang='lat' dir='ltr'>fam*</span> <span class='ocrx_word' id='word_1_188' title='bbox 1220 2143 1290 2191; x_wconf 80' lang='grc' dir='ltr'>τοῧ</span> <span class='ocrx_word' id='word_1_189' title='bbox 1326 2138 1438 2205; x_wconf 70' lang='grc' dir='ltr'>ἁγίου</span> <span class='ocrx_word' id='word_1_190' title='bbox 1474 2139 1591 2207; x_wconf 70' lang='grc' dir='ltr'>λέγε-</span> 
     </span>
    </p>
   </div>
   <div class='ocr_carea' id='block_1_9' title="bbox 355 3218 433 3243">
    <p class='ocr_par' dir='ltr' id='par_1_9' title="bbox 355 3218 433 3243">
     <span class='ocr_line' id='line_1_26' title="bbox 355 3218 433 3243; baseline 0.038 -3"><span class='ocrx_word' id='word_1_191' title='bbox 355 3222 385 3242; x_wconf 73' lang='lat' dir='ltr'>v.</span> <span class='ocrx_word' id='word_1_192' title='bbox 406 3218 433 3243; x_wconf 82' lang='lat'>5.</span> 
     </span>
    </p>
   </div>
   <div class='ocr_carea' id='block_1_10' title="bbox 453 3263 1228 3334">
    <p class='ocr_par' dir='ltr' id='par_1_10' title="bbox 453 3263 1228 3334">
     <span class='ocr_line' id='line_1_27' title="bbox 453 3263 1228 3334; baseline 0.008 -24"><span class='ocrx_word' id='word_1_193' title='bbox 453 3284 507 3311; x_wconf 84' lang='lat'>·&gt;›</span> <span class='ocrx_word' id='word_1_194' title='bbox 542 3263 661 3331; x_wconf 87' lang='grc' dir='ltr'>λεγει</span> <span class='ocrx_word' id='word_1_195' title='bbox 702 3268 721 3316; x_wconf 74' lang='grc' dir='ltr'><em>ὃ</em></span> <span class='ocrx_word' id='word_1_196' title='bbox 759 3272 992 3334; x_wconf 72' lang='grc' dir='ltr'>ωεριωατῶν</span> <span class='ocrx_word' id='word_1_197' title='bbox 1031 3271 1070 3317; x_wconf 82' lang='grc' dir='ltr'>ἐν</span> <span class='ocrx_word' id='word_1_198' title='bbox 1110 3267 1228 3331; x_wconf 77' lang='grc' dir='ltr'>ἐμοι,</span> 
     </span>
    </p>
   </div>
   <div class='ocr_carea' id='block_1_11' title="bbox 451 2208 1591 3426">
    <p class='ocr_par' dir='ltr' id='par_1_11' title="bbox 476 2208 1591 3406">
     <span class='ocr_line' id='line_1_28' title="bbox 487 2208 1586 2277; baseline 0.004 -18"><span class='ocrx_word' id='word_1_199' title='bbox 487 2232 552 2259; x_wconf 88' lang='grc' dir='ltr'>ται</span> <span class='ocrx_word' id='word_1_200' title='bbox 586 2232 741 2269; x_wconf 86' lang='grc' dir='ltr'>ταυτα,</span> <span class='ocrx_word' id='word_1_201' title='bbox 775 2208 886 2259; x_wconf 81' lang='grc' dir='ltr'>ἀλλά</span> <span class='ocrx_word' id='word_1_202' title='bbox 908 2232 953 2276; x_wconf 85' lang='grc' dir='ltr'>γε</span> <span class='ocrx_word' id='word_1_203' title='bbox 978 2233 1053 2274; x_wconf 84' lang='grc' dir='ltr'>ουχ</span> <span class='ocrx_word' id='word_1_204' title='bbox 1077 2209 1323 2275; x_wconf 79' lang='grc' dir='ltr'>ὖποκειμενος</span> <span class='ocrx_word' id='word_1_205' title='bbox 1347 2209 1447 2277; x_wconf 79' lang='grc' dir='ltr'>ληθῃ</span> <span class='ocrx_word' id='word_1_206' title='bbox 1473 2216 1560 2262; x_wconf 72' lang='grc' dir='ltr'>θεε</span> <span class='ocrx_word' id='word_1_207' title='bbox 1520 2235 1586 2273; x_wconf 80' lang='grc' dir='ltr'>υ,</span> 
     </span>
     <span class='ocr_line' id='line_1_29' title="bbox 482 2277 1589 2348; baseline 0.005 -21"><span class='ocrx_word' id='word_1_208' title='bbox 482 2279 591 2329; x_wconf 79' lang='grc' dir='ltr'>αλλὰ</span> <span class='ocrx_word' id='word_1_209' title='bbox 622 2303 676 2331; x_wconf 92' lang='grc' dir='ltr'>τα</span> <span class='ocrx_word' id='word_1_210' title='bbox 706 2281 840 2329; x_wconf 82' lang='grc' dir='ltr'>ἄλλων</span> <span class='ocrx_word' id='word_1_211' title='bbox 874 2303 928 2337; x_wconf 80' lang='grc' dir='ltr'>εις</span> <span class='ocrx_word' id='word_1_212' title='bbox 960 2278 1102 2331; x_wconf 67' lang='grc' dir='ltr'>ἑαυτὸν</span> <span class='ocrx_word' id='word_1_213' title='bbox 1136 2277 1449 2345; x_wconf 74' lang='grc' dir='ltr'>ἀναδεξαμενος,</span> <span class='ocrx_word' id='word_1_214' title='bbox 1485 2279 1589 2348; x_wconf 81' lang='grc' dir='ltr'>λεγει</span> 
     </span>
     <span class='ocr_line' id='line_1_30' title="bbox 484 2347 1589 2418; baseline 0.001 -18"><span class='ocrx_word' id='word_1_215' title='bbox 484 2371 537 2400; x_wconf 89' lang='grc' dir='ltr'>τα</span> <span class='ocrx_word' id='word_1_216' title='bbox 567 2373 636 2407; x_wconf 87' lang='grc' dir='ltr'>της</span> <span class='ocrx_word' id='word_1_217' title='bbox 668 2347 883 2407; x_wconf 72' lang='grc' dir='ltr'>αἰτησεως.</span> <span class='ocrx_word' id='word_1_218' title='bbox 919 2348 1066 2402; x_wconf 79' lang='grc' dir='ltr'>Πάντα</span> <span class='ocrx_word' id='word_1_219' title='bbox 1098 2351 1218 2404; x_wconf 78' lang='grc' dir='ltr'>δηλον</span> <span class='ocrx_word' id='word_1_220' title='bbox 1249 2353 1298 2407; x_wconf 78' lang='grc' dir='ltr'>ὡς</span> <span class='ocrx_word' id='word_1_221' title='bbox 1330 2375 1372 2401; x_wconf 78' lang='grc' dir='ltr'>ευ</span> <span class='ocrx_word' id='word_1_222' title='bbox 1404 2350 1493 2418; x_wconf 71' lang='grc' dir='ltr'>πιερι1</span> <span class='ocrx_word' id='word_1_223' title='bbox 1523 2355 1589 2402; x_wconf 78' lang='grc' dir='ltr'>αἷ-</span> 
     </span>
     <span class='ocr_line' id='line_1_31' title="bbox 483 2418 1589 2489; baseline 0.005 -19"><span class='ocrx_word' id='word_1_224' title='bbox 483 2426 639 2472; x_wconf 57' lang='grc' dir='ltr'>σᾶητου</span> <span class='ocrx_word' id='word_1_225' title='bbox 670 2426 874 2489; x_wconf 79' lang='grc' dir='ltr'>φωτισμοῧ</span> <span class='ocrx_word' id='word_1_226' title='bbox 904 2445 929 2474; x_wconf 81' lang='grc' dir='ltr'>η</span> <span class='ocrx_word' id='word_1_227' title='bbox 961 2445 1051 2473; x_wconf 75' lang='grc' dir='ltr'>υπνε</span> <span class='ocrx_word' id='word_1_228' title='bbox 1055 2444 1078 2470; x_wconf 92' lang='grc' dir='ltr'>υ</span> <span class='ocrx_word' id='word_1_229' title='bbox 1109 2446 1172 2472; x_wconf 79' lang='grc' dir='ltr'>και</span> <span class='ocrx_word' id='word_1_230' title='bbox 1206 2418 1366 2472; x_wconf 65' lang='grc' dir='ltr'>θανατο</span> <span class='ocrx_word' id='word_1_231' title='bbox 1352 2444 1390 2470; x_wconf 81' lang='grc' dir='ltr'>υ</span> <span class='ocrx_word' id='word_1_232' title='bbox 1429 2446 1481 2474; x_wconf 94' lang='grc' dir='ltr'>τα</span> <span class='ocrx_word' id='word_1_233' title='bbox 1514 2427 1589 2479; x_wconf 74' lang='grc' dir='ltr'>τῆς</span> 
     </span>
     <span class='ocr_line' id='line_1_32' title="bbox 482 2488 1591 2559; baseline 0.003 -20"><span class='ocrx_word' id='word_1_234' title='bbox 482 2488 679 2546; x_wconf 74' lang='grc' dir='ltr'>αἰτησεως</span> <span class='ocrx_word' id='word_1_235' title='bbox 710 2494 817 2551; x_wconf 80' lang='grc' dir='ltr'>ἐςιν,</span> <span class='ocrx_word' id='word_1_236' title='bbox 851 2490 961 2541; x_wconf 76' lang='grc' dir='ltr'>αλλᾶ</span> <span class='ocrx_word' id='word_1_237' title='bbox 997 2514 1084 2558; x_wconf 85' lang='grc' dir='ltr'>περι</span> <span class='ocrx_word' id='word_1_238' title='bbox 1118 2497 1188 2544; x_wconf 80' lang='grc' dir='ltr'>τοῧ</span> <span class='ocrx_word' id='word_1_239' title='bbox 1218 2496 1259 2542; x_wconf 81' lang='grc' dir='ltr'>ἐν.</span> <span class='ocrx_word' id='word_1_240' title='bbox 1288 2515 1467 2559; x_wconf 86' lang='grc' dir='ltr'>γνωσεως</span> <span class='ocrx_word' id='word_1_241' title='bbox 1503 2498 1591 2542; x_wconf 83' lang='grc' dir='ltr'>Θεου</span> 
     </span>
     <span class='ocr_line' id='line_1_33' title="bbox 451 2565 1584 2650; baseline 0.002 -41.056"><span class='ocrx_word' id='word_1_242' title='bbox 451 2566 701 2650; x_wconf 66' lang='grc' dir='ltr'>ιρωτισμοῧ·</span> <span class='ocrx_word' id='word_1_243' title='bbox 732 2583 971 2630; x_wconf 63' lang='grc' dir='ltr'>«φωτισατι</span> <span class='ocrx_word' id='word_1_244' title='bbox 1003 2585 1080 2630; x_wconf 87' lang='grc' dir='ltr'>γαρ</span> <span class='ocrx_word' id='word_1_245' title='bbox 1106 2565 1263 2619; x_wconf 79' lang='grc' dir='ltr'>ἑαυτοῖς</span> <span class='ocrx_word' id='word_1_246' title='bbox 1290 2567 1367 2631; x_wconf 77' lang='grc' dir='ltr'>φῶς</span> <span class='ocrx_word' id='word_1_247' title='bbox 1389 2586 1584 2629; x_wconf 81' lang='grc' dir='ltr'>γνωσεως,</span> 
     </span>
     <span class='ocr_line' id='line_1_34' title="bbox 488 2631 1582 2701; baseline 0.005 -24"><span class='ocrx_word' id='word_1_248' title='bbox 488 2653 513 2678; x_wconf 72' lang='lat' dir='ltr'>n</span> <span class='ocrx_word' id='word_1_249' title='bbox 550 2654 615 2681; x_wconf 85' lang='grc' dir='ltr'>και</span> <span class='ocrx_word' id='word_1_250' title='bbox 653 2632 933 2700; x_wconf 66' lang='grc' dir='ltr'>ωροσελθετε</span> <span class='ocrx_word' id='word_1_251' title='bbox 950 2637 1005 2694; x_wconf 83' lang='grc' dir='ltr'>τῷ</span> <span class='ocrx_word' id='word_1_252' title='bbox 1034 2656 1149 2700; x_wconf 84' lang='grc' dir='ltr'>κυριῳ</span> <span class='ocrx_word' id='word_1_253' title='bbox 1184 2657 1251 2682; x_wconf 83' lang='grc' dir='ltr'>και</span> <span class='ocrx_word' id='word_1_254' title='bbox 1284 2631 1530 2701; x_wconf 64' lang='grc' dir='ltr'>φωτὲσθητε·</span> <span class='ocrx_word' id='word_1_255' title='bbox 1559 2656 1582 2682; x_wconf 87' lang='grc'><em>»</em></span> 
     </span>
     <span class='ocr_line' id='line_1_35' title="bbox 478 2700 1587 2792; baseline 0.003 -41"><span class='ocrx_word' id='word_1_256' title='bbox 478 2700 689 2755; x_wconf 70' lang='grc' dir='ltr'>Γὶνεται“</span> <span class='ocrx_word' id='word_1_257' title='bbox 669 2727 687 2752; x_wconf 94' lang='grc' dir='ltr'>ο</span> <span class='ocrx_word' id='word_1_258' title='bbox 715 2701 917 2771; x_wconf 65' lang='grc' dir='ltr'>φωτισμᾶς</span> <span class='ocrx_word' id='word_1_259' title='bbox 949 2726 1060 2759; x_wconf 75' lang='grc' dir='ltr'>ουτος</span> <span class='ocrx_word' id='word_1_260' title='bbox 1078 2743 1091 2763; x_wconf 87' lang='grc'>.,</span> <span class='ocrx_word' id='word_1_261' title='bbox 1119 2729 1162 2754; x_wconf 77' lang='grc' dir='ltr'>ου</span> <span class='ocrx_word' id='word_1_262' title='bbox 1185 2726 1276 2792; x_wconf 82' lang='grc' dir='ltr'>περι</span> <span class='ocrx_word' id='word_1_263' title='bbox 1306 2702 1349 2754; x_wconf 63' lang='lat'>253</span> <span class='ocrx_word' id='word_1_264' title='bbox 1385 2727 1454 2760; x_wconf 89' lang='grc' dir='ltr'>της</span> <span class='ocrx_word' id='word_1_265' title='bbox 1487 2727 1587 2772; x_wconf 89' lang='grc' dir='ltr'>σαρ-</span> 
     </span>
     <span class='ocr_line' id='line_1_36' title="bbox 478 2770 1587 2841; baseline 0.005 -21"><span class='ocrx_word' id='word_1_266' title='bbox 478 2770 544 2828; x_wconf 72' lang='grc' dir='ltr'>κὲς</span> <span class='ocrx_word' id='word_1_267' title='bbox 578 2795 703 2837; x_wconf 83' lang='grc' dir='ltr'>ομμα·</span> <span class='ocrx_word' id='word_1_268' title='bbox 739 2772 923 2841; x_wconf 73' lang='grc' dir='ltr'>ὄρατικόν</span> <span class='ocrx_word' id='word_1_269' title='bbox 953 2796 1030 2840; x_wconf 89' lang='grc' dir='ltr'>γαρ</span> <span class='ocrx_word' id='word_1_270' title='bbox 1065 2779 1175 2824; x_wconf 74' lang='grc' dir='ltr'>τοῦτο</span> <span class='ocrx_word' id='word_1_271' title='bbox 1206 2771 1292 2826; x_wconf 75' lang='grc' dir='ltr'>ηλίο</span> <span class='ocrx_word' id='word_1_272' title='bbox 1279 2799 1341 2834; x_wconf 85' lang='grc' dir='ltr'>υ,</span> <span class='ocrx_word' id='word_1_273' title='bbox 1374 2798 1441 2824; x_wconf 82' lang='grc' dir='ltr'>και</span> <span class='ocrx_word' id='word_1_274' title='bbox 1478 2797 1508 2825; x_wconf 90' lang='grc' dir='ltr'>ει</span> <span class='ocrx_word' id='word_1_275' title='bbox 1544 2798 1587 2827; x_wconf 87' lang='grc' dir='ltr'>τε</span> 
     </span>
     <span class='ocr_line' id='line_1_37' title="bbox 476 2842 1586 2912; baseline 0.003 -21"><span class='ocrx_word' id='word_1_276' title='bbox 476 2846 606 2908; x_wconf 82' lang='grc' dir='ltr'>ἕτερον</span> <span class='ocrx_word' id='word_1_277' title='bbox 639 2842 834 2897; x_wconf 83' lang='grc' dir='ltr'>αισθητον</span> <span class='ocrx_word' id='word_1_278' title='bbox 859 2849 934 2912; x_wconf 75' lang='grc' dir='ltr'>φῶς</span> <span class='ocrx_word' id='word_1_279' title='bbox 967 2868 1039 2896; x_wconf 89' lang='grc' dir='ltr'>των</span> <span class='ocrx_word' id='word_1_280' title='bbox 1072 2843 1243 2912; x_wconf 73' lang='grc' dir='ltr'>δρώντων</span> <span class='ocrx_word' id='word_1_281' title='bbox 1269 2844 1334 2895; x_wconf 71' lang='grc' dir='ltr'>τὶν</span> <span class='ocrx_word' id='word_1_282' title='bbox 1360 2868 1431 2901; x_wconf 83' lang='grc' dir='ltr'>της</span> <span class='ocrx_word' id='word_1_283' title='bbox 1458 2848 1586 2895; x_wconf 80' lang='grc' dir='ltr'>δικαι-</span> 
     </span>
     <span class='ocr_line' id='line_1_38' title="bbox 477 2913 1585 3004; baseline 0.003 -42"><span class='ocrx_word' id='word_1_284' title='bbox 477 2936 617 2970; x_wconf 84' lang='grc' dir='ltr'>οσυνης</span> <span class='ocrx_word' id='word_1_285' title='bbox 658 2918 800 2973; x_wconf 74' lang='grc' dir='ltr'>ἥλιον,</span> <span class='ocrx_word' id='word_1_286' title='bbox 844 2913 891 2965; x_wconf 74' lang='grc' dir='ltr'>τδ</span> <span class='ocrx_word' id='word_1_287' title='bbox 924 2919 998 2984; x_wconf 77' lang='grc' dir='ltr'>φῶς</span> <span class='ocrx_word' id='word_1_288' title='bbox 1030 2915 1073 2967; x_wconf 74' lang='grc' dir='ltr'>τὲ</span> <span class='ocrx_word' id='word_1_289' title='bbox 1108 2915 1325 2975; x_wconf 65' lang='lat' dir='ltr'>o&#39;z).nS*1v3v,</span> <span class='ocrx_word' id='word_1_290' title='bbox 1360 2917 1585 3004; x_wconf 61' lang='grc' dir='ltr'>ὄφθαλμων</span> 
     </span>
     <span class='ocr_line' id='line_1_39' title="bbox 478 2982 1586 3054; baseline 0.006 -23"><span class='ocrx_word' id='word_1_291' title='bbox 478 3005 522 3032; x_wconf 91' lang='grc' dir='ltr'>ου</span> <span class='ocrx_word' id='word_1_292' title='bbox 550 2984 731 3048; x_wconf 55' lang='grc' dir='ltr'>σώματος</span> <span class='ocrx_word' id='word_1_293' title='bbox 753 3025 765 3045; x_wconf 87' lang='grc'><em>,</em></span> <span class='ocrx_word' id='word_1_294' title='bbox 792 2982 903 3035; x_wconf 89' lang='grc' dir='ltr'>αλλα</span> <span class='ocrx_word' id='word_1_295' title='bbox 933 2985 1090 3054; x_wconf 77' lang='grc' dir='ltr'>καρδιας</span> <span class='ocrx_word' id='word_1_296' title='bbox 1124 2990 1262 3037; x_wconf 85' lang='grc' dir='ltr'>οντων·</span> <span class='ocrx_word' id='word_1_297' title='bbox 1297 3009 1338 3036; x_wconf 75' lang='grc' dir='ltr'>τι</span> <span class='ocrx_word' id='word_1_298' title='bbox 1343 3010 1366 3035; x_wconf 93' lang='grc' dir='ltr'>υ</span> <span class='ocrx_word' id='word_1_299' title='bbox 1396 3008 1473 3052; x_wconf 85' lang='grc' dir='ltr'>γαρ</span> <span class='ocrx_word' id='word_1_300' title='bbox 1506 2987 1586 3038; x_wconf 74' lang='grc' dir='ltr'>ἴσω</span> 
     </span>
     <span class='ocr_line' id='line_1_40' title="bbox 476 3054 1586 3125; baseline 0.004 -24"><span class='ocrx_word' id='word_1_301' title='bbox 476 3054 690 3121; x_wconf 59' lang='grc' dir='ltr'>ἀνθρωωου</span> <span class='ocrx_word' id='word_1_302' title='bbox 732 3056 938 3125; x_wconf 67' lang='grc' dir='ltr'>ὃφθαλμοι</span> <span class='ocrx_word' id='word_1_303' title='bbox 976 3057 1018 3105; x_wconf 82' lang='grc' dir='ltr'>αἶ</span> <span class='ocrx_word' id='word_1_304' title='bbox 1057 3080 1232 3110; x_wconf 80' lang='grc' dir='ltr'>νοητικαι</span> <span class='ocrx_word' id='word_1_305' title='bbox 1280 3055 1484 3120; x_wconf 78' lang='grc' dir='ltr'>δυνάμεις·</span> <span class='ocrx_word' id='word_1_306' title='bbox 1530 3063 1586 3125; x_wconf 74' lang='grc' dir='ltr'>τῷ</span> 
     </span>
     <span class='ocr_line' id='line_1_41' title="bbox 477 3126 1581 3212; baseline 0.005 -39.084"><span class='ocrx_word' id='word_1_307' title='bbox 477 3147 577 3176; x_wconf 77' lang='grc' dir='ltr'>ουτω</span> <span class='ocrx_word' id='word_1_308' title='bbox 609 3126 880 3192; x_wconf 78' lang='grc' dir='ltr'>φωτιζομενῳ,</span> <span class='ocrx_word' id='word_1_309' title='bbox 915 3130 1055 3178; x_wconf 81' lang='grc' dir='ltr'>επεται</span> <span class='ocrx_word' id='word_1_310' title='bbox 1089 3127 1190 3184; x_wconf 81' lang='grc' dir='ltr'>ζωην</span> <span class='ocrx_word' id='word_1_311' title='bbox 1222 3150 1423 3195; x_wconf 78' lang='grc' dir='ltr'>μακαριαν</span> <span class='ocrx_word' id='word_1_312' title='bbox 1458 3129 1581 3212; x_wconf 75' lang='grc' dir='ltr'>ἔχειν·</span> 
     </span>
     <span class='ocr_line' id='line_1_42' title="bbox 481 3197 1583 3265; baseline 0.005 -22"><span class='ocrx_word' id='word_1_313' title='bbox 481 3215 506 3241; x_wconf 87' lang='grc'>((</span> <span class='ocrx_word' id='word_1_314' title='bbox 531 3198 606 3260; x_wconf 69' lang='grc' dir='ltr'>Εγώ</span> <span class='ocrx_word' id='word_1_315' title='bbox 639 3219 714 3263; x_wconf 68' lang='grc' dir='ltr'>γαρ</span> <span class='ocrx_word' id='word_1_316' title='bbox 753 3220 832 3260; x_wconf 78' lang='grc' dir='ltr'>Ειμί</span> <span class='ocrx_word' id='word_1_317' title='bbox 877 3220 920 3248; x_wconf 73' lang='lat' dir='ltr'>TO</span> <span class='ocrx_word' id='word_1_318' title='bbox 959 3221 1036 3264; x_wconf 62' lang='grc' dir='ltr'>ψίθς</span> <span class='ocrx_word' id='word_1_319' title='bbox 1076 3203 1144 3247; x_wconf 67' lang='grc' dir='ltr'>τοῦ</span> <span class='ocrx_word' id='word_1_320' title='bbox 1184 3197 1327 3263; x_wconf 58' lang='lat' dir='ltr'>uo&#39;oyaev</span> <span class='ocrx_word' id='word_1_321' title='bbox 1351 3235 1364 3257; x_wconf 69' lang='lat'>9</span> <span class='ocrx_word' id='word_1_322' title='bbox 1402 3221 1420 3247; x_wconf 82' lang='lat' dir='ltr'><em>O</em></span> <span class='ocrx_word' id='word_1_323' title='bbox 1459 3221 1583 3265; x_wconf 64' lang='grc' dir='ltr'>Χυρῑῧς</span> 
     </span>
     <span class='ocr_line' id='line_1_43' title="bbox 1267 3271 1583 3334; baseline -0.006 -14"><span class='ocrx_word' id='word_1_324' title='bbox 1267 3290 1413 3334; x_wconf 84' lang='grc' dir='ltr'>φησιν,</span> <span class='ocrx_word' id='word_1_325' title='bbox 1461 3271 1499 3316; x_wconf 84' lang='grc' dir='ltr'>ἐν</span> <span class='ocrx_word' id='word_1_326' title='bbox 1534 3273 1583 3333; x_wconf 72' lang='grc' dir='ltr'>τῇ</span> 
     </span>
     <span class='ocr_line' id='line_1_44' title="bbox 482 3335 1582 3426; baseline 0.006 -44"><span class='ocrx_word' id='word_1_327' title='bbox 482 3357 507 3382; x_wconf 83' lang='grc'>&gt;&gt;</span> <span class='ocrx_word' id='word_1_328' title='bbox 544 3335 697 3398; x_wconf 78' lang='grc' dir='ltr'>σκοτεῖᾳ</span> <span class='ocrx_word' id='word_1_329' title='bbox 728 3360 772 3385; x_wconf 88' lang='grc' dir='ltr'>ου</span> <span class='ocrx_word' id='word_1_330' title='bbox 803 3361 858 3400; x_wconf 85' lang='grc' dir='ltr'>μη</span> <span class='ocrx_word' id='word_1_331' title='bbox 895 3361 1036 3403; x_wconf 71' lang='grc' dir='ltr'>μεινῃ,</span> <span class='ocrx_word' id='word_1_332' title='bbox 1076 3341 1167 3387; x_wconf 77' lang='grc' dir='ltr'>ἀλλ’</span> <span class='ocrx_word' id='word_1_333' title='bbox 1204 3341 1280 3395; x_wconf 81' lang='grc' dir='ltr'>ἑξει</span> <span class='ocrx_word' id='word_1_334' title='bbox 1315 3337 1360 3388; x_wconf 67' lang='grc' dir='ltr'>τὸ</span> <span class='ocrx_word' id='word_1_335' title='bbox 1398 3361 1476 3426; x_wconf 79' lang='grc' dir='ltr'>φως</span> <span class='ocrx_word' id='word_1_336' title='bbox 1510 3343 1582 3394; x_wconf 72' lang='grc' dir='ltr'>τῆς</span> 
     </span>
    </p>
   </div>
   <div class='ocr_carea' id='block_1_12' title="bbox 356 3404 1582 3476">
    <p class='ocr_par' dir='ltr' id='par_1_12' title="bbox 356 3404 1582 3476">
     <span class='ocr_line' id='line_1_45' title="bbox 356 3404 1582 3476; baseline 0.002 -22"><span class='ocrx_word' id='word_1_337' title='bbox 356 3434 384 3455; x_wconf 79' lang='lat' dir='ltr'>v.</span> <span class='ocrx_word' id='word_1_338' title='bbox 404 3430 431 3455; x_wconf 76' lang='lat' dir='ltr'>s.</span> <span class='ocrx_word' id='word_1_339' title='bbox 482 3428 506 3454; x_wconf 86' lang='lat'>&gt;›</span> <span class='ocrx_word' id='word_1_340' title='bbox 544 3411 657 3462; x_wconf 76' lang='grc' dir='ltr'>ζωῆς·</span> <span class='ocrx_word' id='word_1_341' title='bbox 691 3432 707 3451; x_wconf 81' lang='grc'>»</span> <span class='ocrx_word' id='word_1_342' title='bbox 744 3404 794 3462; x_wconf 75' lang='grc' dir='ltr'>ἧς</span> <span class='ocrx_word' id='word_1_343' title='bbox 827 3412 932 3464; x_wconf 81' lang='grc' dir='ltr'>ζωης</span> <span class='ocrx_word' id='word_1_344' title='bbox 964 3407 1275 3476; x_wconf 76' lang='grc' dir='ltr'>παραγινομένης</span> <span class='ocrx_word' id='word_1_345' title='bbox 1308 3412 1360 3464; x_wconf 82' lang='grc' dir='ltr'>εἰς</span> <span class='ocrx_word' id='word_1_346' title='bbox 1396 3406 1463 3458; x_wconf 68' lang='grc' dir='ltr'>τὸν</span> <span class='ocrx_word' id='word_1_347' title='bbox 1498 3432 1582 3476; x_wconf 78' lang='grc' dir='ltr'>φω-</span> 
     </span>
    </p>
   </div>
   <div class='ocr_carea' id='block_1_13' title="bbox 471 3477 1581 3900">
    <p class='ocr_par' dir='ltr' id='par_1_13' title="bbox 471 3477 1581 3900">
     <span class='ocr_line' id='line_1_46' title="bbox 477 3477 1581 3535; baseline 0.004 -10"><span class='ocrx_word' id='word_1_348' title='bbox 477 3479 662 3527; x_wconf 85' lang='grc' dir='ltr'>τισθέντα</span> <span class='ocrx_word' id='word_1_349' title='bbox 684 3516 696 3534; x_wconf 76' lang='lat'>,</span> <span class='ocrx_word' id='word_1_350' title='bbox 732 3477 875 3535; x_wconf 78' lang='grc' dir='ltr'>ἅπεςιν</span> <span class='ocrx_word' id='word_1_351' title='bbox 908 3501 1029 3529; x_wconf 89' lang='grc' dir='ltr'>αυτου</span> <span class='ocrx_word' id='word_1_352' title='bbox 1060 3480 1103 3528; x_wconf 74' lang='grc' dir='ltr'>τὸ</span> <span class='ocrx_word' id='word_1_353' title='bbox 1142 3483 1319 3530; x_wconf 78' lang='grc' dir='ltr'>ὖπνῶἀαι</span> <span class='ocrx_word' id='word_1_354' title='bbox 1353 3482 1409 3534; x_wconf 81' lang='grc' dir='ltr'>εἰς</span> <span class='ocrx_word' id='word_1_355' title='bbox 1440 3477 1581 3529; x_wconf 61' lang='grc' dir='ltr'>θανα-</span> 
     </span>
     <span class='ocr_line' id='line_1_47' title="bbox 474 3547 1581 3607; baseline 0.005 -15"><span class='ocrx_word' id='word_1_356' title='bbox 474 3566 563 3607; x_wconf 82' lang='grc' dir='ltr'>τον,</span> <span class='ocrx_word' id='word_1_357' title='bbox 596 3568 807 3601; x_wconf 84' lang='grc' dir='ltr'>υπνουντος</span> <span class='ocrx_word' id='word_1_358' title='bbox 839 3571 906 3596; x_wconf 81' lang='grc' dir='ltr'>και</span> <span class='ocrx_word' id='word_1_359' title='bbox 940 3552 995 3600; x_wconf 82' lang='grc' dir='ltr'>ἀ</span> <span class='ocrx_word' id='word_1_360' title='bbox 985 3547 1260 3606; x_wconf 65' lang='grc' dir='ltr'>οθνησκοντος</span> <span class='ocrx_word' id='word_1_361' title='bbox 1293 3572 1362 3599; x_wconf 80' lang='grc' dir='ltr'>τευ</span> <span class='ocrx_word' id='word_1_362' title='bbox 1393 3550 1507 3604; x_wconf 66' lang='grc' dir='ltr'>ὄντος</span> <span class='ocrx_word' id='word_1_363' title='bbox 1541 3552 1581 3598; x_wconf 83' lang='grc' dir='ltr'>ἑν</span> 
     </span>
     <span class='ocr_line' id='line_1_48' title="bbox 474 3615 1579 3709; baseline 0.002 -42"><span class='ocrx_word' id='word_1_364' title='bbox 474 3640 602 3667; x_wconf 84' lang='grc' dir='ltr'>σκοτει</span> <span class='ocrx_word' id='word_1_365' title='bbox 635 3640 704 3674; x_wconf 85' lang='grc' dir='ltr'>της</span> <span class='ocrx_word' id='word_1_366' title='bbox 735 3615 912 3709; x_wconf 80' lang='grc' dir='ltr'>ἀγνοιας·</span> <span class='ocrx_word' id='word_1_367' title='bbox 947 3642 964 3667; x_wconf 92' lang='grc' dir='ltr'>ο</span> <span class='ocrx_word' id='word_1_368' title='bbox 997 3641 1073 3684; x_wconf 87' lang='grc' dir='ltr'>γαρ</span> <span class='ocrx_word' id='word_1_369' title='bbox 1105 3618 1194 3677; x_wconf 75' lang='grc' dir='ltr'>δους</span> <span class='ocrx_word' id='word_1_370' title='bbox 1226 3623 1273 3669; x_wconf 78' lang='grc' dir='ltr'>δι’</span> <span class='ocrx_word' id='word_1_371' title='bbox 1299 3618 1487 3684; x_wconf 82' lang='grc' dir='ltr'>ἀμελειας</span> <span class='ocrx_word' id='word_1_372' title='bbox 1512 3642 1579 3670; x_wconf 83' lang='grc' dir='ltr'>και</span> 
     </span>
     <span class='ocr_line' id='line_1_49' title="bbox 471 3686 1580 3778; baseline 0.003 -42"><span class='ocrx_word' id='word_1_373' title='bbox 471 3686 681 3755; x_wconf 63' lang='grc' dir='ltr'>ρᾳθυμιας</span> <span class='ocrx_word' id='word_1_374' title='bbox 716 3711 770 3744; x_wconf 86' lang='grc' dir='ltr'>εις</span> <span class='ocrx_word' id='word_1_375' title='bbox 803 3710 922 3738; x_wconf 87' lang='grc' dir='ltr'>υπνον</span> <span class='ocrx_word' id='word_1_376' title='bbox 957 3711 1044 3745; x_wconf 82' lang='grc' dir='ltr'>τους</span> <span class='ocrx_word' id='word_1_377' title='bbox 1078 3688 1294 3778; x_wconf 55' lang='grc' dir='ltr'>ιῖιρθαλριξ1</span> <span class='ocrx_word' id='word_1_378' title='bbox 1272 3714 1318 3745; x_wconf 86' lang='grc' dir='ltr'>υς</span> <span class='ocrx_word' id='word_1_379' title='bbox 1345 3691 1487 3747; x_wconf 74' lang='grc' dir='ltr'>αυτοῦ,</span> <span class='ocrx_word' id='word_1_380' title='bbox 1517 3693 1580 3739; x_wconf 71' lang='grc' dir='ltr'>εὖ·</span> 
     </span>
     <span class='ocr_line' id='line_1_50' title="bbox 471 3756 1574 3827; baseline 0.002 -21"><span class='ocrx_word' id='word_1_381' title='bbox 471 3757 578 3814; x_wconf 63' lang='lat' dir='ltr'>&amp;dmg</span> <span class='ocrx_word' id='word_1_382' title='bbox 612 3758 872 3816; x_wconf 65' lang='grc' dir='ltr'>τεθνηξετοιι,</span> <span class='ocrx_word' id='word_1_383' title='bbox 900 3756 1094 3809; x_wconf 65' lang='grc' dir='ltr'>ἐκπίπτων</span> <span class='ocrx_word' id='word_1_384' title='bbox 1122 3782 1194 3815; x_wconf 86' lang='grc' dir='ltr'>της</span> <span class='ocrx_word' id='word_1_385' title='bbox 1221 3784 1292 3811; x_wconf 91' lang='grc' dir='ltr'>συν</span> <span class='ocrx_word' id='word_1_386' title='bbox 1315 3763 1434 3827; x_wconf 76' lang='grc' dir='ltr'>ἀρεττ,</span> <span class='ocrx_word' id='word_1_387' title='bbox 1459 3764 1574 3816; x_wconf 69' lang='grc' dir='ltr'>ζωῆς·</span> 
     </span>
     <span class='ocr_line' id='line_1_51' title="bbox 474 3827 1574 3900; baseline 0.003 -24"><span class='ocrx_word' id='word_1_388' title='bbox 474 3831 569 3881; x_wconf 61' lang='grc' dir='ltr'>ὅθεν</span> <span class='ocrx_word' id='word_1_389' title='bbox 609 3828 789 3900; x_wconf 74' lang='grc' dir='ltr'>φευκτέον</span> <span class='ocrx_word' id='word_1_390' title='bbox 828 3827 894 3879; x_wconf 66' lang='grc' dir='ltr'>τον</span> <span class='ocrx_word' id='word_1_391' title='bbox 931 3828 1146 3896; x_wconf 72' lang='grc' dir='ltr'>ψεγόμενον</span> <span class='ocrx_word' id='word_1_392' title='bbox 1183 3834 1284 3881; x_wconf 61' lang='lat' dir='ltr'>{ime</span> <span class='ocrx_word' id='word_1_393' title='bbox 1289 3854 1308 3879; x_wconf 95' lang='grc' dir='ltr'>ν</span> <span class='ocrx_word' id='word_1_394' title='bbox 1348 3854 1387 3881; x_wconf 76' lang='grc' dir='ltr'>τε</span> <span class='ocrx_word' id='word_1_395' title='bbox 1392 3852 1479 3882; x_wconf 85' lang='grc' dir='ltr'>υτον</span> <span class='ocrx_word' id='word_1_396' title='bbox 1510 3854 1574 3879; x_wconf 80' lang='grc' dir='ltr'>και</span> 
     </span>
    </p>
   </div>
   <div class='ocr_carea' id='block_1_14' title="bbox 1662 362 2769 1914">
    <p class='ocr_par' dir='ltr' id='par_1_14' title="bbox 1662 362 2769 1914">
     <span class='ocr_line' id='line_1_52' title="bbox 1666 362 2766 419; baseline -0.001 -11"><span class='ocrx_word' id='word_1_397' title='bbox 1666 364 1787 408; x_wconf 89' lang='lat' dir='ltr'>vabit</span> <span class='ocrx_word' id='word_1_398' title='bbox 1820 362 2118 418; x_wconf 80' lang='lat' dir='ltr'>(observabit)</span> <span class='ocrx_word' id='word_1_399' title='bbox 2150 366 2279 419; x_wconf 85' lang='lat' dir='ltr'>caput</span> <span class='ocrx_word' id='word_1_400' title='bbox 2303 363 2454 418; x_wconf 81' lang='lat' dir='ltr'>tuu&#39;m3</span> <span class='ocrx_word' id='word_1_401' title='bbox 2478 368 2522 406; x_wconf 91' lang='lat' dir='ltr'>et</span> <span class='ocrx_word' id='word_1_402' title='bbox 2551 368 2599 407; x_wconf 88' lang='lat' dir='ltr'>tu</span> <span class='ocrx_word' id='word_1_403' title='bbox 2622 367 2766 407; x_wconf 81' lang='lat' dir='ltr'>serva·</span> 
     </span>
     <span class='ocr_line' id='line_1_53' title="bbox 1665 435 2764 490; baseline -0.002 -10"><span class='ocrx_word' id='word_1_404' title='bbox 1665 436 1732 480; x_wconf 87' lang='lat' dir='ltr'>bis</span> <span class='ocrx_word' id='word_1_405' title='bbox 1765 436 2055 490; x_wconf 80' lang='lat' dir='ltr'>(observabis)</span> <span class='ocrx_word' id='word_1_406' title='bbox 2087 436 2328 480; x_wconf 77' lang='lat' dir='ltr'><strong>calcaneum</strong></span> <span class='ocrx_word' id='word_1_407' title='bbox 2356 435 2499 478; x_wconf 87' lang='lat' dir='ltr'>illius:</span> <span class='ocrx_word' id='word_1_408' title='bbox 2536 448 2623 478; x_wconf 91' lang='lat' dir='ltr'>non</span> <span class='ocrx_word' id='word_1_409' title='bbox 2654 437 2764 479; x_wconf 87' lang='lat' dir='ltr'>enim</span> 
     </span>
     <span class='ocr_line' id='line_1_54' title="bbox 1664 506 2767 564; baseline 0 -14"><span class='ocrx_word' id='word_1_410' title='bbox 1664 507 1867 550; x_wconf 89' lang='lat' dir='ltr'>hocloco</span> <span class='ocrx_word' id='word_1_411' title='bbox 1887 507 2000 550; x_wconf 87' lang='lat' dir='ltr'>idem</span> <span class='ocrx_word' id='word_1_412' title='bbox 2028 511 2091 550; x_wconf 91' lang='lat' dir='ltr'>est</span> <span class='ocrx_word' id='word_1_413' title='bbox 2120 506 2365 550; x_wconf 84' lang='lat' dir='ltr'>observabis</span> <span class='ocrx_word' id='word_1_414' title='bbox 2385 511 2426 549; x_wconf 89' lang='lat' dir='ltr'>et</span> <span class='ocrx_word' id='word_1_415' title='bbox 2447 507 2659 550; x_wconf 79' lang='lat' dir='ltr'>servabis:</span> <span class='ocrx_word' id='word_1_416' title='bbox 2685 519 2767 564; x_wconf 84' lang='lat' dir='ltr'>ap-</span> 
     </span>
     <span class='ocr_line' id='line_1_55' title="bbox 1662 578 2766 635; baseline 0.001 -14"><span class='ocrx_word' id='word_1_417' title='bbox 1662 582 1784 634; x_wconf 87' lang='lat' dir='ltr'>paret</span> <span class='ocrx_word' id='word_1_418' title='bbox 1802 579 1916 621; x_wconf 90' lang='lat' dir='ltr'>enim</span> <span class='ocrx_word' id='word_1_419' title='bbox 1937 578 2165 622; x_wconf 88' lang='lat' dir='ltr'>dicendum</span> <span class='ocrx_word' id='word_1_420' title='bbox 2185 591 2300 622; x_wconf 84' lang='lat' dir='ltr'>esse:</span> <span class='ocrx_word' id='word_1_421' title='bbox 2324 580 2413 635; x_wconf 91' lang='lat' dir='ltr'>ipse</span> <span class='ocrx_word' id='word_1_422' title='bbox 2431 579 2673 622; x_wconf 77' lang='lat' dir='ltr'>observabit</span> <span class='ocrx_word' id='word_1_423' title='bbox 2691 585 2766 622; x_wconf 50' lang='lat' dir='ltr'>ca*</span> 
     </span>
     <span class='ocr_line' id='line_1_56' title="bbox 1663 651 2763 704; baseline 0 -12"><span class='ocrx_word' id='word_1_424' title='bbox 1663 654 1745 704; x_wconf 89' lang='lat' dir='ltr'>put</span> <span class='ocrx_word' id='word_1_425' title='bbox 1775 654 1928 703; x_wconf 88' lang='lat' dir='ltr'>tuum,</span> <span class='ocrx_word' id='word_1_426' title='bbox 1967 654 2012 693; x_wconf 91' lang='lat' dir='ltr'>et</span> <span class='ocrx_word' id='word_1_427' title='bbox 2043 655 2093 693; x_wconf 90' lang='lat' dir='ltr'>tu</span> <span class='ocrx_word' id='word_1_428' title='bbox 2134 651 2318 694; x_wconf 85' lang='lat' dir='ltr'>vicissim</span> <span class='ocrx_word' id='word_1_429' title='bbox 2354 651 2467 694; x_wconf 90' lang='lat' dir='ltr'>illius</span> <span class='ocrx_word' id='word_1_430' title='bbox 2503 651 2763 694; x_wconf 79' lang='lat' dir='ltr'><strong>calcaneum.</strong></span> 
     </span>
     <span class='ocr_line' id='line_1_57' title="bbox 1663 721 2769 775; baseline 0.002 -13"><span class='ocrx_word' id='word_1_431' title='bbox 1663 722 1869 763; x_wconf 86' lang='lat' dir='ltr'>Precatur</span> <span class='ocrx_word' id='word_1_432' title='bbox 1886 721 2085 764; x_wconf 86' lang='lat' dir='ltr'>nimirum</span> <span class='ocrx_word' id='word_1_433' title='bbox 2107 721 2251 765; x_wconf 85' lang='lat' dir='ltr'>dicens</span> <span class='ocrx_word' id='word_1_434' title='bbox 2271 735 2281 763; x_wconf 78' lang='lat' dir='ltr'><em>z</em></span> <span class='ocrx_word' id='word_1_435' title='bbox 2310 741 2326 757; x_wconf 84' lang='lat'>«</span> <span class='ocrx_word' id='word_1_436' title='bbox 2346 726 2395 764; x_wconf 90' lang='lat' dir='ltr'>tu</span> <span class='ocrx_word' id='word_1_437' title='bbox 2411 753 2423 775; x_wconf 93' lang='lat'>,</span> <span class='ocrx_word' id='word_1_438' title='bbox 2457 723 2663 775; x_wconf 90' lang='lat' dir='ltr'>Domine,</span> <span class='ocrx_word' id='word_1_439' title='bbox 2689 734 2769 764; x_wconf 88' lang='lat' dir='ltr'>cu·</span> 
     </span>
     <span class='ocr_line' id='line_1_58' title="bbox 1670 783 2763 848; baseline 0.002 -14"><span class='ocrx_word' id='word_1_440' title='bbox 1670 783 1687 829; x_wconf 62' lang='grc' dir='ltr'>»ὲ</span> <span class='ocrx_word' id='word_1_441' title='bbox 1721 790 1882 834; x_wconf 88' lang='lat' dir='ltr'>stodies</span> <span class='ocrx_word' id='word_1_442' title='bbox 1897 803 2000 845; x_wconf 88' lang='lat' dir='ltr'>nos;</span> <span class='ocrx_word' id='word_1_443' title='bbox 2019 796 2250 848; x_wconf 82' lang='lat' dir='ltr'>postquam</span> <span class='ocrx_word' id='word_1_444' title='bbox 2279 793 2419 837; x_wconf 85' lang='lat' dir='ltr'>omnia</span> <span class='ocrx_word' id='word_1_445' title='bbox 2452 805 2562 848; x_wconf 85' lang='lat' dir='ltr'>quae</span> <span class='ocrx_word' id='word_1_446' title='bbox 2593 805 2763 836; x_wconf 84' lang='lat' dir='ltr'>suarum</span> 
     </span>
     <span class='ocr_line' id='line_1_59' title="bbox 1670 861 2766 918; baseline 0.003 -15"><span class='ocrx_word' id='word_1_447' title='bbox 1670 881 1686 898; x_wconf 72' lang='grc' dir='ltr'>υ</span> <span class='ocrx_word' id='word_1_448' title='bbox 1722 861 1876 904; x_wconf 84' lang='lat' dir='ltr'>virium</span> <span class='ocrx_word' id='word_1_449' title='bbox 1892 867 2032 916; x_wconf 90' lang='lat' dir='ltr'>erant,</span> <span class='ocrx_word' id='word_1_450' title='bbox 2059 864 2290 918; x_wconf 73' lang='lat' dir='ltr'>praestitit,</span> <span class='ocrx_word' id='word_1_451' title='bbox 2326 863 2616 906; x_wconf 86' lang='lat' dir='ltr'>admonitione</span> <span class='ocrx_word' id='word_1_452' title='bbox 2645 876 2766 906; x_wconf 82' lang='lat' dir='ltr'>nem-</span> 
     </span>
     <span class='ocr_line' id='line_1_60' title="bbox 1670 931 2766 987; baseline 0.003 -13"><span class='ocrx_word' id='word_1_453' title='bbox 1670 951 1687 968; x_wconf 89' lang='lat'><strong>»</strong></span> <span class='ocrx_word' id='word_1_454' title='bbox 1723 944 1777 987; x_wconf 89' lang='lat' dir='ltr'>pe</span> <span class='ocrx_word' id='word_1_455' title='bbox 1799 931 1871 975; x_wconf 90' lang='lat' dir='ltr'>illa</span> <span class='ocrx_word' id='word_1_456' title='bbox 1897 932 2146 976; x_wconf 86' lang='lat' dir='ltr'>observata:</span> <span class='ocrx_word' id='word_1_457' title='bbox 2171 934 2290 976; x_wconf 90' lang='lat' dir='ltr'>omni</span> <span class='ocrx_word' id='word_1_458' title='bbox 2315 933 2509 977; x_wconf 84' lang='lat' dir='ltr'>custodia</span> <span class='ocrx_word' id='word_1_459' title='bbox 2536 946 2657 977; x_wconf 77' lang='lat' dir='ltr'>serva</span> <span class='ocrx_word' id='word_1_460' title='bbox 2689 946 2766 977; x_wconf 88' lang='lat' dir='ltr'>cor</span> 
     </span>
     <span class='ocr_line' id='line_1_61' title="bbox 1670 1003 2765 1063; baseline 0.004 -18"><span class='ocrx_word' id='word_1_461' title='bbox 1670 1022 1687 1040; x_wconf 67' lang='grc' dir='ltr'><strong>υ</strong></span> <span class='ocrx_word' id='word_1_462' title='bbox 1724 1007 1863 1045; x_wconf 91' lang='lat' dir='ltr'>tuum.</span> <span class='ocrx_word' id='word_1_463' title='bbox 1897 1003 2162 1059; x_wconf 84' lang='lat' dir='ltr'>Quamquam</span> <span class='ocrx_word' id='word_1_464' title='bbox 2201 1004 2268 1047; x_wconf 89' lang='lat' dir='ltr'>his</span> <span class='ocrx_word' id='word_1_465' title='bbox 2297 1006 2377 1047; x_wconf 88' lang='lat' dir='ltr'>rite</span> <span class='ocrx_word' id='word_1_466' title='bbox 2420 1006 2609 1059; x_wconf 81' lang='lat' dir='ltr'>curatis,</span> <span class='ocrx_word' id='word_1_467' title='bbox 2648 1003 2765 1063; x_wconf 82' lang='lat' dir='ltr'>non-</span> 
     </span>
     <span class='ocr_line' id='line_1_62' title="bbox 1667 1068 2767 1120; baseline 0.003 -4"><span class='ocrx_word' id='word_1_468' title='bbox 1667 1073 1769 1116; x_wconf 92' lang='lat' dir='ltr'>dum</span> <span class='ocrx_word' id='word_1_469' title='bbox 1799 1074 1901 1116; x_wconf 86' lang='lat' dir='ltr'>satis</span> <span class='ocrx_word' id='word_1_470' title='bbox 1930 1073 2133 1117; x_wconf 82' lang='lat' dir='ltr'>adversus</span> <span class='ocrx_word' id='word_1_471' title='bbox 2162 1087 2310 1118; x_wconf 89' lang='lat' dir='ltr'>omnes</span> <span class='ocrx_word' id='word_1_472' title='bbox 2337 1075 2517 1119; x_wconf 82' lang='lat' dir='ltr'>insidias</span> <span class='ocrx_word' id='word_1_473' title='bbox 2537 1068 2663 1120; x_wconf 63' lang='lat' dir='ltr'>curae)</span> <span class='ocrx_word' id='word_1_474' title='bbox 2682 1089 2767 1119; x_wconf 90' lang='lat' dir='ltr'>no-</span> 
     </span>
     <span class='ocr_line' id='line_1_63' title="bbox 1664 1145 2769 1190; baseline 0.002 -3"><span class='ocrx_word' id='word_1_475' title='bbox 1664 1149 1775 1188; x_wconf 75' lang='lat' dir='ltr'>strae</span> <span class='ocrx_word' id='word_1_476' title='bbox 1804 1148 1933 1188; x_wconf 84' lang='lat' dir='ltr'>sunt:</span> <span class='ocrx_word' id='word_1_477' title='bbox 1975 1164 1991 1181; x_wconf 82' lang='lat'>«</span> <span class='ocrx_word' id='word_1_478' title='bbox 2017 1158 2115 1188; x_wconf 88' lang='lat' dir='ltr'>nam</span> <span class='ocrx_word' id='word_1_479' title='bbox 2150 1145 2232 1188; x_wconf 89' lang='lat' dir='ltr'>uisi</span> <span class='ocrx_word' id='word_1_480' title='bbox 2267 1147 2476 1189; x_wconf 87' lang='lat' dir='ltr'>Dominus</span> <span class='ocrx_word' id='word_1_481' title='bbox 2516 1147 2769 1190; x_wconf 76' lang='lat' dir='ltr'>mstodierit</span> 
     </span>
     <span class='ocr_line' id='line_1_64' title="bbox 1671 1216 2760 1272; baseline 0.001 -14"><span class='ocrx_word' id='word_1_482' title='bbox 1671 1236 1688 1253; x_wconf 82' lang='lat'><strong>»</strong></span> <span class='ocrx_word' id='word_1_483' title='bbox 1725 1216 1962 1269; x_wconf 85' lang='lat' dir='ltr'>civitatem,</span> <span class='ocrx_word' id='word_1_484' title='bbox 1978 1216 2135 1259; x_wconf 83' lang='lat' dir='ltr'>frustra</span> <span class='ocrx_word' id='word_1_485' title='bbox 2153 1216 2300 1271; x_wconf 82' lang='lat' dir='ltr'>vigilat</span> <span class='ocrx_word' id='word_1_486' title='bbox 2321 1217 2395 1272; x_wconf 88' lang='lat' dir='ltr'>qui</span> <span class='ocrx_word' id='word_1_487' title='bbox 2415 1217 2602 1259; x_wconf 77' lang='lat' dir='ltr'>custodit</span> <span class='ocrx_word' id='word_1_488' title='bbox 2621 1216 2731 1260; x_wconf 75' lang='lat' dir='ltr'>eam.</span> <span class='ocrx_word' id='word_1_489' title='bbox 2744 1236 2760 1253; x_wconf 71' lang='grc' dir='ltr'>ι»</span> 
     </span>
     <span class='ocr_line' id='line_1_65' title="bbox 1664 1289 2759 1343; baseline 0.002 -14"><span class='ocrx_word' id='word_1_490' title='bbox 1664 1289 2004 1330; x_wconf 81' lang='lat' dir='ltr'>Consentaneum</span> <span class='ocrx_word' id='word_1_491' title='bbox 2025 1289 2127 1341; x_wconf 79' lang='lat' dir='ltr'>ergo</span> <span class='ocrx_word' id='word_1_492' title='bbox 2159 1291 2222 1330; x_wconf 87' lang='lat' dir='ltr'>est</span> <span class='ocrx_word' id='word_1_493' title='bbox 2239 1292 2468 1343; x_wconf 85' lang='lat' dir='ltr'>postquam</span> <span class='ocrx_word' id='word_1_494' title='bbox 2490 1293 2657 1336; x_wconf 84' lang='lat' dir='ltr'>nosmet</span> <span class='ocrx_word' id='word_1_495' title='bbox 2678 1301 2759 1332; x_wconf 89' lang='lat' dir='ltr'>cu-</span> 
     </span>
     <span class='ocr_line' id='line_1_66' title="bbox 1662 1357 2763 1414; baseline 0.001 -14"><span class='ocrx_word' id='word_1_496' title='bbox 1662 1357 1959 1412; x_wconf 87' lang='lat' dir='ltr'>stodierimus,</span> <span class='ocrx_word' id='word_1_497' title='bbox 1994 1370 2163 1414; x_wconf 89' lang='lat' dir='ltr'>precem</span> <span class='ocrx_word' id='word_1_498' title='bbox 2198 1358 2484 1414; x_wconf 77' lang='lat' dir='ltr'>pronunciare</span> <span class='ocrx_word' id='word_1_499' title='bbox 2515 1357 2725 1402; x_wconf 78' lang='lat' dir='ltr'>dicentem</span> <span class='ocrx_word' id='word_1_500' title='bbox 2748 1373 2763 1401; x_wconf 79' lang='grc' dir='ltr'>τ</span> 
     </span>
     <span class='ocr_line' id='line_1_67' title="bbox 1662 1429 2761 1490; baseline 0.001 -19"><span class='ocrx_word' id='word_1_501' title='bbox 1662 1435 1711 1471; x_wconf 90' lang='lat' dir='ltr'>tu</span> <span class='ocrx_word' id='word_1_502' title='bbox 1729 1430 1910 1490; x_wconf 83' lang='lat' dir='ltr'>Domine</span> <span class='ocrx_word' id='word_1_503' title='bbox 1934 1429 2149 1472; x_wconf 88' lang='lat' dir='ltr'>custodies</span> <span class='ocrx_word' id='word_1_504' title='bbox 2173 1442 2252 1472; x_wconf 88' lang='lat' dir='ltr'>nos</span> <span class='ocrx_word' id='word_1_505' title='bbox 2272 1460 2283 1483; x_wconf 94' lang='lat'>,</span> <span class='ocrx_word' id='word_1_506' title='bbox 2310 1434 2352 1478; x_wconf 86' lang='lat' dir='ltr'>et</span> <span class='ocrx_word' id='word_1_507' title='bbox 2374 1430 2654 1473; x_wconf 77' lang='lat' dir='ltr'>conservabis</span> <span class='ocrx_word' id='word_1_508' title='bbox 2667 1433 2761 1472; x_wconf 78' lang='lat' dir='ltr'>nos.</span> 
     </span>
     <span class='ocr_line' id='line_1_68' title="bbox 1662 1500 2765 1556; baseline 0 -13"><span class='ocrx_word' id='word_1_509' title='bbox 1662 1501 1827 1543; x_wconf 85' lang='lat' dir='ltr'>Etenim</span> <span class='ocrx_word' id='word_1_510' title='bbox 1848 1513 1901 1543; x_wconf 90' lang='lat' dir='ltr'>eo</span> <span class='ocrx_word' id='word_1_511' title='bbox 1925 1500 2214 1554; x_wconf 86' lang='lat' dir='ltr'>custodiente,</span> <span class='ocrx_word' id='word_1_512' title='bbox 2237 1500 2490 1543; x_wconf 88' lang='lat' dir='ltr'>fiducialiter</span> <span class='ocrx_word' id='word_1_513' title='bbox 2510 1513 2702 1556; x_wconf 87' lang='lat' dir='ltr'>agemus,</span> <span class='ocrx_word' id='word_1_514' title='bbox 2723 1506 2765 1543; x_wconf 88' lang='lat' dir='ltr'>et</span> 
     </span>
     <span class='ocr_line' id='line_1_69' title="bbox 1662 1568 2760 1627; baseline 0 -13"><span class='ocrx_word' id='word_1_515' title='bbox 1662 1576 1884 1627; x_wconf 85' lang='lat' dir='ltr'>tamquam</span> <span class='ocrx_word' id='word_1_516' title='bbox 1911 1571 1966 1614; x_wconf 92' lang='lat' dir='ltr'>ab</span> <span class='ocrx_word' id='word_1_517' title='bbox 1996 1571 2161 1615; x_wconf 89' lang='lat' dir='ltr'>insidiis</span> <span class='ocrx_word' id='word_1_518' title='bbox 2180 1573 2262 1615; x_wconf 88' lang='lat' dir='ltr'>tuti</span> <span class='ocrx_word' id='word_1_519' title='bbox 2278 1573 2325 1615; x_wconf 89' lang='lat' dir='ltr'>in</span> <span class='ocrx_word' id='word_1_520' title='bbox 2344 1568 2563 1615; x_wconf 83' lang='lat' dir='ltr'>aeternum</span> <span class='ocrx_word' id='word_1_521' title='bbox 2590 1573 2760 1615; x_wconf 83' lang='lat' dir='ltr'>erimus.</span> 
     </span>
     <span class='ocr_line' id='line_1_70' title="bbox 1664 1642 2766 1697; baseline -0.001 -10"><span class='ocrx_word' id='word_1_522' title='bbox 1664 1645 1772 1687; x_wconf 81' lang='lat' dir='ltr'>Nam</span> <span class='ocrx_word' id='word_1_523' title='bbox 1802 1655 1896 1686; x_wconf 91' lang='lat' dir='ltr'>cum</span> <span class='ocrx_word' id='word_1_524' title='bbox 1928 1642 2156 1687; x_wconf 86' lang='lat' dir='ltr'>altissimus</span> <span class='ocrx_word' id='word_1_525' title='bbox 2185 1644 2241 1686; x_wconf 89' lang='lat' dir='ltr'>sis</span> <span class='ocrx_word' id='word_1_526' title='bbox 2259 1675 2271 1696; x_wconf 93' lang='lat'>‚</span> <span class='ocrx_word' id='word_1_527' title='bbox 2304 1644 2486 1687; x_wconf 84' lang='lat' dir='ltr'>Domine</span> <span class='ocrx_word' id='word_1_528' title='bbox 2506 1674 2518 1697; x_wconf 92' lang='lat'>,</span> <span class='ocrx_word' id='word_1_529' title='bbox 2545 1647 2588 1686; x_wconf 93' lang='lat' dir='ltr'>et</span> <span class='ocrx_word' id='word_1_530' title='bbox 2616 1645 2659 1686; x_wconf 91' lang='lat' dir='ltr'>in</span> <span class='ocrx_word' id='word_1_531' title='bbox 2691 1655 2766 1686; x_wconf 82' lang='lat' dir='ltr'>ex·</span> 
     </span>
     <span class='ocr_line' id='line_1_71' title="bbox 1665 1706 2763 1772; baseline 0 -14"><span class='ocrx_word' id='word_1_532' title='bbox 1665 1706 1786 1758; x_wconf 88' lang='lat' dir='ltr'>celsis</span> <span class='ocrx_word' id='word_1_533' title='bbox 1802 1714 1965 1758; x_wconf 88' lang='lat' dir='ltr'>habites</span> <span class='ocrx_word' id='word_1_534' title='bbox 1975 1746 1987 1769; x_wconf 88' lang='lat'>‚</span> <span class='ocrx_word' id='word_1_535' title='bbox 2002 1719 2133 1772; x_wconf 88' lang='lat' dir='ltr'>prout</span> <span class='ocrx_word' id='word_1_536' title='bbox 2147 1715 2436 1758; x_wconf 89' lang='lat' dir='ltr'>celsitudinem</span> <span class='ocrx_word' id='word_1_537' title='bbox 2451 1715 2656 1758; x_wconf 75' lang='lat' dir='ltr'>bonitatis</span> <span class='ocrx_word' id='word_1_538' title='bbox 2665 1719 2763 1758; x_wconf 85' lang='lat' dir='ltr'>tuae</span> 
     </span>
     <span class='ocr_line' id='line_1_72' title="bbox 1665 1786 2763 1842; baseline -0.002 -12"><span class='ocrx_word' id='word_1_539' title='bbox 1665 1786 1806 1840; x_wconf 88' lang='lat' dir='ltr'>decet,</span> <span class='ocrx_word' id='word_1_540' title='bbox 1822 1786 1932 1830; x_wconf 84' lang='lat' dir='ltr'>filios</span> <span class='ocrx_word' id='word_1_541' title='bbox 1948 1786 2171 1829; x_wconf 88' lang='lat' dir='ltr'>hominum</span> <span class='ocrx_word' id='word_1_542' title='bbox 2191 1786 2495 1842; x_wconf 87' lang='lat' dir='ltr'>multiplicasti,</span> <span class='ocrx_word' id='word_1_543' title='bbox 2517 1787 2671 1841; x_wconf 75' lang='lat' dir='ltr'>dignos</span> <span class='ocrx_word' id='word_1_544' title='bbox 2690 1798 2763 1829; x_wconf 85' lang='lat' dir='ltr'>eos</span> 
     </span>
     <span class='ocr_line' id='line_1_73' title="bbox 1663 1848 2759 1914; baseline -0.001 -14"><span class='ocrx_word' id='word_1_545' title='bbox 1663 1857 1857 1901; x_wconf 89' lang='lat' dir='ltr'>iudicans</span> <span class='ocrx_word' id='word_1_546' title='bbox 1886 1848 2061 1900; x_wconf 87' lang='lat' dir='ltr'>tutelam</span> <span class='ocrx_word' id='word_1_547' title='bbox 2101 1857 2394 1914; x_wconf 89' lang='lat' dir='ltr'>providentiae</span> <span class='ocrx_word' id='word_1_548' title='bbox 2425 1862 2524 1900; x_wconf 88' lang='lat' dir='ltr'>tuae</span> <span class='ocrx_word' id='word_1_549' title='bbox 2562 1858 2759 1913; x_wconf 82' lang='lat' dir='ltr'>experiri.</span> 
     </span>
    </p>
   </div>
   <div class='ocr_carea' id='block_1_15' title="bbox 1662 1964 1911 2008">
    <p class='ocr_par' dir='ltr' id='par_1_15' title="bbox 1662 1964 1911 2008">
     <span class='ocr_line' id='line_1_74' title="bbox 1662 1964 1911 2008; baseline -0.004 0"><span class='ocrx_word' id='word_1_550' title='bbox 1662 1964 1699 2008; x_wconf 91' lang='lat' dir='ltr'>U</span> <span class='ocrx_word' id='word_1_551' title='bbox 1729 1965 1755 2006; x_wconf 94' lang='lat' dir='ltr'>S</span> <span class='ocrx_word' id='word_1_552' title='bbox 1815 1966 1911 2007; x_wconf 88' lang='grc' dir='ltr'>ΧΠ.</span> 
     </span>
    </p>
   </div>
   <div class='ocr_carea' id='block_1_16' title="bbox 1649 2132 2766 3694">
    <p class='ocr_par' dir='ltr' id='par_1_16' title="bbox 1649 2132 2766 3694">
     <span class='ocr_line' id='line_1_75' title="bbox 1747 2132 2765 2200; baseline -0.002 -14"><span class='ocrx_word' id='word_1_553' title='bbox 1747 2156 1972 2200; x_wconf 88' lang='lat' dir='ltr'>uamquam</span> <span class='ocrx_word' id='word_1_554' title='bbox 1996 2145 2154 2188; x_wconf 84' lang='lat' dir='ltr'>orantis</span> <span class='ocrx_word' id='word_1_555' title='bbox 2175 2132 2434 2200; x_wconf 74' lang='lat' dir='ltr'>specie’haec</span> <span class='ocrx_word' id='word_1_556' title='bbox 2458 2155 2482 2193; x_wconf 85' lang='lat' dir='ltr'>a</span> <span class='ocrx_word' id='word_1_557' title='bbox 2501 2146 2649 2185; x_wconf 89' lang='lat' dir='ltr'>sancto</span> <span class='ocrx_word' id='word_1_558' title='bbox 2668 2142 2765 2184; x_wconf 84' lang='lat' dir='ltr'>viro</span> 
     </span>
     <span class='ocr_line' id='line_1_76' title="bbox 1659 2202 2766 2271; baseline -0.005 -12"><span class='ocrx_word' id='word_1_559' title='bbox 1659 2202 1886 2269; x_wconf 56' lang='lat' dir='ltr'>dicuntur,</span> <span class='ocrx_word' id='word_1_560' title='bbox 1909 2215 2026 2259; x_wconf 89' lang='lat' dir='ltr'>haud</span> <span class='ocrx_word' id='word_1_561' title='bbox 2042 2217 2079 2259; x_wconf 89' lang='lat' dir='ltr'>is</span> <span class='ocrx_word' id='word_1_562' title='bbox 2093 2220 2237 2259; x_wconf 86' lang='lat' dir='ltr'>tamen</span> <span class='ocrx_word' id='word_1_563' title='bbox 2259 2215 2379 2271; x_wconf 89' lang='lat' dir='ltr'>quasi</span> <span class='ocrx_word' id='word_1_564' title='bbox 2408 2226 2439 2257; x_wconf 55' lang='lat' dir='ltr'>a*</span> <span class='ocrx_word' id='word_1_565' title='bbox 2457 2215 2548 2256; x_wconf 88' lang='lat' dir='ltr'>Deo</span> <span class='ocrx_word' id='word_1_566' title='bbox 2577 2213 2766 2256; x_wconf 78' lang='lat' dir='ltr'>oblivio·-</span> 
     </span>
     <span class='ocr_line' id='line_1_77' title="bbox 1659 2284 2757 2344; baseline -0.003 -15"><span class='ocrx_word' id='word_1_567' title='bbox 1659 2288 1704 2330; x_wconf 89' lang='lat' dir='ltr'>ni</span> <span class='ocrx_word' id='word_1_568' title='bbox 1733 2286 1943 2341; x_wconf 79' lang='lat' dir='ltr'>traditus,</span> <span class='ocrx_word' id='word_1_569' title='bbox 1976 2287 2051 2330; x_wconf 91' lang='lat' dir='ltr'>sed</span> <span class='ocrx_word' id='word_1_570' title='bbox 2081 2287 2201 2343; x_wconf 87' lang='lat' dir='ltr'>quasi</span> <span class='ocrx_word' id='word_1_571' title='bbox 2224 2287 2406 2330; x_wconf 87' lang='lat' dir='ltr'>aliorum</span> <span class='ocrx_word' id='word_1_572' title='bbox 2427 2297 2608 2344; x_wconf 83' lang='lat' dir='ltr'>persona</span> <span class='ocrx_word' id='word_1_573' title='bbox 2626 2284 2757 2329; x_wconf 86' lang='lat' dir='ltr'>indu-</span> 
     </span>
     <span class='ocr_line' id='line_1_78' title="bbox 1658 2358 2761 2414; baseline -0.004 -13"><span class='ocrx_word' id='word_1_574' title='bbox 1658 2363 1741 2412; x_wconf 87' lang='lat' dir='ltr'>tus,</span> <span class='ocrx_word' id='word_1_575' title='bbox 1763 2358 1873 2401; x_wconf 87' lang='lat' dir='ltr'>banc</span> <span class='ocrx_word' id='word_1_576' title='bbox 1889 2371 2058 2414; x_wconf 88' lang='lat' dir='ltr'>precem</span> <span class='ocrx_word' id='word_1_577' title='bbox 2073 2359 2239 2401; x_wconf 89' lang='lat' dir='ltr'>recitat.</span> <span class='ocrx_word' id='word_1_578' title='bbox 2259 2361 2440 2401; x_wconf 83' lang='lat' dir='ltr'>Prorsus</span> <span class='ocrx_word' id='word_1_579' title='bbox 2460 2360 2628 2400; x_wconf 89' lang='lat' dir='ltr'>constat</span> <span class='ocrx_word' id='word_1_580' title='bbox 2641 2363 2761 2408; x_wconf 70' lang='lat' dir='ltr'>,non</span> 
     </span>
     <span class='ocr_line' id='line_1_79' title="bbox 1660 2421 2763 2485; baseline -0.004 -12"><span class='ocrx_word' id='word_1_581' title='bbox 1660 2421 1940 2473; x_wconf 53' lang='lat' dir='ltr'>de&#39;materiali</span> <span class='ocrx_word' id='word_1_582' title='bbox 1956 2430 2135 2481; x_wconf 90' lang='lat' dir='ltr'>lumine,</span> <span class='ocrx_word' id='word_1_583' title='bbox 2155 2442 2294 2485; x_wconf 84' lang='lat' dir='ltr'>neque</span> <span class='ocrx_word' id='word_1_584' title='bbox 2313 2429 2366 2472; x_wconf 88' lang='lat' dir='ltr'>de</span> <span class='ocrx_word' id='word_1_585' title='bbox 2383 2441 2535 2472; x_wconf 90' lang='lat' dir='ltr'>somno</span> <span class='ocrx_word' id='word_1_586' title='bbox 2558 2433 2600 2470; x_wconf 89' lang='lat' dir='ltr'>et</span> <span class='ocrx_word' id='word_1_587' title='bbox 2622 2431 2763 2470; x_wconf 84' lang='lat' dir='ltr'>morte</span> 
     </span>
     <span class='ocr_line' id='line_1_80' title="bbox 1658 2498 2760 2557; baseline -0.004 -13"><span class='ocrx_word' id='word_1_588' title='bbox 1658 2501 1787 2544; x_wconf 87' lang='lat' dir='ltr'>verba</span> <span class='ocrx_word' id='word_1_589' title='bbox 1818 2502 2028 2544; x_wconf 88' lang='lat' dir='ltr'>orationis</span> <span class='ocrx_word' id='word_1_590' title='bbox 2056 2502 2206 2557; x_wconf 79' lang='lat' dir='ltr'>loqui,</span> <span class='ocrx_word' id='word_1_591' title='bbox 2229 2500 2303 2543; x_wconf 88' lang='lat' dir='ltr'>sed</span> <span class='ocrx_word' id='word_1_592' title='bbox 2328 2500 2381 2543; x_wconf 88' lang='lat' dir='ltr'>de</span> <span class='ocrx_word' id='word_1_593' title='bbox 2403 2500 2562 2542; x_wconf 88' lang='lat' dir='ltr'>lumine</span> <span class='ocrx_word' id='word_1_594' title='bbox 2586 2498 2705 2554; x_wconf 90' lang='lat' dir='ltr'>quod</span> <span class='ocrx_word' id='word_1_595' title='bbox 2732 2511 2760 2541; x_wconf 83' lang='lat' dir='ltr'>a</span> 
     </span>
     <span class='ocr_line' id='line_1_81' title="bbox 1657 2570 2757 2627; baseline -0.001 -13"><span class='ocrx_word' id='word_1_596' title='bbox 1657 2573 1736 2615; x_wconf 90' lang='lat' dir='ltr'>Dei</span> <span class='ocrx_word' id='word_1_597' title='bbox 1758 2573 2005 2627; x_wconf 86' lang='lat' dir='ltr'>cognitione</span> <span class='ocrx_word' id='word_1_598' title='bbox 2025 2573 2327 2619; x_wconf 84' lang='lat' dir='ltr'>nanciscimur:</span> <span class='ocrx_word' id='word_1_599' title='bbox 2369 2590 2386 2607; x_wconf 67' lang='grc' dir='ltr'>«ι</span> <span class='ocrx_word' id='word_1_600' title='bbox 2405 2570 2624 2613; x_wconf 79' lang='lat' dir='ltr'>accendite</span> <span class='ocrx_word' id='word_1_601' title='bbox 2646 2571 2757 2613; x_wconf 90' lang='lat' dir='ltr'>enim</span> 
     </span>
     <span class='ocr_line' id='line_1_82' title="bbox 1665 2639 2760 2701; baseline -0.004 -15"><span class='ocrx_word' id='word_1_602' title='bbox 1665 2663 1681 2680; x_wconf 87' lang='lat'>»</span> <span class='ocrx_word' id='word_1_603' title='bbox 1717 2643 1928 2687; x_wconf 88' lang='lat' dir='ltr'>vobismet</span> <span class='ocrx_word' id='word_1_604' title='bbox 1944 2644 2084 2685; x_wconf 89' lang='lat' dir='ltr'>lumen</span> <span class='ocrx_word' id='word_1_605' title='bbox 2103 2643 2322 2701; x_wconf 76' lang='lat' dir='ltr'>scientiae,</span> <span class='ocrx_word' id='word_1_606' title='bbox 2340 2646 2382 2683; x_wconf 90' lang='lat' dir='ltr'>et</span> <span class='ocrx_word' id='word_1_607' title='bbox 2399 2640 2586 2683; x_wconf 85' lang='lat' dir='ltr'>accedite</span> <span class='ocrx_word' id='word_1_608' title='bbox 2600 2639 2655 2683; x_wconf 89' lang='lat' dir='ltr'>ad</span> <span class='ocrx_word' id='word_1_609' title='bbox 2671 2641 2760 2683; x_wconf 93' lang='lat' dir='ltr'>Do-</span> 
     </span>
     <span class='ocr_line' id='line_1_83' title="bbox 1666 2712 2758 2770; baseline -0.003 -13"><span class='ocrx_word' id='word_1_610' title='bbox 1666 2735 1681 2751; x_wconf 79' lang='lat'>»</span> <span class='ocrx_word' id='word_1_611' title='bbox 1718 2716 1880 2757; x_wconf 92' lang='lat' dir='ltr'>minum</span> <span class='ocrx_word' id='word_1_612' title='bbox 1901 2719 2029 2770; x_wconf 86' lang='lat' dir='ltr'>atque</span> <span class='ocrx_word' id='word_1_613' title='bbox 2049 2714 2359 2756; x_wconf 88' lang='lat' dir='ltr'>illuminamini.</span> <span class='ocrx_word' id='word_1_614' title='bbox 2382 2732 2398 2748; x_wconf 68' lang='lat'>‹-</span> <span class='ocrx_word' id='word_1_615' title='bbox 2415 2714 2481 2755; x_wconf 86' lang='lat' dir='ltr'>Fit</span> <span class='ocrx_word' id='word_1_616' title='bbox 2496 2716 2636 2755; x_wconf 86' lang='lat' dir='ltr'>autem</span> <span class='ocrx_word' id='word_1_617' title='bbox 2653 2712 2758 2755; x_wconf 87' lang='lat' dir='ltr'>haec</span> 
     </span>
     <span class='ocr_line' id='line_1_84' title="bbox 1655 2782 2758 2839; baseline -0.005 -10"><span class='ocrx_word' id='word_1_618' title='bbox 1655 2786 1911 2829; x_wconf 88' lang='lat' dir='ltr'>illuminatio</span> <span class='ocrx_word' id='word_1_619' title='bbox 1929 2816 1941 2839; x_wconf 95' lang='lat'>,</span> <span class='ocrx_word' id='word_1_620' title='bbox 1967 2798 2055 2828; x_wconf 91' lang='lat' dir='ltr'>nou</span> <span class='ocrx_word' id='word_1_621' title='bbox 2086 2786 2130 2827; x_wconf 92' lang='lat' dir='ltr'>in</span> <span class='ocrx_word' id='word_1_622' title='bbox 2160 2785 2298 2828; x_wconf 85' lang='lat' dir='ltr'>carnis</span> <span class='ocrx_word' id='word_1_623' title='bbox 2323 2784 2474 2835; x_wconf 85' lang='lat' dir='ltr'>oculo,</span> <span class='ocrx_word' id='word_1_624' title='bbox 2496 2783 2570 2838; x_wconf 89' lang='lat' dir='ltr'>qui</span> <span class='ocrx_word' id='word_1_625' title='bbox 2588 2782 2758 2825; x_wconf 87' lang='lat' dir='ltr'>nonnisi</span> 
     </span>
     <span class='ocr_line' id='line_1_85' title="bbox 1657 2853 2760 2913; baseline -0.005 -13"><span class='ocrx_word' id='word_1_626' title='bbox 1657 2858 1791 2900; x_wconf 89' lang='lat' dir='ltr'>solem</span> <span class='ocrx_word' id='word_1_627' title='bbox 1823 2858 2000 2913; x_wconf 84' lang='lat' dir='ltr'>aspicit,</span> <span class='ocrx_word' id='word_1_628' title='bbox 2032 2861 2075 2899; x_wconf 86' lang='lat' dir='ltr'>et</span> <span class='ocrx_word' id='word_1_629' title='bbox 2105 2857 2140 2898; x_wconf 89' lang='lat' dir='ltr'>si</span> <span class='ocrx_word' id='word_1_630' title='bbox 2172 2855 2291 2911; x_wconf 89' lang='lat' dir='ltr'>quod</span> <span class='ocrx_word' id='word_1_631' title='bbox 2318 2853 2524 2897; x_wconf 87' lang='lat' dir='ltr'>estaliud</span> <span class='ocrx_word' id='word_1_632' title='bbox 2543 2853 2760 2897; x_wconf 84' lang='lat' dir='ltr'>materiale</span> 
     </span>
     <span class='ocr_line' id='line_1_86' title="bbox 1655 2927 2755 2983; baseline -0.005 -11"><span class='ocrx_word' id='word_1_633' title='bbox 1655 2929 1826 2972; x_wconf 84' lang='lat' dir='ltr'>lumen:</span> <span class='ocrx_word' id='word_1_634' title='bbox 1859 2928 1935 2971; x_wconf 89' lang='lat' dir='ltr'>sed</span> <span class='ocrx_word' id='word_1_635' title='bbox 1966 2928 2015 2971; x_wconf 87' lang='lat' dir='ltr'>fit</span> <span class='ocrx_word' id='word_1_636' title='bbox 2044 2928 2129 2970; x_wconf 90' lang='lat' dir='ltr'>illis</span> <span class='ocrx_word' id='word_1_637' title='bbox 2160 2929 2236 2983; x_wconf 91' lang='lat' dir='ltr'>qui</span> <span class='ocrx_word' id='word_1_638' title='bbox 2266 2927 2401 2971; x_wconf 91' lang='lat' dir='ltr'>solem</span> <span class='ocrx_word' id='word_1_639' title='bbox 2431 2927 2616 2969; x_wconf 87' lang='lat' dir='ltr'>iustitiae</span> <span class='ocrx_word' id='word_1_640' title='bbox 2639 2927 2755 2980; x_wconf 87' lang='lat' dir='ltr'>aspi-</span> 
     </span>
     <span class='ocr_line' id='line_1_87' title="bbox 1656 2994 2754 3055; baseline -0.005 -12"><span class='ocrx_word' id='word_1_641' title='bbox 1656 3001 1788 3052; x_wconf 90' lang='lat' dir='ltr'>ciunt,</span> <span class='ocrx_word' id='word_1_642' title='bbox 1802 2999 1920 3055; x_wconf 90' lang='lat' dir='ltr'>quod</span> <span class='ocrx_word' id='word_1_643' title='bbox 1939 3012 2086 3043; x_wconf 86' lang='lat' dir='ltr'>verum</span> <span class='ocrx_word' id='word_1_644' title='bbox 2103 3003 2165 3041; x_wconf 83' lang='lat' dir='ltr'>est</span> <span class='ocrx_word' id='word_1_645' title='bbox 2183 2999 2345 3051; x_wconf 91' lang='lat' dir='ltr'>lumen,</span> <span class='ocrx_word' id='word_1_646' title='bbox 2365 3011 2451 3041; x_wconf 90' lang='lat' dir='ltr'>non</span> <span class='ocrx_word' id='word_1_647' title='bbox 2466 2994 2659 3052; x_wconf 82' lang='lat' dir='ltr'>corporis</span> <span class='ocrx_word' id='word_1_648' title='bbox 2680 2995 2754 3039; x_wconf 86' lang='lat' dir='ltr'>sed</span> 
     </span>
     <span class='ocr_line' id='line_1_88' title="bbox 1656 3067 2754 3124; baseline -0.005 -10"><span class='ocrx_word' id='word_1_649' title='bbox 1656 3070 1795 3114; x_wconf 90' lang='lat' dir='ltr'>cordis</span> <span class='ocrx_word' id='word_1_650' title='bbox 1822 3070 2063 3113; x_wconf 86' lang='lat' dir='ltr'>oculorum.</span> <span class='ocrx_word' id='word_1_651' title='bbox 2102 3071 2294 3124; x_wconf 79' lang='lat' dir='ltr'>Namque</span> <span class='ocrx_word' id='word_1_652' title='bbox 2321 3069 2537 3111; x_wconf 84' lang='lat' dir='ltr'>interioris</span> <span class='ocrx_word' id='word_1_653' title='bbox 2570 3067 2754 3110; x_wconf 90' lang='lat' dir='ltr'>hominis</span> 
     </span>
     <span class='ocr_line' id='line_1_89' title="bbox 1655 3138 2755 3193; baseline -0.005 -9"><span class='ocrx_word' id='word_1_654' title='bbox 1655 3141 1787 3193; x_wconf 90' lang='lat' dir='ltr'>oculi,</span> <span class='ocrx_word' id='word_1_655' title='bbox 1805 3144 1903 3186; x_wconf 82' lang='lat' dir='ltr'>sunt</span> <span class='ocrx_word' id='word_1_656' title='bbox 1924 3141 2033 3182; x_wconf 85' lang='lat' dir='ltr'>vires</span> <span class='ocrx_word' id='word_1_657' title='bbox 2052 3140 2370 3184; x_wconf 84' lang='lat' dir='ltr'>intellectuales.</span> <span class='ocrx_word' id='word_1_658' title='bbox 2390 3138 2565 3184; x_wconf 84' lang='lat' dir='ltr'>Homini</span> <span class='ocrx_word' id='word_1_659' title='bbox 2577 3138 2639 3180; x_wconf 87' lang='lat' dir='ltr'>sic</span> <span class='ocrx_word' id='word_1_660' title='bbox 2657 3138 2755 3180; x_wconf 89' lang='lat' dir='ltr'>illu-</span> 
     </span>
     <span class='ocr_line' id='line_1_90' title="bbox 1653 3209 2753 3265; baseline -0.004 -10"><span class='ocrx_word' id='word_1_661' title='bbox 1653 3214 1814 3255; x_wconf 87' lang='lat' dir='ltr'>minato</span> <span class='ocrx_word' id='word_1_662' title='bbox 1831 3212 1918 3255; x_wconf 83' lang='lat' dir='ltr'>vita</span> <span class='ocrx_word' id='word_1_663' title='bbox 1932 3210 2058 3253; x_wconf 87' lang='lat' dir='ltr'>beata</span> <span class='ocrx_word' id='word_1_664' title='bbox 2071 3212 2295 3265; x_wconf 83' lang='lat' dir='ltr'>contingit.</span> <span class='ocrx_word' id='word_1_665' title='bbox 2318 3230 2334 3246; x_wconf 71' lang='grc' dir='ltr'>«ι</span> <span class='ocrx_word' id='word_1_666' title='bbox 2344 3212 2433 3264; x_wconf 85' lang='lat' dir='ltr'>Ego</span> <span class='ocrx_word' id='word_1_667' title='bbox 2447 3209 2560 3252; x_wconf 90' lang='lat' dir='ltr'>enim</span> <span class='ocrx_word' id='word_1_668' title='bbox 2572 3222 2664 3252; x_wconf 87' lang='lat' dir='ltr'>sum</span> <span class='ocrx_word' id='word_1_669' title='bbox 2681 3209 2753 3251; x_wconf 77' lang='lat' dir='ltr'>lux</span> 
     </span>
     <span class='ocr_line' id='line_1_91' title="bbox 1660 3270 2752 3339; baseline -0.005 -12"><span class='ocrx_word' id='word_1_670' title='bbox 1660 3305 1675 3321; x_wconf 74' lang='grc' dir='ltr'>υ</span> <span class='ocrx_word' id='word_1_671' title='bbox 1711 3283 1857 3327; x_wconf 89' lang='lat' dir='ltr'>mundi</span> <span class='ocrx_word' id='word_1_672' title='bbox 1871 3317 1883 3339; x_wconf 93' lang='lat'>,</span> <span class='ocrx_word' id='word_1_673' title='bbox 1900 3284 1959 3326; x_wconf 83' lang='lat' dir='ltr'>ait</span> <span class='ocrx_word' id='word_1_674' title='bbox 1977 3283 2199 3327; x_wconf 84' lang='lat' dir='ltr'>Dominus.</span> <span class='ocrx_word' id='word_1_675' title='bbox 2221 3279 2302 3335; x_wconf 84' lang='lat' dir='ltr'>Qui</span> <span class='ocrx_word' id='word_1_676' title='bbox 2320 3284 2364 3325; x_wconf 88' lang='lat' dir='ltr'>in</span> <span class='ocrx_word' id='word_1_677' title='bbox 2377 3295 2444 3324; x_wconf 89' lang='lat' dir='ltr'>me</span> <span class='ocrx_word' id='word_1_678' title='bbox 2461 3312 2472 3334; x_wconf 93' lang='lat'>,</span> <span class='ocrx_word' id='word_1_679' title='bbox 2491 3270 2652 3336; x_wconf 80' lang='lat' dir='ltr'>inquit,</span> <span class='ocrx_word' id='word_1_680' title='bbox 2667 3293 2752 3323; x_wconf 71' lang='lat' dir='ltr'>arn-⁶</span> 
     </span>
     <span class='ocr_line' id='line_1_92' title="bbox 1659 3347 2751 3407; baseline -0.005 -10"><span class='ocrx_word' id='word_1_681' title='bbox 1659 3376 1675 3393; x_wconf 84' lang='lat'><em>„</em></span> <span class='ocrx_word' id='word_1_682' title='bbox 1710 3347 1831 3399; x_wconf 74' lang='lat' dir='ltr'>b&#39;ulat</span> <span class='ocrx_word' id='word_1_683' title='bbox 1845 3386 1856 3407; x_wconf 90' lang='lat'>,</span> <span class='ocrx_word' id='word_1_684' title='bbox 1876 3354 2119 3397; x_wconf 87' lang='lat' dir='ltr'>intenebris</span> <span class='ocrx_word' id='word_1_685' title='bbox 2137 3366 2224 3395; x_wconf 92' lang='lat' dir='ltr'>non</span> <span class='ocrx_word' id='word_1_686' title='bbox 2244 3358 2413 3405; x_wconf 86' lang='lat' dir='ltr'>manet,</span> <span class='ocrx_word' id='word_1_687' title='bbox 2437 3352 2511 3394; x_wconf 82' lang='lat' dir='ltr'>sed</span> <span class='ocrx_word' id='word_1_688' title='bbox 2527 3351 2669 3394; x_wconf 86' lang='lat' dir='ltr'>lumen</span> <span class='ocrx_word' id='word_1_689' title='bbox 2686 3351 2751 3392; x_wconf 78' lang='lat' dir='ltr'>vi-</span> 
     </span>
     <span class='ocr_line' id='line_1_93' title="bbox 1659 3419 2752 3479; baseline -0.006 -10"><span class='ocrx_word' id='word_1_690' title='bbox 1659 3447 1675 3464; x_wconf 91' lang='lat'>»</span> <span class='ocrx_word' id='word_1_691' title='bbox 1711 3425 2012 3470; x_wconf 76' lang='lat' dir='ltr'>tae-habebit.»</span> <span class='ocrx_word' id='word_1_692' title='bbox 2039 3425 2174 3477; x_wconf 86' lang='lat' dir='ltr'>Quam</span> <span class='ocrx_word' id='word_1_693' title='bbox 2191 3425 2321 3466; x_wconf 89' lang='lat' dir='ltr'>vitam</span> <span class='ocrx_word' id='word_1_694' title='bbox 2346 3428 2573 3479; x_wconf 89' lang='lat' dir='ltr'>postquam</span> <span class='ocrx_word' id='word_1_695' title='bbox 2595 3419 2752 3464; x_wconf 85' lang='lat' dir='ltr'>illumi-</span> 
     </span>
     <span class='ocr_line' id='line_1_94' title="bbox 1651 3491 2750 3552; baseline -0.007 -11"><span class='ocrx_word' id='word_1_696' title='bbox 1651 3503 1775 3541; x_wconf 89' lang='lat' dir='ltr'>natus</span> <span class='ocrx_word' id='word_1_697' title='bbox 1804 3497 1983 3552; x_wconf 88' lang='lat' dir='ltr'>adeptus</span> <span class='ocrx_word' id='word_1_698' title='bbox 2013 3501 2076 3539; x_wconf 88' lang='lat' dir='ltr'>est</span> <span class='ocrx_word' id='word_1_699' title='bbox 2093 3527 2105 3549; x_wconf 90' lang='lat'><strong><em>‚</em></strong></span> <span class='ocrx_word' id='word_1_700' title='bbox 2138 3500 2252 3542; x_wconf 82' lang='lat' dir='ltr'>caret</span> <span class='ocrx_word' id='word_1_701' title='bbox 2282 3495 2433 3537; x_wconf 86' lang='lat' dir='ltr'>mortis</span> <span class='ocrx_word' id='word_1_702' title='bbox 2451 3503 2625 3546; x_wconf 80' lang='lat' dir='ltr'>somn03</span> <span class='ocrx_word' id='word_1_703' title='bbox 2648 3491 2750 3534; x_wconf 85' lang='lat' dir='ltr'>dum</span> 
     </span>
     <span class='ocr_line' id='line_1_95' title="bbox 1651 3565 2750 3619; baseline -0.007 -7"><span class='ocrx_word' id='word_1_704' title='bbox 1651 3574 1802 3612; x_wconf 88' lang='lat' dir='ltr'>contra</span> <span class='ocrx_word' id='word_1_705' title='bbox 1834 3567 2113 3610; x_wconf 88' lang='lat' dir='ltr'>obdormiscit</span> <span class='ocrx_word' id='word_1_706' title='bbox 2132 3571 2174 3609; x_wconf 91' lang='lat' dir='ltr'>et</span> <span class='ocrx_word' id='word_1_707' title='bbox 2206 3566 2388 3609; x_wconf 87' lang='lat' dir='ltr'>moritur</span> <span class='ocrx_word' id='word_1_708' title='bbox 2406 3567 2441 3607; x_wconf 87' lang='lat' dir='ltr'>is</span> <span class='ocrx_word' id='word_1_709' title='bbox 2462 3565 2600 3619; x_wconf 85' lang='lat' dir='ltr'>quiin</span> <span class='ocrx_word' id='word_1_710' title='bbox 2628 3567 2750 3606; x_wconf 88' lang='lat' dir='ltr'>tene·</span> 
     </span>
     <span class='ocr_line' id='line_1_96' title="bbox 1649 3633 2750 3694; baseline -0.008 -11"><span class='ocrx_word' id='word_1_711' title='bbox 1649 3640 1739 3683; x_wconf 87' lang='lat' dir='ltr'>bris</span> <span class='ocrx_word' id='word_1_712' title='bbox 1769 3640 2035 3694; x_wconf 87' lang='lat' dir='ltr'>ignorantiae</span> <span class='ocrx_word' id='word_1_713' title='bbox 2065 3642 2274 3680; x_wconf 81' lang='lat' dir='ltr'>versatur.</span> <span class='ocrx_word' id='word_1_714' title='bbox 2291 3638 2404 3679; x_wconf 78' lang='lat' dir='ltr'>&#39;Nam</span> <span class='ocrx_word' id='word_1_715' title='bbox 2425 3635 2498 3690; x_wconf 86' lang='lat' dir='ltr'>qui</span> <span class='ocrx_word' id='word_1_716' title='bbox 2521 3646 2597 3688; x_wconf 86' lang='lat' dir='ltr'>per</span> <span class='ocrx_word' id='word_1_717' title='bbox 2618 3633 2750 3686; x_wconf 82' lang='lat' dir='ltr'>negli-</span> 
     </span>
    </p>
   </div>
   <div class='ocr_carea' id='block_1_17' title="bbox 1619 3703 2750 3767">
    <p class='ocr_par' dir='ltr' id='par_1_17' title="bbox 1619 3703 2750 3767">
     <span class='ocr_line' id='line_1_97' title="bbox 1619 3703 2750 3767; baseline -0.01 -13"><span class='ocrx_word' id='word_1_718' title='bbox 1619 3731 1623 3734; x_wconf 44' lang='lat'><em>⁷</em></span> <span class='ocrx_word' id='word_1_719' title='bbox 1649 3711 1833 3767; x_wconf 86' lang='lat' dir='ltr'>gentiam</span> <span class='ocrx_word' id='word_1_720' title='bbox 1858 3714 1986 3765; x_wconf 84' lang='lat' dir='ltr'>atque</span> <span class='ocrx_word' id='word_1_721' title='bbox 2010 3707 2251 3751; x_wconf 82' lang='lat' dir='ltr'>socordiam</span> <span class='ocrx_word' id='word_1_722' title='bbox 2270 3706 2398 3749; x_wconf 84' lang='lat' dir='ltr'>tradit</span> <span class='ocrx_word' id='word_1_723' title='bbox 2420 3716 2570 3747; x_wconf 89' lang='lat' dir='ltr'>somno</span> <span class='ocrx_word' id='word_1_724' title='bbox 2601 3703 2750 3744; x_wconf 84' lang='lat' dir='ltr'>oeulos</span> 
     </span>
    </p>
   </div>
   <div class='ocr_carea' id='block_1_18' title="bbox 1648 3774 2748 3902">
    <p class='ocr_par' dir='ltr' id='par_1_18' title="bbox 1648 3774 2748 3902">
     <span class='ocr_line' id='line_1_98' title="bbox 1648 3774 2748 3835; baseline -0.008 -11"><span class='ocrx_word' id='word_1_725' title='bbox 1648 3794 1775 3835; x_wconf 85' lang='lat' dir='ltr'>suos,</span> <span class='ocrx_word' id='word_1_726' title='bbox 1800 3781 1941 3823; x_wconf 86' lang='lat' dir='ltr'>statim</span> <span class='ocrx_word' id='word_1_727' title='bbox 1961 3780 2191 3832; x_wconf 81' lang='lat' dir='ltr'>morietur,</span> <span class='ocrx_word' id='word_1_728' title='bbox 2216 3778 2270 3822; x_wconf 82' lang='lat' dir='ltr'>ab</span> <span class='ocrx_word' id='word_1_729' title='bbox 2291 3774 2452 3830; x_wconf 87' lang='lat' dir='ltr'>agenda</span> <span class='ocrx_word' id='word_1_730' title='bbox 2474 3786 2570 3816; x_wconf 89' lang='lat' dir='ltr'>cum</span> <span class='ocrx_word' id='word_1_731' title='bbox 2593 3774 2748 3815; x_wconf 82' lang='lat' dir='ltr'>virtute</span> 
     </span>
     <span class='ocr_line' id='line_1_99' title="bbox 1648 3844 2748 3902; baseline -0.005 -8"><span class='ocrx_word' id='word_1_732' title='bbox 1648 3854 1734 3894; x_wconf 86' lang='lat' dir='ltr'>vita</span> <span class='ocrx_word' id='word_1_733' title='bbox 1764 3850 1998 3894; x_wconf 79' lang='lat' dir='ltr'>discedens.</span> <span class='ocrx_word' id='word_1_734' title='bbox 2034 3849 2318 3902; x_wconf 83' lang='lat' dir='ltr'>Quamobrem</span> <span class='ocrx_word' id='word_1_735' title='bbox 2347 3844 2571 3900; x_wconf 82' lang='lat' dir='ltr'>fugiendus</span> <span class='ocrx_word' id='word_1_736' title='bbox 2591 3848 2656 3889; x_wconf 80' lang='lat' dir='ltr'>est</span> <span class='ocrx_word' id='word_1_737' title='bbox 2679 3844 2748 3889; x_wconf 84' lang='lat' dir='ltr'>hic</span> 
     </span>
    </p>
   </div>
   <div class='ocr_carea' id='block_1_19' title="bbox 2920 2108 2996 4432">
    <p class='ocr_par' dir='ltr' id='par_1_19' title="bbox 2920 2108 2996 4432">
     <span class='ocr_line' id='line_1_100' title="bbox 2920 2108 2996 4432; baseline 0 0"><span class='ocrx_word' id='word_1_738' title='bbox 2920 2108 2996 4432; x_wconf 95' lang='lat' dir='ltr'> </span> 
     </span>
    </p>
   </div>
  </div>
 </body>
</html>
