2996 4432
1122 268 1170 299 IN
1201 267 1279 299 Psa
1285 268 1412 300 LMUM
1446 268 1525 299 XV.

198 363 271 404 tus
301 360 462 416 alioqui
484 371 560 415 per
583 357 725 401 omnia
738 367 820 412 pro
839 353 1114 397 similitudine
1136 354 1298 409 absque

196 436 391 488 peccato„
423 431 586 474 Deinde
609 428 751 485 pergit
774 426 938 480 dicere,
961 425 1184 482 quomodo
1204 427 1298 469 lae-

195 508 335 546 tatum
364 504 419 546 sit
447 515 525 546 cor
553 500 644 544 eius
657 530 669 552 ‚
691 502 734 541 et
754 498 898 552 lingua
916 498 1006 540 eius
1027 497 1297 551 exultaverit,

198 578 427 629 propterea
456 556 578 628 quod
606 569 786 613 haberet
816 582 841 612 a
861 568 1020 611 dextris
1049 573 1090 611 et
1119 569 1166 611 in
1188 581 1298 611 con-

196 649 345 700 spectu
367 656 446 686 suo
465 642 696 685 Dominum
715 651 898 695 semper.
921 639 1162 683 Laudabilis
1182 641 1301 682 exul-

196 715 304 756 tatio
335 712 623 768 gaudiumque
654 715 743 764 est,
777 724 876 753 cum
905 710 1022 754 haud
1051 712 1097 754 in
1127 725 1176 754 re
1192 724 1299 767 qua·

197 783 330 836 libet,
362 783 437 826 sed
466 783 511 825 in
541 782 620 824 Dei
650 782 1010 837 contemplatione
1039 784 1264 826 versatur!

261 872 278 890 a
299 855 479 908 Insuper
509 857 552 896 et
581 865 682 896 caro
713 865 807 895 mea
836 853 1048 896 habitabit
1067 855 1109 896 in
1129 867 1220 909 spe.
1243 855 1300 897 Et
1360 909 1362 911 ‚

200 943 220 960 υ
252 936 343 966 =non
373 923 640 980 derelinques
669 923 854 967 animam
875 937 1009 967 meam
1032 925 1076 967 in
1105 925 1297 980 inferno,

198 1013 220 1031 o
254 1006 394 1049 neque
413 994 535 1037 dabis
551 999 742 1038 sanctum
757 1000 879 1039 tuum
893 997 1035 1039 videre
1049 997 1298 1052 corruptio—

197 1084 219 1102 υ
254 1079 396 1108 nem.»
420 1067 482 1108 Ex
502 1066 567 1109 bis
585 1079 759 1122 quoque
781 1067 1039 1110 dictionibus
1067 1069 1297 1124 praecipue

189 1136 509 1180 demonstratur
530 1138 715 1193 perfecta
727 1139 899 1181 Domini
916 1139 1173 1182 humanitas.
1197 1141 1297 1182 Ete-

194 1209 286 1250 nim
316 1221 443 1251 carne
468 1209 606 1264 ipsius
634 1209 682 1251 in
701 1210 899 1264 sepulcro
920 1209 1136 1266 deposita,
1155 1211 1297 1254 anima

192 1279 386 1324 eiusdem
415 1281 461 1323 in
475 1285 617 1324 terrae
636 1280 768 1324 corde
788 1281 871 1324 fuit
889 1281 1026 1324 tribus
1049 1281 1198 1325 diebus
1216 1284 1297 1325 tri-

194 1351 362 1407 busque
384 1352 609 1395 noctibus:
630 1357 730 1408 post
748 1353 868 1408 quod
885 1357 1054 1409 tempus
1074 1366 1298 1408 resurgens

194 1422 426 1478 resumpsit
447 1436 614 1466 cai-nem
627 1453 641 1478 ‚
667 1436 797 1480 quam
814 1437 953 1480 nuper
981 1425 1035 1467 ab
1066 1426 1204 1468 anima
1225 1438 1294 1468 se-

194 1498 435 1549 paraverat.
469 1495 594 1538 Diota
627 1498 692 1538 est
723 1499 864 1538 autem
898 1496 943 1538 in
973 1509 1048 1552 spe
1083 1496 1296 1539 habitasse

192 1577 297 1607 caro
314 1596 326 1619 ‚
348 1559 529 1620 propter
549 1565 741 1609 futuram
758 1567 902 1610 statim
921 1568 1292 1610 resurrectionem.

195 1638 292 1679 Non
313 1638 427 1679 enim
447 1637 653 1692 resoluta,
678 1643 753 1681 aut
775 1640 1095 1695 corruptionem
1110 1639 1297 1695 aliquam

193 1720 317 1763 passa
333 1739 346 1761 ‚
378 1708 454 1757 sed
482 1708 661 1752 inlibata
681 1722 854 1752 manens
872 1741 885 1763 ‚
906 1723 1052 1753 rursus
1071 1711 1296 1754 coniuncta

195 1784 260 1822 est
289 1779 407 1822 haud
436 1779 663 1823 derelictae
690 1781 736 1823 in
764 1781 932 1824 inferno
963 1783 1141 1824 animae.
1169 1782 1295 1835 Quod

194 1850 231 1892 si
263 1851 403 1894 anima
432 1850 485 1894 de
514 1863 599 1907 qua
626 1852 845 1907 loquimur
861 1883 874 1906 ,
907 1865 933 1895 a
954 1866 1078 1896 carne
1109 1859 1296 1909 separata

194 1922 378 1976 mansit,
412 1926 456 1964 et
485 1922 602 1978 apud
629 1923 791 1966 inferos
820 1924 903 1966 fuit
919 1955 933 1978 ,
965 1925 1042 1967 ubi
1069 1926 1295 1968 rationales

194 1997 316 2035 erant
342 1993 565 2036 hominum
587 1994 777 2048 animae;
802 1995 1072 2050 perspicuum
1093 2001 1178 2051 est,
1203 2010 1295 2040 eam

193 2065 311 2108 haud
339 2066 629 2109 irrationalem
658 2079 750 2108 esse
787 2067 994 2122 potuisse.
1036 2069 1200 2111 Etenim
1229 2070 1294 2112 ir-

194 2136 413 2179 rationalis
443 2137 608 2190 anima,
632 2149 816 2192 corpore
839 2143 1055 2193 separata,
1085 2152 1173 2183 non
1191 2141 1295 2183 sub-

189 2207 333 2261 sistit,
365 2220 504 2263 neque
541 2207 595 2250 ad
629 2208 788 2251 inferos
823 2209 1123 2264 proficiscitur.
1162 2212 1296 2267 Atqui

193 2281 334 2321 anima
363 2281 459 2322 Iesu
490 2285 720 2336 utrumque
750 2284 923 2335 experta
953 2287 1032 2325 cst.
1065 2284 1162 2326 Fuit
1183 2285 1296 2327 enim

192 2351 239 2401 in
261 2351 543 2394 humanarum
562 2353 797 2394 animarum
819 2352 1063 2406 habitaculo
1080 2385 1092 2407 ‚
1111 2359 1154 2397 et
1177 2360 1296 2399 extra
1316 2390 1327 2403 .

195 2435 354 2477 corpus
383 2424 486 2466 vixit
515 2427 559 2465 et
587 2423 794 2466 substitit.
827 2425 940 2478 Ergo
971 2426 1188 2468 rationalis
1205 2431 1292 2478 est,

196 2497 239 2535 et
268 2493 489 2535 hominum
513 2493 733 2536 animabus
752 2494 1154 2550 consubstantialis;
1185 2497 1296 2539 sicut

196 2568 241 2606 et
273 2577 372 2607 caro
406 2565 776 2608 consubstantialis
807 2571 870 2608 est
899 2566 1121 2609 hominum
1151 2568 1292 2620 carni,

195 2639 348 2690 utpote
374 2648 425 2677 ex
441 2637 574 2678 Maria
593 2636 803 2691 profecta.
838 2636 964 2689 Quod
987 2639 1022 2679 si
1047 2638 1138 2680 visa
1161 2643 1225 2680 est
1249 2639 1294 2680 in

197 2718 322 2748 cruce
337 2706 456 2761 pati,
488 2719 576 2749 non
605 2711 750 2749 tamen
775 2708 1098 2762 corruptionem
1122 2714 1296 2763 experta

197 2782 287 2831 est,
320 2777 606 2820 incolumibus
638 2778 764 2820 simul
794 2778 1060 2820 manentibus
1090 2780 1228 2821 anima
1251 2785 1295 2821 et

197 2839 353 2902 carne3
385 2862 437 2891 ex
466 2849 622 2904 quibus
639 2849 958 2903 recompositis,
987 2849 1128 2892 denuo
1145 2850 1294 2892 ¹extitit

195 2925 364 2963 sanctus
382 2920 488 2973 Dei,
512 2921 615 2974 quin
637 2921 956 2974 corruptionem
976 2920 1122 2962 fuisset
1146 2933 1295 2975 exper-

196 2996 267 3033 tus
281 3022 293 3043 ,
318 2990 394 3033 sed
411 2995 454 3032 et
472 3003 597 3032 causa
619 2990 797 3032 aliorum
816 2995 1083 3033 mortuorum
1104 3004 1295 3033 resurre-

197 3057 350 3104 ctionis
369 3061 564 3103 existens·
598 3062 706 3103 Nam
728 3065 907 3116 propter
929 3061 1110 3104 eundem
1129 3062 1293 3117 primo-

197 3133 387 3187 genitum
405 3137 672 3174 mortuorum
686 3162 698 3185 ,
716 3132 997 3187 corruptibile
1014 3137 1210 3174 nostrum
1226 3134 1293 3175 in-

197 3204 518 3259 corruptionem
552 3202 760 3257 induens,
801 3203 1159 3246 immortalitatem
1195 3204 1292 3246 adi-

195 3277 374 3332 piscitur
394 3288 491 3317 eum
521 3275 595 3316 illo
626 3275 703 3330 qui
732 3276 1052 3334 corruptionem
1080 3276 1294 3331 ignoravit

193 3353 343 3392 sancto
372 3348 468 3389 Dei.

262 3438 278 3455 α
301 3420 433 3462 Notas
464 3417 566 3460 mibi
596 3417 732 3459 fecisti
760 3417 848 3459 vias
878 3417 1012 3470 vitae,
1035 3417 1294 3472 adimplebis

202 3511 220 3528 ι·
255 3504 324 3534 me
352 3490 513 3533 laetitia
551 3501 650 3531 cum
686 3488 808 3530 vultu
844 3492 947 3530 tuo:
992 3487 1217 3531 delectatio
1247 3489 1292 3531 in

204 3581 221 3598 »
258 3551 428 3605 dextera
462 3565 538 3602 tua
579 3571 715 3614 usque
742 3560 788 3601 in
822 3559 964 3602 finem.
990 3578 1007 3594 n
1051 3560 1087 3600 Α
1116 3560 1295 3602 mortuis

197 3645 421 3688 resurgens
442 3633 706 3674 incarnatum
724 3631 802 3673 Dei
820 3631 1009 3673 Verbum
1035 3630 1196 3686 hymno
1223 3642 1293 3672 ee-

196 3704 337 3747 lebrat
351 3737 364 3760 ‚
398 3708 605 3760 quatenus
623 3703 755 3745 homo
777 3706 840 3745 est
856 3733 868 3756 ‚
893 3714 982 3744 non
1004 3701 1198 3744 desinens
1222 3714 1294 3757 pa-

199 3775 302 3818 riter
332 3787 422 3817 esse
451 3775 594 3827 Deus,
626 3774 747 3816 illum
777 3773 852 3828 qui
881 3772 964 3815 sibi
995 3771 1179 3815 ostendit
1204 3773 1292 3815 vias

2376 259 2469 306 177

1372 350 1609 419 πειρασὲεις
1646 376 1754 404 κατα
1798 353 1932 406 πάντα
1968 358 2065 405 καῖ
2103 356 2316 420 ὁμοιότητα
2363 357 2485 425 χωρὶς

1373 420 1593 511 αμαρτῖας·
1630 424 1716 480 ἑξῆς
1749 425 1974 492 ἐπιφέρεται
2007 428 2055 482 ὦς
2087 427 2289 494 εὐφράνθη
2323 428 2348 481 γ’]
2383 452 2484 518 καρ-

1372 491 1440 542 δια
1471 496 1597 544 αυτσῧ
1625 492 1691 542 καὶ
1714 495 2043 558 η’γαλλιάσατο“
2021 520 2046 549 η
2077 502 2245 563 γλωσσα
2270 522 2365 550 αυτ-τ
2369 504 2393 548 ’ὖ
2416 497 2483 551 ἐπι

1372 567 1430 628 τῷ
1459 563 1566 628 ἔχειν
1599 566 1644 614 ε’ν.
1675 568 1807 621 δεξιῶν
1838 589 1906 614 και
1939 565 2070 618 ἐνώπιε
2074 591 2093 615 ν
2127 569 2271 620 ἑαυτου
2301 591 2371 621 τον
2402 593 2482 620 κυ-

1371 655 1448 700 prov
1481 633 1717 692 ὂιαπαντος·
1750 634 1933 687 ἐπαινετη
1965 635 2207 702 ἀγαλλίασις
2239 662 2307 688 και
2340 643 2480 709 εὐφρς-

1373 727 1470 757 συνη
1504 703 1710 772 τυγχάνει,
1743 708 1809 755 ὅτε
1840 707 1885 753 ου’
1916 705 1982 754 διά
2012 730 2050 757 τι
2082 711 2154 758 τῶν
2180 709 2381 774 τυχόντων
2413 710 2478 778 γί-

1372 798 1483 826 νεται
1515 779 1608 825 ἀλλ’
1641 775 1708 828 ἐπι
1739 798 1976 828 κατανεησει
2007 784 2076 826 Sec
2063 802 2123 828 υ.

1447 845 1583 896 «Ἔτι
1615 846 1658 896 δὲ·
1691 869 1756 896 και
1789 870 1815 899 η
1847 845 1948 914 σάρξ
1978 870 2053 911 μου
2082 871 2380 902 κατασκηνωσει
2417 853 2476 903 ε’ττ

1381 941 1400 961 n
1438 915 1582 968 ἔλπῖδι’
1616 921 1679 968 ὅτι
1711 941 1778 967 cuz
1809 915 2109 1010 ἐγκαταλείψεις
2141 942 2213 971 την
2238 920 2371 984 ψυχην
2404 945 2478 986 μευ

1381 1011 1414 1033 ι»
1438 990 1494 1044 εἷς
1514 989 1641 1050 ᾅδην,
1663 987 1748 1038 ουδὲ
1769 987 1904 1043 δώσεις
1930 985 1998 1038 τᾶν
2022 986 2129 1039 ὅσιον
2149 1013 2218 1039 σου
2243 990 2340 1040 ιόειν
2363 996 2477 1060 διαφ-

1381 1080 1400 1101 »
1436 1056 1578 1127 Βσραν.
1590 1083 1608 1103 1>
1637 1057 1724 1108 Και
1756 1062 1797 1108 ἐκ
1823 1080 1971 1108 τουτων
1997 1081 2072 1108 των
2098 1064 2313 1122 συλλαβῶν
2339 1065 2457 1114 ὂηλε
2418 1086 2478 1112 υ-

1372 1150 1439 1178 ται
1470 1129 1654 1194 μάλιστα
1687 1127 1845 1186 τελεῖως
1879 1128 2206 1196 ἐνηνθρωπηκὲναι
2238 1130 2307 1182 τὸν
2339 1130 2458 1199 κύριεν

1372 1204 1442 1255 τῆς
1473 1199 1549 1289 γὰρ
1581 1198 1734 1287 σαρκὸς
1761 1198 2072 1265 ἀποτεθειμένος
2103 1205 2142 1250 ἐν
2175 1206 2231 1266 τῷ
2264 1224 2441 1267 μνημειῳ
2463 1243 2478 1264 ,

1369 1273 1395 1322 ἦ
1432 1270 1544 1336 ψυχη
1588 1274 1711 1322 αὐτοῦ
1746 1269 1901 1338 γέγονεν
1939 1275 1979 1321 ἒν
2022 1276 2072 1324 τῆ
2109 1269 2253 1359 καρδιᾳ
2295 1276 2365 1329 τῆς
2401 1296 2477 1340 γης

1372 1345 1476 1406 τρεῖς
1506 1340 1653 1409 ημὲρας
1683 1365 1750 1391 και
1782 1347 1887 1429 τρεῖς
1910 1340 2067 1398 νύκτας·
2101 1347 2188 1406 μεθ’
2217 1363 2262 1392 ον
2293 1343 2477 1400 οἷναστᾶς

1371 1411 1496 1466 ἔλαβε
1532 1435 1605 1466 την
1648 1414 1797 1480 σάρκα,
1834 1435 1883 1466 τιν
1921 1435 2017 1469 τεως
2055 1413 2269 1471 διαζεύξας
2304 1411 2352 1465 ἦν
2388 1414 2477 1465 οἷωδ

1371 1487 1440 1531 τοῦ
1473 1482 1712 1547 πνεύματος·
1753 1487 1904 1550 εἴρηται
1939 1482 1982 1533 δὲ
2015 1484 2077 1534 ἐπ’
2114 1485 2244 1535 ἐλπιὸι
2280 1506 2477 1537 κατεσκη-

1369 1550 1527 1603 νωκέναι
1550 1577 1575 1606 η
1600 1553 1728 1620 σαρξ,
1755 1552 1822 1604 δια
1852 1576 1926 1606 την
1959 1558 2024 1604 ἒσε
2007 1551 2148 1642 με’νην
2169 1577 2355 1622 παραυτα
2377 1553 2476 1604 ἀνα-

1371 1643 1510 1680 ςασιν
1535 1647 1579 1673 ευ
1603 1623 1679 1693 γὰρ
1697 1628 1941 1675 διαλυθεισα
1971 1625 1997 1678 ἢ
2029 1633 2097 1692 φθε
2081 1623 2171 1691 ράν
2196 1648 2288 1676 τινα
2319 1631 2448 1676 παθε
2425 1651 2475 1675 υ-

1370 1718 1456 1756 σα,
1490 1697 1584 1744 ἀλλ’
1614 1693 1796 1757 ἀβλαβης
1833 1692 2070 1758 ὂιαμεινασα
2109 1695 2359 1758 συνεζευχὲη
2393 1696 2476 1747 πά-

1370 1770 1432 1814 λιν
1470 1769 1523 1832 τῇ
1557 1765 1612 1830 {mi
1649 1764 2016 1833 ἐγκαταλειφθέισῃ
2056 1789 2111 1820 εις
2149 1765 2219 1816 τὸν
2256 1768 2358 1828 ᾅδην
2395 1774 2476 1831 ψυ-

1369 1840 1442 1902 χῆ·
1478 1839 1512 1885 εἶ
1546 1835 1585 1885 δε
1620 1839 1646 1884 -ὂ
1680 1858 1904 1902 προκειμενη
1937 1834 2052 1902 ψυχη
2084 1836 2228 1904 σαρκὸς
2260 1837 2476 1902 χωριζομέ-

1369 1929 1414 1960 νη
1444 1905 1660 1974 ὑφέστηκεν
1682 1945 1697 1966 ,
1729 1929 1794 1955 και
1827 1909 1870 1955 ἐν
1903 1930 1959 1972 τῳ
1988 1910 2061 1972 952¹&st
2094 1929 2270 1972 γινεται,
2304 1907 2401 1957 ἔνθα
2432 1933 2476 1957 αι

1368 1975 1522 2043 λογικαὶ
1568 1982 1644 2028 τῶν
1688 1975 1921 2067 ἀνθρώπων
1959 1976 2120 2042 ψυχαὶ,
2166 1982 2282 2031 ‹iile-a
2326 1981 2388 2027 ὅτι
2432 1983 2477 2028 εὖ

1369 2047 1537 2098 ὃυναται
1569 2049 1711 2113 ἄλογος
1748 2053 1863 2098 εἰναι·
1894 2073 1920 2101 η
1950 2047 2027 2115 γὰρ
2057 2050 2200 2114 αλογος
2237 2047 2350 2114 ψυχη
2386 2072 2475 2113 χω-

1368 2117 1552 2183 ριζομένη
1579 2118 1746 2184 σαρκὸς,
1772 2122 1845 2183 οὐχ
1863 2117 2090 2208 υφῖσταται
2117 2122 2179 2186 i),
2206 2118 2294 2168 οὐδε
2329 2142 2382 2175 εις
2408 2119 2475 2169 τὸν

1369 2193 1468 2250 ᾅδτν
1504 2210 1732 2256 ωερευεται·
1770 2187 1879 2238 ἀλλα
1914 2188 1989 2254 μὲν
2026 2194 2052 2243 ἦ
2092 2194 2160 2240 τεῧ
2193 2191 2326 2242 Ἰησεῧ
2362 2189 2475 2254 ψυχη

1370 2282 1560 2348 εκατερων
1598 2282 1741 2329 πειραν
1777 2260 1920 2324 ἔσχεν·
1957 2284 2048 2328 γεγε
2032 2283 2091 2309 νε
2129 2282 2204 2327 γαρ
2240 2284 2303 2310 και
2342 2261 2382 2309 ἐν
2422 2266 2476 2326 τῷ

1368 2354 1503 2398 χωριω
1539 2352 1614 2381 των
1655 2331 1911 2397 ἀνθρωπινων
1948 2336 2121 2396 ψυχῶν,
2163 2354 2229 2379 και
2270 2338 2338 2387 τῆς
2376 2355 2474 2399 σαρ-

1367 2400 1435 2458 κός
1479 2400 1589 2456 ἐκτός
1634 2424 1818 2468 γενεμενη
1866 2406 1915 2468 ζῇ
1949 2425 2014 2451 και
2061 2399 2293 2470 ὑφίσταται·
2339 2402 2475 2468 λεγικη

1369 2495 1446 2538 αρα
1477 2495 1543 2521 και
1577 2477 1670 2528 ταῖς
1701 2476 1855 2537 ψυχαῖς
1889 2494 1965 2523 των
2001 2471 2222 2537 ἀνθρώπων
2254 2473 2474 2537 ὃμοευσιες

1368 2545 1500 2610 ὥσπερ
1530 2566 1595 2592 και
1627 2567 1654 2595 η
1684 2543 1783 2612 σὰρξ
1812 2542 1992 2606 ὅμεουσιε
1997 2567 2016 2599 ς
2054 2567 2103 2610 τῃ
2143 2566 2218 2594 των
2255 2543 2475 2610 ἀνθρωωων

1369 2636 1482 2681 σαρκι
1517 2636 1732 2679 τυγχανει,
1768 2617 1811 2663 ἐκ
1842 2618 1912 2670 τ’·’ἷις
1941 2612 2111 2701 Μαριας
2144 2637 2214 2680 πρε
2199 2620 2327 2664 aceio
2290 2635 2398 2664 υσα
2439 2637 2471 2663 ει

1369 2684 1411 2733 δὲ
1443 2708 1510 2734 και
1537 2685 1664 2741 ἔδοξεν
1689 2682 1934 2736 πεπενθεναι
1967 2685 2034 2735 δια
2063 2683 2129 2736 τᾶν
2162 2684 2356 2751 σταυρόν,
2383 2686 2476 2733 αλλ’

1368 2777 1434 2804 cuv
1467 2758 1532 2805 ci'm
1562 2751 1663 2804 εἶδεν
1697 2753 1946 2835 διαφθεραν,
1979 2758 2167 2817 ἀβλαβων
2193 2753 2474 2818 διαμειναντων

1368 2829 1440 2881 τῆς
1473 2848 1516 2875 τε
1554 2829 1688 2890 ψυχης
1726 2849 1791 2874 και
1827 2847 1903 2880 της
1941 2825 2122 2892 σαρκὸς,
2156 2827 2201 2882 ε”ξ
2237 2823 2289 2874 ὡν
2329 2847 2476 2876 συντε-

1365 2892 1521 2947 θέντων
1554 2893 1773 2959 ἀνεδείχθη
1805 2894 1929 2945 πάλιν
1961 2900 1982 2944 o‘
2012 2900 2123 2951 ὅσιος
2161 2900 2230 2945 τεῧ
2264 2901 2365 2944 Sem]
2398 2898 2475 2959 εὖχ

1368 2965 1544 3034 ἓωρακως
1583 2965 1816 3033 διαφθοράν·
1857 2963 1967 3014 ἄλλα
2002 2989 2066 3015 και
2112 2966 2242 3022 αἴτιος
2290 2989 2363 3022 της
2402 2987 2475 3016 των

1367 3036 1502 3086 ἄλλων
1532 3040 1670 3104 νεκρῶν
1704 3035 1903 3102 ἐγέρσεως·
1939 3039 1986 3085 δι’
2019 3034 2137 3085 αὑτὸν
2168 3058 2249 3103 γαρ
2277 3035 2475 3103 πρωτέτε-

1366 3129 1430 3157 κεν
1463 3111 1504 3156 ἐκ
1537 3110 1611 3157 τῶν
1641 3127 1780 3172 νεκρων
1812 3105 2043 3171 γεγενημὲνε
2048 3128 2092 3164 ν,
2120 3129 2165 3157 το
2200 3107 2372 3176 φθαρτόν
2402 3131 2471 3157 και

1367 3177 1509 3233 &vm-32
1536 3181 1644 3240 ημῶν
1676 3175 1912 3244 ἀφθαρσιαν
1945 3176 2202 3241 ἐνδυσαμενον
2235 3187 2474 3266 συναιπαθα-

1367 3247 1571 3305 νατῖζεται
1609 3271 1665 3311 τῳ
1698 3271 1756 3311 μη
1793 3246 1980 3314 ἑωρακότι
2017 3245 2238 3316 διαφθοραν
2274 3248 2371 3312 ὄσῖῳ
2402 3273 2444 3301 τε
2449 3274 2472 3298 υ

1366 3324 1483 3368 &eov-

1439 3412 1465 3438 (ε
1486 3385 1730 3455 Ἐγνωρισας
1762 3412 1827 3451 μοι
1859 3388 1971 3445 εδοὺς
2008 3394 2129 3446 ζωῆς·
2165 3390 2380 3456 πληρώσεις
2421 3413 2470 3454 με

1371 3481 1396 3507 »
1433 3482 1665 3527 ευφρεσυνης
1702 3481 1806 3522 μετα
1837 3463 1906 3509 τεῧ
1941 3482 2010 3527 πρε
1994 3483 2143 3511 σωπου
2180 3482 2263 3511 σευ·
2297 3484 2469 3528 reptave-

1370 3552 1396 3578 »
1432 3553 1504 3585 της
1539 3532 1580 3579 ἐν
1615 3533 1664 3594 τῇ
1701 3533 1808 3589 δεξιᾷ
1842 3553 1912 3580 σου
1945 3533 2005 3586 εἰς
2038 3524 2124 3582 τελε
2110 3555 2160 3587 ς.
2176 3552 2200 3578 »
2228 3534 2300 3581 Ἐκ
2330 3535 2467 3597 νεκρῶν

1366 3623 1547 3656 αναστας
1585 3602 1604 3647 ὃ
1644 3598 1870 3665 σαρκωθεις
1915 3623 1986 3650 του
2019 3602 2118 3650 Secu
2161 3601 2306 3689 λόγρς,
2350 3625 2465 3663 υμνει

1364 3674 1462 3721 καθ’
1498 3667 1518 3719 3
1551 3668 1753 3736 ἅνθρωπος
1784 3692 1942 3736 γεγονε,
1975 3695 2031 3735 μη
2062 3669 2262 3723 ἀπολιπων
2299 3694 2365 3720 και
2398 3694 2440 3721 τε
2445 3695 2468 3720 υ

1367 3738 1466 3792 εἰναι
1496 3738 1609 3801 Θεδς,
1644 3738 1710 3790 τᾶν
1743 3739 2026 3809 φανερώσαντα
2055 3765 2164 3807 αυτῳ
2194 3740 2263 3797 τᾶς
2296 3745 2364 3808 αγε
2350 3761 2467 3797 υσας

274 3864 303 3905 ι)
324 3863 553 3896 Animadverte
573 3862 704 3904 Didymi
723 3861 909 3903 opinionem
930 3860 972 3895 de
992 3860 1162 3894 brutorum
1184 3859 1311 3903 anima,
1333 3861 1403 3895 sive
1424 3860 1466 3894 de
1486 3859 1556 3894 eius
1576 3861 1651 3902 post
1670 3859 1815 3902 corporis
1835 3859 1961 3894 obitum
1981 3860 2168 3894 abolitione.

2288 3920 2336 3953 23

2571 865 2599 925 μεθ
