2996 4432
308 2023 378 2054 cod.
388 2024 402 2053 s
423 2027 484 2052 130.

544 278 607 323 92
1465 293 1598 325 caan.
1637 296 1876 327 nsusnsnrr
1934 301 1938 306 ·

537 379 717 422 sih-iliter
746 380 788 419 et
818 376 1095 430 corporaliter
1126 374 1324 420 catholici
1354 383 1532 434 propter
1560 381 1822 422 imminentes
1851 380 2085 424 haereticos
2103 383 2254 426 habere
2275 397 2360 426 non
2383 391 2582 440 possunt,
2615 383 2797 432 attamen

538 451 802 494 invisibiliter
830 450 1007 493 habent,
1039 450 1155 491 Haec
1184 449 1388 491 haetenus
1419 450 1472 494 de
1494 463 1545 494 eo
1569 452 1688 507 quod
1717 452 1822 495 dicit
1852 453 2132 509 Augustinus,
2155 455 2463 499 haereticorum
2483 461 2526 499 et
2554 459 2789 503 schismati.-

540 534 687 564 corum
717 526 862 564 saneta
893 533 981 563 esse
1011 524 1288 562 sacramenta.

655 605 701 645 9.
734 592 855 634 Nunc
886 591 938 633 de
965 591 1098 634 altero
1129 590 1370 645 videamus,
1404 592 1564 635 scilicet
1594 591 1647 634 de
1678 604 1758 646 cO,
1792 592 1909 647 quod
1941 598 1989 636 ut
2018 596 2210 649 superius
2240 596 2398 640 dictum
2429 604 2514 652 est,
2547 601 2692 642 scribit
2721 614 2799 644 eo·-

538 662 732 705 rumdem
761 665 1016 704 sacramenta
1044 661 1184 703 iterari
1214 673 1303 703 non
1333 661 1516 715 debere,
1549 661 1730 704 dicendo
1761 662 1807 703 in
1835 663 1947 705 libro
1988 663 2041 706 de
2069 664 2312 720 baptismo:
2357 687 2374 704 «
2392 681 2540 712 manus
2574 670 2796 725 impositio

539 734 727 776 iteranda
755 745 842 775 non
874 736 958 783 est,
977 732 1088 773 sieut
1108 744 1186 773 nec
1203 731 1453 786 baptismus.
1472 732 1600 790 *Quid
1619 732 1731 774 enim
1754 736 1818 774 est
1841 733 1956 775 aliud
1978 747 2125 777 manus
2145 736 2356 791 impositio
2370 771 2382 793 ,
2406 740 2485 782 nisi
2509 741 2642 783 oratio
2659 754 2795 797 super

538 803 782 847 hominem?
802 823 817 840 »
854 805 917 845 De
946 802 1189 845 huiusmodi
1219 803 1441 845 iteratione
1468 803 1585 845 vario
1615 802 1746 845 modo
1779 815 1804 845 a
1833 803 2025 858 patribus
2054 797 2194 848 aetum
2223 809 2460 851 invenitur:
2493 823 2587 853 nam
2619 812 2798 854 nicaena

534 875 727 931 synodus
757 887 905 917 manus
938 874 1256 928 impositionem
1285 874 1411 915 iterat
1441 873 1675 916 novatianis
1696 874 1905 929 episcopis
1934 879 1978 917 et
2005 876 2260 932 presbyteris
2291 883 2333 921 et
2359 883 2506 923 ceteris
2533 883 2695 924 clericis
2713 913 2725 935 ‚
2750 888 2794 924 et

534 949 597 990 sic
622 957 696 990 eos
725 947 768 988 in
799 946 911 987 clero
942 957 1109 987 manere
1139 943 1282 996 iubet,
1315 944 1565 998 episcopum
1593 943 1691 986 loco
1715 948 1758 986 et
1786 946 1954 988 nomine
1984 947 2222 1002 presbyteri
2245 949 2309 991 vel
2332 950 2625 1008 chorepiscopi
2649 954 2791 996 hono-

537 1032 646 1062 rans.
680 1020 881 1061 Damasus
918 1016 1219 1072 episcoporum
1259 1015 1544 1057 ordinationes
1574 1028 1598 1057 a
1627 1015 1845 1057 catholicis
1877 1016 2194 1072 chorepiscopis
2222 1020 2377 1074 factas,
2409 1022 2697 1065 iterari‘iubet
2735 1017 2811 1066 ab’

536 1088 1024 1154 episeopisxcatholicis:
1060 1099 1156 1128 cum
1187 1086 1470 1140 Hieronymus
1500 1086 1589 1127 eius
1619 1090 2003 1141 contemporaneus
2032 1088 2189 1131 scribat
2227 1089 2282 1132 ad
2315 1092 2532 1145 Evagrium
2563 1094 2785 1150 presbyte-

535 1174 657 1213 rum,
691 1161 806 1216 apud
837 1158 1128 1202 Alexandriam
1158 1162 1257 1212 post
1286 1158 1474 1199 Marcum
1503 1157 1794 1212 evangelistam
1828 1158 1940 1199 ·XII·
1966 1158 2154 1202 eiusdem
2183 1159 2300 1202 urbis
2340 1163 2595 1216 patriarchas
2616 1176 2639 1206 a
2668 1177 2789 1219 pres·

534 1231 693 1287 byteris
724 1237 887 1274 tantum
919 1231 1045 1272 fuisse
1074 1233 1312 1283 promotos.
1346 1229 1510 1270 Primus
1539 1228 1747 1270 Iohannes
1776 1241 1887 1284 papa
1916 1233 1958 1271 et
1987 1233 2160 1284 martyr
2180 1230 2363 1273 ecclesiis
2392 1234 2644 1276 Arianorum
2674 1235 2793 1290 apud.

534 1303 968 1358 Constantinopolim,
995 1302 1155 1343 Iustino
1176 1301 1431 1354 imperatore
1462 1300 1704 1342 orthodoxo
1734 1304 1932 1354 rogante,
1957 1302 2314 1344 consecrationem
2338 1302 2490 1357 iterat,
2515 1309 2558 1346 et
2580 1299 2796 1361 episeopis-

532 1375 760 1417 Galliarum
789 1387 864 1429 per
894 1373 1090 1428 epistolas
1120 1385 1216 1414 suas
1246 1371 1392 1414 itidem
1422 1370 1557 1414 facere
1587 1371 1773 1414 mandat.
1799 1373 1905 1414 Item
1925 1382 2102 1425 magnus
2124 1372 2352 1426 Gregorius
2373 1373 2589 1418 basilicam
2609 1377 2787 1419 Ariano-

531 1459 626 1488 rum
655 1446 700 1487 in
728 1445 936 1496 Suburra,
969 1444 1078 1485 sicut
1107 1447 1159 1484 etl
1179 1442 1389 1497 praefatus
1419 1442 1653 1496 Iohanne-5,
1674 1444 1827 1485 iterum
1859 1442 2038 1485 dedicat.
2072 1445 2132 1485 Ex
2163 1456 2249 1498 quo
2282 1445 2450 1487 videtur
2479 1448 2707 1502 consequi,
2738 1452 2793 1490 ut.

530 1519 565 1560 si
594 1518 847 1559 Arianorum
878 1515 1060 1557 ecclesiis
1091 1514 1352 1556 consecratio
1383 1514 1560 1555 iteratur
1579 1546 1591 1568 ,
1615 1515 1739 1556 etiam
1770 1513 2023 1569 presbyteris
2045 1514 2291 1557 eorumdem
2320 1516 2492 1559 iteretur
2508 1550 2520 1569 ‚
2543 1517 2651 1560 sicut
2677 1530 2782 1560 con-

530 1589 673 1631 cilium
703 1587 845 1639 iubet,
871 1585 989 1641 quod
1019 1586 1142 1626 etiam
1172 1583 1419 1626 eorumdem
1448 1584 1650 1639 reliquias
1674 1585 1882 1640 praecipit
1902 1586 2000 1639 igne
2021 1585 2228 1627 comburi.
2257 1587 2523 1642 (Nam-quod
2546 1587 2658 1630 idem
2680 1589 2782 1631 Gre-

529 1660 673 1714 gorius
703 1659 880 1701 Iohanni
910 1657 1199 1698 ravennatensi
1227 1656 1429 1710 episcopo
1451 1686 1463 1708 ,
1497 1660 1538 1697 et
1568 1655 1792 1698 concilium
1825 1656 2153 1710 carthaginiense
2184 1669 2278 1711 cap.
2317 1659 2424 1700 ’ΧΨ
2448 1659 2788 1702 reordinationes

528 1730 788 1785 prohibent,
823 1729 874 1770 de
903 1728 967 1769 his
998 1727 1072 1781 qui
1100 1730 1213 1768 recte
1244 1725 1423 1768 ordinati
1453 1730 1551 1768 sunt
1580 1731 1622 1768 et
1651 1732 1799 1781 postea
1829 1727 2009 1782 depositi
2031 1727 2319 1782 accipiendum
2339 1729 2533 1783 videtur.)
2558 1731 2661 1772 Item
2684 1732 2778 1773 Ste-

527 1801 693 1856 phanus
730 1799 871 1841 iunior
907 1797 1017 1840 idem
1051 1797 1197 1838 statuit
1235 1796 1288 1838 de
1328 1795 1532 1838 ordinatis
1569 1810 1591 1838 a
1631 1797 1905 1852 Constantino
1944 1798 2137 1840 invasore
2174 1803 2217 1840 et
2251 1800 2471 1855 neophyto
2504 1801 2691 1855 periuro.
2726 1803 2780 1843 Et

529 1875 677 1915 tertius
705 1872 872 1925 Sergius
902 1870 954 1913 de
985 1869 1188 1911 ordinatis
1218 1881 1242 1910 a
1271 1870 1478 1910 Formoso
1509 1869 1701 1911 similiter
1731 1870 1901 1924 periuro
1933 1874 1975 1911 et
2004 1871 2209 1911 invasore.
2245 1871 2296 1912 Et
2326 1870 2370 1912 hi
2400 1883 2543 1917 omnes
2562 1874 2660 1926 post
2688 1873 2774 1914 'Au-

530 1945 743 1999 gustinum
772 1943 915 1996 fuere,
947 1945 1112 1996 praeter
1139 1941 1382 1986 Damasum.
1407 1941 1459 1982 Et
1480 1944 1622 1995 patres
1644 1940 1800 1982 nicaeni
1831 1940 2020 1993 concilii,
2053 1940 2128 1994 qui
2157 1941 2266 1982 male
2290 1940 2491 1984 ordinatis
2518 1954 2663 1984 manus
2693 1943 2774 1985 im-

529 2016 781 2072 positionem
812 2014 953 2055 iterari
982 2024 1169 2054 sanxere.
1203 2013 1445 2065 Praeterea,
1479 2016 1526 2053 ut
1556 2011 1784 2065 Gregorius
1813 2011 1958 2053 scribit
1987 2011 2194 2066 episcopis
2224 2012 2266 2054 in
2297 2012 2472 2055 Hiberia
2507 2014 2771 2071 constitutis,

527 2088 579 2131 ab
610 2086 769 2128 haeresi
800 2084 854 2126 ad
884 2083 1136 2126 catholicam
1166 2082 1382 2124 ecclesiam
1412 2081 1687 2124 redeuntibus
1703 2112 1715 2134 ,
1739 2081 1932 2124 occidens
1954 2083 2076 2124 iterat
2097 2095 2244 2126 manus
2264 2071 2577 2138 impositionem
2593 2115 2605 2136 ‚
2631 2085 2774 2126 oriens

525 2171 627 2201 vero
658 2156 888 2200 chrismatis
918 2155 1176 2196 unctionem.
1209 2153 1265 2195 Hi
1294 2156 1434 2194 autem
1463 2157 1583 2206 sunt,
1623 2152 1690 2195 de,
1715 2153 1871 2208 quibus
1898 2155 2105 2197 incertum
2135 2160 2219 2208 est,
2251 2159 2395 2197 utrum
2424 2156 2534 2197 male
2563 2157 2775 2211 promotis

523 2242 671 2272 manus
699 2227 1012 2283 impositionem
1040 2225 1303 2277 iteraverint,
1331 2236 1383 2265 an
1404 2235 1514 2277 non,
1537 2223 1694 2266 scilieet
1722 2224 1884 2278 primus
1913 2226 2026 2278 Le0,
2059 2226 2318 2278 Anastasius,
2351 2230 2392 2267 et
2423 2226 2677 2281 Gregorius,
2702 2239 2770 2269 se·

522 2303 652 2357 ptima
681 2298 893 2355 synodus,
927 2302 969 2339 et
997 2296 1186 2352 synodus
1218 2308 1295 2350 pro
1326 2296 1509 2349 Ignatio.
1541 2296 1643 2337 Nam
1675 2297 1835 2350 primus
1855 2298 1941 2339 Leo
1965 2301 2142 2353 propter
2162 2298 2275 2352 pacis
2295 2297 2454 2339 honum
2476 2299 2634 2352 recepit
2656 2301 2767 2341 Ana-

520 2373 672 2414 tolium
703 2372 950 2426 episcopum
970 2400 981 2421 ,
1016 2369 1090 2422 qui
1121 2367 1338 2409 ordinatus
1369 2367 1505 2409 fuerat
1535 2380 1560 2410 a
1589 2368 1795 2409 Dioscoro
1832 2369 2160 2423 eutychianista:
2195 2373 2236 2410 et
2264 2369 2502 2430 Anastasius
2539 2370 2767 2411 Photinum

520 2443 907 2485 thessalonicensem
934 2443 964 2492 i)
989 2439 1229 2481 ordinatum
1250 2439 1303 2481 ab
1327 2440 1472 2481 Acatio
1494 2440 1878 2481 excommunicato:
1913 2444 1954 2480 et
1975 2440 2203 2492 Gregorius
2229 2440 2454 2481 Maximum
2485 2440 2768 2482 salonitanum»

522 2514 575 2556 ab
598 2505 974 2555 ‘excommunicatis
1005 2509 1260 2552 ordinatum.
1295 2511 1479 2564 Septima
1508 2522 1682 2564 quoque
1721 2510 1909 2564 synodus
1948 2509 2165 2552 ordinatos
2195 2509 2249 2552 ab
2289 2510 2551 2563 haereticos,
2585 2523 2657 2553 eos
2693 2512 2769 2567 qui

519 2590 711 2627 auctores
740 2596 826 2625 non
856 2583 973 2624 suere
1001 2581 1249 2636 impietatis,
1276 2582 1433 2636 quique
1455 2582 1580 2623 tracti
1609 2586 1650 2622 et
1672 2581 1758 2622 vim
1787 2581 1900 2635 passi
1930 2584 2027 2622 sunt
2046 2611 2057 2633 ,
2080 2580 2230 2635 recipit
2251 2582 2293 2621 in
2315 2580 2470 2634 gradus
2492 2593 2605 2623 suos:
2640 2593 2763 2636 prae-

517 2656 627 2698 latos
657 2666 757 2697 vero
789 2658 829 2695 et
861 2652 1070 2706 genitores
1100 2651 1330 2698 haereseon
1360 2653 1404 2693 in
1434 2651 1718 2693 sacerdotium
1747 2663 1836 2692 non
1865 2650 2063 2699 admittit.
2097 2650 2291 2706 Synodus
2322 2663 2423 2693 vero
2462 2664 2540 2706 pro
2571 2653 2768 2706 Ignatio,

517 2739 625 2782 quae
649 2739 673 2768 a
697 2724 948 2780 quibusdam
972 2728 1120 2765 octava
1140 2723 1295 2765 dieitur
1317 2724 1382 2776 2),
1405 2735 1427 2765 a
1449 2723 1604 2765 Photio
1626 2722 1845 2777 neophyto
1868 2726 1909 2764 et
1930 2723 2120 2764 invasore
2142 2725 2365 2776 promotos
2385 2721 2582 2776 deponit:
2609 2727 2651 2765 et
2669 2723 2763 2766 fau-

514 2792 681 2840 toribus
702 2798 789 2838 eius
811 2795 1019 2850 episeopis
1050 2794 1421 2843 excommunicatis
1437 2825 1448 2847 ,
1475 2789 1692 2836 ordinatos
1722 2794 1983 2847 singulorum
2014 2792 2223 2846 graduum
2253 2793 2624 2835 instrumentorum
2646 2793 2767 2845 exhi·-

513 2868 674 2913 bitione
710 2869 753 2909 in
785 2868 870 2909 suis
900 2866 1119 2908 ordinibus
1150 2866 1314 2920 recipit.
1349 2865 1560 2907 Praelatos
1589 2869 1727 2906 autem
1756 2865 1843 2905 Leo
1873 2868 1915 2905 et
1944 2863 2214 2905 Innocentius
2231 2866 2274 2905 et
2303 2862 2473 2917 quidam
2498 2863 2566 2904 alii
2588 2868 2755 2918 patreS‚

512 2942 594 2982 rite
616 2939 730 2994 prius
761 2937 1003 2990 ordinatos,
1022 2941 1068 2982 et
1100 2941 1246 2990 postea
1277 2935 1331 2977 ad
1361 2935 1566 2977 haeresim
1594 2938 1882 2986 transeunteS,
1905 2934 1959 2976 ad
1989 2933 2239 2976 catholicam
2269 2934 2480 2975 ecclesiam
2511 2933 2670 2989 absque
2699 2935 2767 2977 le-

512 3011 656 3064 gitima
686 3007 965 3050 satisfactione
997 3006 1234 3048 nullatenus
1263 3005 1403 3048 redire
1434 3006 1604 3060 sinunt3
1636 3010 1678 3047 et
1706 3006 1752 3047 in
1782 3006 2006 3060 pristinum
2045 3016 2118 3046 eos
2146 3003 2324 3057 gradum
2353 3004 2630 3058 recipientes,
2662 3017 2764 3047 om-

511 3094 604 3123 nem
640 3082 697 3122 eis
727 3079 899 3121 ulterius
931 3079 1242 3133 promotionem
1273 3076 1545 3119 interdicunt.

632 3153 698 3193 10.
732 3152 791 3192 Ne
821 3154 961 3191 autem
982 3149 1197 3190 simoniaci
1219 3149 1339 3202 quasi
1360 3147 1414 3190 ad
1433 3161 1476 3190 se
1499 3148 1763 3203 recipiendos
1778 3178 1789 3200 ,
1814 3146 1990 3202 praefati
2012 3146 2196 3190 Anatolii
2218 3150 2259 3189 et
2281 3150 2515 3188 ceterorum
2537 3159 2581 3189 se
2600 3152 2759 3191 tuean-

508 3227 578 3264 tur
608 3222 798 3276 exemplo
816 3252 828 3273 ,
861 3221 1077 3263 sciendum
1108 3225 1197 3273 est,
1231 3221 1431 3274 quoniam
1461 3217 1544 3274 legi
1573 3220 1789 3261 communi
1819 3223 1862 3261 et
1893 3207 2116 3261 universali
2145 3218 2332 3260 remissio
2353 3219 2630 3272 quarumdam
2650 3231 2754 3274 per-—

624 3344 654 3384 1)
675 3345 712 3374 In
738 3343 849 3374 codiee
870 3342 906 3373 sit
928 3342 1035 3373 brevis
1057 3342 1191 3380 lacuna,
1212 3342 1246 3373 in
1268 3350 1333 3382 qua
1354 3350 1413 3373 nos
1439 3341 1568 3373 Photini
1591 3340 1872 3373 thessalonicensis
1894 3350 2011 3373 nomen
2031 3340 2216 3382 ponendum
2237 3339 2463 3372 iudicavimus.
2491 3342 2651 3382 Legantu'r
2671 3350 2761 3383 quac·

503 3398 537 3430 in
554 3397 628 3429 vitis
644 3405 723 3430 rom.
741 3395 935 3427 Pontificum
952 3395 1063 3427 scribit
1080 3395 1261 3427 Bcrnardus
1275 3394 1437 3427 Gnidonis
1450 3403 1470 3426 a
1485 3392 1578 3427 nobis
1593 3394 1700 3426 editus
1716 3395 1748 3426 iu
1764 3394 1875 3436 Spicil.
1892 3403 1975 3426 rom.
1990 3396 2028 3427 Τ.
2046 3395 2104 3427 VI.
2120 3403 2151 3435 p.
2168 3396 2274 3434 97-925,
2292 3393 2347 3425 ubi
2361 3393 2402 3426 de
2415 3394 2584 3426 Anastasio
2598 3395 2639 3427 11.
2656 3403 2758 3437 papa,

504 3452 537 3483 et
556 3458 639 3492 quae
660 3449 705 3481 ibi
727 3447 964 3480 adnotavimus.
1536 3478 1539 3482 ,

618 3503 650 3543 2)
671 3501 930 3534 Controversiam
952 3501 1127 3541 aliquando
1150 3502 1236 3533 circa
1263 3501 1361 3533 huius
1387 3500 1502 3541 synodi
1528 3500 1806 3533 universalitatem
1830 3500 1930 3533 fuisse
1956 3501 2173 3540 commotam,
2196 3508 2260 3531 non
2283 3499 2490 3540 ignoramus3
2519 3508 2615 3541 quam
2641 3501 2754 3534 tamen

501 3557 735 3589 dubitationem
757 3554 836 3587 satis
856 3562 924 3585 esse
946 3546 1128 3595 depulsam,
1151 3554 1320 3594 cognoscet
1340 3553 1490 3594 quisquis
1511 3561 1548 3585 ea
1570 3553 1684 3585 saltem
1706 3554 1820 3593 legerit
1840 3562 1924 3594 quae
1945 3553 2100 3594 Iosephus
2115 3553 2288 3585 Catalanus
2309 3553 2343 3584 in
2364 3540 2545 3594 praedictae
2565 3552 2679 3594 synodi
2701 3553 2749 3586 hi-

497 3611 597 3643 storia
613 3609 751 3641 breviter
772 3607 884 3640 scribit
905 3615 985 3647 capp
1016 3611 1065 3645 52,
1089 3609 1120 3639 et
1143 3612 1191 3639 55.
1215 3607 1313 3639 Nobis
1334 3615 1465 3648 quoque
1487 3607 1621 3639 recitare
1642 3607 1762 3639 suflicit
1781 3607 1881 3639 verba
1897 3607 2055 3639 Anastasii
2073 3601 2329 3653 bibliothecarii,
2346 3605 2592 3647 contemporalis
2607 3606 2756 3639 hominis

496 3666 529 3694 et
549 3661 744 3701 doctissimi,
768 3660 825 3701 qni
845 3661 876 3692 et
892 3659 994 3701 ipsam
1013 3662 1094 3691 hane
1116 3660 1292 3700 synodum,
1309 3661 1360 3692 cui
1376 3659 1545 3700 interfuit,
1562 3660 1639 3692 fecit
1654 3659 1789 3692 latinam
1804 3684 1814 3701 ,
1833 3662 1865 3693 et
1877 3660 1911 3691 in
1932 3660 2076 3693 eiusdem
2091 3659 2286 3701 praefatione
2300 3659 2348 3690 sic
2363 3658 2527 3699 loquitur:
2545 3666 2754 3700 nuncupan-

495 3716 543 3748 da
557 3716 607 3747 est
625 3724 703 3756 erqo
724 3717 797 3746 sine
815 3714 908 3746 omni
930 3713 1200 3745 confractionem
1221 3713 1371 3753 synodus
1392 3713 1605 3746 universalis
1627 3715 1773 3751 octava,
1790 3715 1834 3746 uc
1853 3715 1887 3746 et
1904 3713 2096 3755 appellatio
2123 3720 2229 3754 quam
2249 3720 2330 3744 cum
2348 3713 2476 3755 septem
2496 3710 2578 3743 aliis
2597 3712 2751 3752 (qenera·
2788 3738 2796 3744 .

497 3770 602 3809 lebas)
618 3768 772 3801 conciliis
792 3769 917 3800 sortita
931 3775 975 3798 est
994 3795 997 3799 ,
1019 3776 1082 3797 ,mn
1106 3766 1256 3805 c‹·lecur;
1271 3768 1305 3798 et
1320 3774 1441 3799 nomen
1455 3769 1637 3808 proprium
1652 3767 1820 3808 (octavae)
1839 3767 1932 3809 quod
1946 3766 2174 3808 sinqulariter
2185 3764 2355 3807 possidet,
2381 3765 2589 3806 desionetur.
2608 3764 2753 3805 (vitiose

495 3822 581 3863 apud
598 3822 789 3853 Catalanum
811 3821 974 3862 diqnetur
1017 3824 1057 3849 «Ἀ
1086 3829 1159 3851 :zeus
1181 3820 1293 3860 anglus
1309 3819 1388 3852 dicit
1402 3821 1510 3860 negari
1526 3821 1602 3853 huie
1620 3821 1743 3862 synodo
1766 3821 1920 3853 honorem
1939 3829 1958 3852 a
1980 3828 2111 3862 graecae
2127 3819 2282 3852 ecclesiae
2300 3818 2377 3851 filiis
2394 3819 2570 3860 yenumts,
2594 3817 2751 3858 quoipse

498 3876 638 3917 epitheto
655 3875 841 3917 phocianos
859 3874 988 3907 decorat
1063 3891 1081 3900 ψ
1130 3864 1182 3904 ero
1203 3873 1235 3905 id
1259 3874 1391 3906 minime
1414 3874 1588 3915 miramur,
1609 3883 1712 3916 quum
1733 3874 1775 3908 ab
1796 3883 1833 3908 ea
1851 3874 1975 3916 synodo
1997 3873 2161 3916 depositus
2182 3873 2279 3907 fuerit
2299 3873 2433 3906 Photius
2453 3873 2486 3904 ct
2506 3871 2691 3903 damnatus.
