2996 4432
979 283 1148 316 com-aa
1182 282 1420 316 invasoass
1455 283 1550 315 Ere.
1589 285 1676 316 ma.
1716 286 1747 316 1.
2441 273 2508 319 83

236 386 348 419 unus
376 375 535 418 scilieet
564 372 828 430 patriarcha,
860 382 957 414 cum
982 370 1179 426 quolibet
1207 369 1508 427 episcoporum
1539 372 1720 414 concilio
1739 402 1751 424 ,
1773 384 1861 414 non
1891 373 2034 427 potuit
2062 372 2313 428 abrumpere
2332 407 2344 428 ,
2377 374 2511 416 immo

237 460 318 490 nec
343 450 506 490 mutare
530 457 618 488 non
641 443 853 487 obviantia
870 441 972 485 fidei
996 442 1213 498 praedicta
1233 442 1402 485 decreta
1421 446 1667 484 sauctorum
1697 443 1886 498 quinque
1904 445 2240 498 patriarcharum
2270 447 2322 497 1),
2346 445 2511 487 scilicet

238 518 432 572 romani,
465 514 748 568 alexandrini,
779 513 1042 566 antiocheni,
1075 512 1472 569 hierosolymitani,
1507 515 1990 569 constantinopolitani,
2013 520 2062 557 ut
2092 528 2142 558 ex
2171 528 2346 558 numero
2378 529 2509 571 prae-

238 589 366 632 dietis
385 587 560 646 synodis
581 586 779 642 apposito
802 585 945 640 colligi
966 589 1108 640 potest
1131 589 1373 627 sanctorum
1390 584 1558 626 -·MCCL
1601 588 1644 626 et
1664 597 1714 626 eo
1736 585 1916 640 amplius
1938 587 2237 641 episcoporum
2256 601 2266 627 :
2289 591 2358 629 tot
2378 587 2512 642 quip-

239 673 294 716 pe
321 660 519 714 leguntur
559 657 768 713 praefatas
798 658 1122 700 constitutiones
1161 657 1253 699 suis'
1281 655 1547 711 temporibus
1577 657 1797 710 statuisse,
1831 658 1878 699 in
1914 658 2071 712 quibus
2108 671 2196 700 non
2235 658 2513 700 inveniuntur

236 738 467 792 quicquam
498 735 638 789 regiae
669 735 868 790 potestati
897 734 941 776 in
977 732 1231 789 pontificum
1268 733 1471 776 electione
1504 745 1579 775 seu
1610 732 1883 787 promotione
1924 735 2216 788 concessisse,
2258 737 2417 789 immo,
2460 739 2511 777 ut

237 808 507 864 praedictum
537 810 625 860 est,
661 806 979 848 considentibus
1007 818 1104 848 cum
1136 805 1195 848 eis
1229 804 1584 847 christianissimis
1611 805 1940 859 imperatoribus
1969 818 2020 847 ex
2050 819 2137 848 non
2173 806 2507 849 contradicenti-

236 882 347 935 bus,
371 881 574 935 leguntur
606 879 686 922 sub
718 883 924 934 perpetuo
958 878 1220 921 anathemate
1246 877 1442 919 vetuisse.
1474 875 1601 929 Quod
1631 876 1667 918 si
1696 876 1780 918 hoc
1810 877 2114 920 vindicandum
2138 882 2226 932 est,
2259 882 2302 920 et
2328 890 2508 932 graeco-

237 963 334 993 rum
360 951 667 1006 imperatorum
697 949 1002 992 consuetudine
1018 982 1030 1003 ‚
1059 953 1109 990 ut
1133 948 1202 990 vel
1226 960 1276 990 ex
1308 947 1572 990 ambrosiana
1590 978 1602 1001 ,
1626 946 1694 989 vel
1718 959 1768 989 ex
1795 948 2047 1001 gregoriana
2080 947 2284 990 electione
2314 953 2504 1000 constat,

238 1026 290 1063 ut
319 1021 597 1077 praemissum
634 1025 725 1073 est,
759 1019 931 1062 eosdem
961 1019 1242 1074 imperatores
1270 1019 1355 1062 hoc
1381 1019 1498 1061 velut
1523 1020 1616 1061 Deo
1648 1017 1871 1060 adversum
1900 1019 2109 1072 respuisse
2129 1050 2140 1071 ,
2163 1019 2408 1062 eorumdem
2431 1031 2506 1061 ve-

238 1105 291 1136 ro
320 1092 573 1148 pontificum
596 1092 845 1134 electionem
875 1095 917 1133 et
935 1091 1253 1146 promotionem
1285 1095 1462 1133 octavae
1489 1089 1656 1145 synodo
1679 1089 1874 1144 quamvis
1902 1095 2175 1145 praepostere
2205 1091 2502 1135 concordasse.

362 1165 431 1207 12.
463 1165 516 1206 Et
534 1163 726 1219 quamvis
744 1162 966 1205 decretum
987 1162 1041 1204 de
1064 1174 1151 1217 quo
1180 1162 1320 1216 agitur
1335 1194 1347 1215 ,
1371 1173 1396 1203 a
1423 1160 1619 1215 praefatis
1643 1161 1844 1203 ecclesiae
1865 1160 2030 1215 legibus
2057 1162 2226 1216 penitus
2256 1168 2479 1207 enervetur
2495 1196 2508 1218 ‚

239 1235 458 1278 videamus
488 1238 630 1277 tamen
652 1234 792 1277 adhuc
824 1233 927 1289 quid
947 1233 1001 1276 de
1028 1246 1078 1275 eo
1109 1233 1264 1275 iterum
1287 1231 1484 1274 ecclesiae
1512 1235 1555 1273 et
1575 1230 1730 1273 saeculi
1753 1231 1866 1285 leges
1886 1234 2110 1285 censeant,
2139 1235 2188 1273 ut
2212 1233 2379 1286 penitus
2411 1246 2510 1277 eva-

239 1311 408 1349 cuetur.
441 1307 502 1348 Ex
522 1305 689 1360 synodo
714 1318 850 1361 papae
877 1305 1011 1347 Hilari
1042 1317 1136 1359 cap.
1162 1303 1278 1345 ·1111·
1309 1321 1326 1338 «ι
1345 1301 1599 1357 Illudquod
1623 1303 1804 1357 quisque
1831 1301 2054 1357 episeopus
2092 1303 2303 1345 commisit
2331 1304 2506 1359 illicite,

239 1382 315 1420 aut
342 1390 367 1419 a
399 1375 689 1419 decessoribus
721 1376 935 1418 invenitur
965 1375 1193 1418 admissum
1209 1404 1221 1427 ,
1254 1373 1289 1415 si
1309 1373 1535 1428 proprium
1557 1373 1650 1414 vult
1677 1373 1808 1414 vitare
1838 1373 2073 1428 periculum
2090 1404 2102 1426 ,
2138 1373 2382 1416 damnabit:
2409 1388 2509 1417 nam

239 1450 285 1491 in
311 1461 381 1502 se,
414 1447 620 1503 quicquid
642 1449 686 1489 in
717 1448 802 1490 alio
823 1460 911 1489 non
934 1446 1207 1500 resecaverit,
1238 1445 1436 1487 inveniet.
1459 1463 1477 1480 »
1506 1444 1696 1487 Gelasius
1727 1445 1954 1486 Cresconio
1968 1475 1980 1498 ,
2003 1445 2210 1498 Iohanni,
2244 1450 2293 1488 et.
2313 1447 2511 1489 Messalae

237 1517 481 1574 episcopis,
513 1519 624 1560 inter
651 1523 806 1561 cetera.
842 1537 858 1554 «
880 1520 997 1560 Sicut
1026 1517 1402 1573 praedecessorum
1433 1519 1590 1557 statuta
1610 1547 1623 1569 ,
1658 1517 1692 1558 si
1723 1516 1808 1557 sint
1839 1516 2029 1570 legitima
2050 1521 2092 1558 et
2123 1517 2258 1570 iusta,
2292 1530 2510 1560 successo-

241 1602 310 1633 res
343 1588 559 1632 custodire
587 1590 815 1641 convenit,
847 1590 909 1631 ita
941 1588 1099 1631 debent
1131 1589 1258 1630 etiam
1289 1588 1398 1629 male
1425 1587 1535 1630 facta
1566 1578 1795 1642 corrigere.
1821 1607 1838 1624 »
1883 1588 2078 1642 Pelagius
2116 1590 2383 1631 Armentario
2415 1578 2509 1632 ma-

241 1661 377 1716 gistro
396 1660 605 1713 militum,
629 1660 741 1702 inter
768 1665 922 1702 cetera.
959 1679 975 1696 «
992 1662 1228 1715 Postquam
1247 1659 1449 1702 ecclesiae
1470 1660 1565 1701 iura
1588 1659 1942 1704 documentorum
1966 1671 2140 1715 quoque
2162 1660 2511 1703 intercedentium
2566 1646 2581 1668 ’Ἄ

241 1733 415 1775 fuerunt
431 1731 682 1773 auctoritate
701 1730 884 1784 firmata,
905 1731 1145 1773 nullatenus
1172 1730 1226 1773 ab
1249 1731 1314 1773 his
1335 1730 1576 1773 discedendi
1603 1730 1779 1773 liberam
1795 1731 2012 1785 pontifex,
2035 1732 2103 1791 vel
2122 1733 2158 1773 si
2180 1731 2306 1786 velit,
2331 1733 2509 1786 permit-

243 1807 363 1846 tatur
390 1802 550 1844 habere
579 1806 848 1856 potestatem.
875 1822 891 1838 u
928 1802 1166 1845 Hadrianus
1194 1803 1437 1856 Argiramo.
1475 1821 1491 1837 «
1509 1802 1842 1844 Constitutiones
1873 1807 2021 1844 contra
2050 1807 2196 1844 sancta
2226 1803 2396 1846 decreta
2432 1816 2510 1846 ro-

245 1887 472 1919 manorum
501 1874 744 1928 praesulum
775 1873 933 1916 nullius
963 1875 1047 1916 sint
1073 1873 1294 1916 momenti.
1324 1893 1340 1909 »
1377 1874 1605 1927 Gregorius
1627 1874 1671 1915 in
1701 1874 1896 1927 registro.
1934 1892 1950 1908 «
1966 1873 2180 1929 Imperiali
2207 1875 2509 1917 constitutione

244 1951 392 2002 aperte
419 1946 626 1989 sancitum
653 1949 744 1999 est,
779 1949 830 1987 ut
857 1957 906 1987 ea
933 1957 1042 1999 quae
1075 1949 1225 1987 contra
1255 1945 1382 1999 leges*
1401 1944 1511 1986 fiunt
1531 1975 1544 1997 ,
1573 1957 1661 1986 non
1692 1945 1830 1987 solum
1858 1945 2022 1987 inutilia
2038 1975 2050 1998 ,
2082 1944 2157 1987 sed
2179 1946 2305 1987 etiam
2334 1958 2416 2000 pro
2439 1947 2507 1988 in·-

243 2018 365 2060 fectis
393 2016 589 2059 habenda
617 2016 758 2071 sintx»
787 2016 849 2057 Ex
875 2015 1063 2057 romanis
1089 2015 1272 2069 legibus.
1307 2034 1324 2051 α
1342 2015 1394 2058 Id
1417 2019 1582 2058 tantum
1610 2016 1663 2058 de
1683 2028 1801 2058 sacra
1830 2017 2104 2071 responsione
2137 2016 2392 2060 substantiae
2411 2031 2508 2062 mu·-

238 2092 412 2142 tuetur,
448 2086 567 2143 quod
587 2087 726 2142 legum
757 2086 909 2127 auxilia
936 2089 1270 2141 prosequuntur.
1296 2105 1312 2122 »
1338 2088 1399 2128 Ex
1419 2087 1811 2129 constitutionibus.
1845 2106 1861 2122 «ι
1881 2088 1987 2128 item
2015 2089 2208 2141 generale
2238 2092 2509 2143 praeceptum

189 2153 196 2161 ”
244 2158 453 2202 beneficio
488 2158 661 2213 speciali
692 2156 1010 2199 anteferendum
1041 2162 1119 2199 est.
1154 2158 1208 2199 Et
1235 2157 1360 2210 item,
1394 2160 1541 2199 contra
1566 2157 1632 2198 ius
1664 2156 1870 2211 rescripta
1898 2169 1986 2199 non
2008 2157 2201 2211 valeant,
2236 2170 2509 2213 quocumque

244 2230 376 2272 modo
402 2220 815 2283 fuerint'impetrata.
841 2227 966 2280 Quod
990 2228 1119 2270 etiam
1147 2227 1321 2283 publiea
1342 2228 1437 2269 iura
1459 2227 1782 2282 praescribunt,
1813 2228 1947 2281 magis
1974 2228 2093 2283 sequi
2117 2228 2279 2270 iudices
2303 2229 2505 2271 debent.»

246 2303 300 2343 Et
329 2300 455 2342 infra.
495 2319 512 2335 α
531 2299 772 2342 Personalia
802 2300 1008 2353 rescripta
1038 2311 1148 2353 quae
1180 2311 1277 2340 eum
1307 2299 1401 2340 iure
1434 2298 1720 2352 concordant,
1755 2298 1920 2341 valeant
1949 2311 2069 2341 more
2102 2304 2324 2354 veterum3
2361 2305 2403 2342 et
2431 2313 2510 2342 ne-

244 2372 355 2426 gotii
370 2403 383 2426 ,
411 2371 465 2414 de
487 2383 576 2426 quo
603 2370 795 2425 loquitur
811 2374 957 2412 nostra
977 2370 1201 2425 rescriptio
1219 2400 1232 2423 ,
1260 2369 1356 2411 finis
1374 2400 1386 2423 ,
1417 2374 1588 2411 nostrae
1609 2371 1839 2413 sententiae
1861 2371 2051 2412 terminis
2070 2375 2304 2413 censeatur.
2326 2371 2511 2426 Speciale

245 2447 385 2486 autem
402 2473 413 2495 ,
440 2444 476 2484 si
505 2434 610 2497 quid
634 2440 803 2495 legibus
827 2453 876 2482 ac
898 2442 980 2482 iuri
1003 2441 1208 2495 importat
1227 2441 1425 2482 iniuriam
1442 2471 1454 2493 ,
1476 2440 1685 2482 abolitum
1703 2441 1949 2496 extirpetur.
1977 2442 2108 2483 Item:
2131 2441 2202 2484 illa
2224 2454 2342 2484 sacra
2370 2442 2514 2484 unius-

247 2515 453 2568 cuiusque
483 2512 761 2568 supplicantis
787 2511 998 2554 desiderio
1024 2524 1227 2554 concessa
1250 2511 1520 2566 praevaleant
1550 2515 1592 2553 et
1622 2511 1791 2553 effectui
1818 2514 2134 2567 mancipentur,
2163 2525 2272 2567 quae
2293 2525 2391 2555 cum
2409 2514 2513 2556 iuris

247 2589 292 2627 et
316 2585 459 2639 legum
492 2585 656 2626 ratione
685 2583 962 2626 concordant.
982 2584 1042 2625 Ea
1070 2595 1175 2625 vero
1197 2595 1307 2638 quae
1325 2582 1575 2639 subreptitie
1601 2584 1671 2626 vel
1696 2584 1810 2626 falsis
1838 2584 2037 2639 precibus
2061 2584 2236 2627 forsitan
2262 2586 2510 2640 impetrant,

251 2656 417 2698 nullum
448 2655 700 2710 supplicanti
728 2654 865 2696 ferant
893 2653 1144 2696 remedium.

375 2728 443 2769 13.
478 2727 553 2768 His
580 2726 727 2779 itaque
757 2724 945 2767 decursis
970 2729 1115 2779 patet,
1143 2725 1378 2780 praefatum
1400 2725 1616 2768 decretum
1645 2726 1803 2768 nullius
1833 2726 2035 2769 momenti
2063 2739 2151 2769 esse
2167 2756 2179 2780 ,
2214 2739 2292 2769 nec
2321 2738 2510 2782 uuquam

248 2798 411 2854 aliquid
449 2797 603 2840 virium
635 2796 653 2814 *
678 2796 891 2838 habuisse.
926 2792 986 2837 'Et
1025 2795 1130 2838 haec
1168 2796 1336 2849 dicens,
1369 2808 1458 2838 non
1495 2796 1743 2851 praeiudico
1782 2797 1932 2840 beatae
1961 2798 2186 2840 memoriae
2215 2810 2348 2854 papae
2376 2798 2508 2840 Nico-

251 2873 308 2915 lai
326 2903 338 2925 ,
370 2884 451 2914 nec
480 2870 708 2926 quicquam
740 2867 926 2910 eiusdem
954 2867 1116 2920 ,honori
1145 2866 1332 2921 derog0,
1363 2870 1532 2921 patrum
1561 2867 1789 2909 sententias
1814 2867 2072 2922 Deispiritu
2110 2868 2302 2911 conditas
2330 2874 2510 2923 sequena

244 2944 322 2987 do.
355 2944 498 2985 Homo
530 2942 690 2997 quippe
717 2940 829 2992 fuit,
862 2940 987 2994 eique
1015 2942 1064 2981 ut
1094 2943 1243 2980 contra
1271 2938 1335 2980 fas
1365 2942 1535 2992 ageret,
1568 2939 1725 2993 surripi
1756 2939 1915 2993 potuit.
1948 2939 2036 2981 Nec
2064 2939 2218 2981 mirum
2253 2939 2338 2982 hoe
2373 2939 2510 2982 eidem

250 3015 506 3070 contigisse,
531 3025 627 3055 cum
650 3011 826 3066 quidam
855 3011 988 3066 ipsius
1017 3009 1214 3052 decessor
1241 3009 1480 3051 inveniatur
1509 3008 1711 3063 quiddam
1733 3009 1992 3062 decrevisse,
2014 3013 2058 3052 et
2085 3010 2253 3052 meliori
2282 3022 2382 3053 usus
2403 3022 2510 3053 con-

245 3086 343 3128 silio
373 3089 520 3141 postea
548 3085 803 3126 immutasse.
837 3081 1054 3136 Siquidem
1083 3080 1293 3123 secundus
1321 3079 1564 3122 Bonifacius
1583 3080 1741 3135 legitur
1759 3093 1809 3123 ex
1830 3080 2002 3122 decreto
2024 3082 2292 3124 constituisse
2309 3082 2511 3136 Vigilium

251 3157 479 3200 diaconum
509 3154 590 3198 sibi
618 3155 662 3196 in
691 3153 943 3209 pontificatu
973 3152 1223 3205 succedere;
1258 3151 1377 3206 quod
1408 3152 1509 3206 quia
1538 3164 1717 3194 romano
1749 3152 1874 3194 clero'
1894 3152 2032 3194 visum
2062 3156 2126 3195 est
2159 3152 2394 3196 canonibus
2432 3153 2511 3197 ad-

249 3227 411 3270 versari
427 3258 439 3279 ,
471 3230 688 3282 praesente
716 3225 831 3267 clero
862 3224 915 3266 ab
947 3223 1098 3266 eodem
1117 3223 1384 3278 suppositum
1402 3227 1467 3264 est
1484 3223 1571 3279 igni
1594 3228 1691 3265 ante
1712 3223 2016 3265 confessionem
2038 3222 2152 3266 beati
2171 3224 2286 3266 Petri
2308 3225 2507 3280 apostoli.

252 3300 307 3340 Et
340 3302 455 3340 certe
485 3296 702 3352 praefatus
730 3294 930 3337 Nicolaus
960 3293 1106 3336 divino
1136 3298 1254 3336 metu
1285 3306 1515 3336 concussus
1542 3294 1629 3336 hoc
1656 3294 1770 3336 idem
1798 3307 1894 3354 nont
1917 3293 2104 3347 fecisset,
2137 3294 2173 3337 si
2201 3299 2305 3337 tunc
2332 3299 2400 3338 tot
2428 3309 2512 3351 pa-

251 3373 366 3411 trum
396 3368 624 3410 sententias
651 3367 696 3408 in
726 3377 859 3408 unum
890 3365 1089 3407 collectas
1118 3365 1333 3418 scivisset,
1367 3377 1521 3420 easque
1550 3377 1628 3407 suo
1668 3365 1840 3407 decreto
1869 3369 1957 3408 tam
1993 3365 2265 3408 concorditer
2299 3366 2512 3410 adversari

250 3438 560 3494 perpendisset.
594 3439 749 3480 Beatus
768 3448 952 3491 ¹quoque
984 3437 1244 3490 Augustinus
1271 3436 1430 3479 librum
1470 3437 1813 3479 retractationum
1852 3437 2092 3492 composuit
2120 3438 2165 3479 in
2203 3438 2512 3480 correctionem

250 3505 537 3565 eorumquae
567 3509 685 3564 prius
713 3509 881 3550 incaute
913 3506 1163 3562 descripsit3
1197 3511 1240 3549 et
1268 3511 1317 3550 ut
1345 3507 1494 3549 itidem
1525 3507 1706 3562 quisque
1735 3508 1900 3563 sapiens
1927 3507 2053 3550 faciat
2068 3539 2081 3562 ,
2112 3508 2180 3551 his
2214 3508 2356 3550 verbis
2386 3521 2508 3551 com-

252 3628 268 3642 »ι
294 3615 345 3646 ius
364 3622 463 3655 super
483 3613 675 3645 electionem
695 3612 766 3645 sive
786 3611 1064 3644 confirmationem
1087 3620 1296 3644 romanorum
1317 3611 1513 3644 Pontificum
1527 3635 1538 3652 ,
1558 3620 1633 3644 cum
1653 3612 1720 3644 tam
1741 3611 1776 3643 in
1797 3611 1948 3644 orientali
1968 3621 2067 3654 quam
2089 3611 2282 3645 occidentali
2303 3611 2438 3644 ecclesia
2457 3620 2508 3644 sa-

253 3681 269 3695 »
293 3668 357 3700 cris
379 3666 592 3699 conciliorum
619 3666 779 3707 decretis,
801 3665 836 3698 id
865 3673 931 3698 non
959 3673 1028 3698 esse
1053 3673 1242 3698 concessum
1270 3665 1361 3698 laicis
1389 3664 1589 3706 principibus
1604 3689 1615 3706 ,
1636 3672 1696 3697 nec
1716 3665 1750 3696 in
1772 3665 1954 3698 minoribus
1981 3666 2240 3708 episcopatibus,
2269 3665 2341 3697 iura
2366 3673 2450 3705 quae
2469 3665 2513 3698 ci·

234 3732 268 3749 ὐ
291 3723 340 3754 tat
361 3720 573 3753 admoneant:
597 3719 685 3761 quod
713 3721 840 3752 tantum
867 3719 1248 3761 occasioneschismatis
1274 3719 1454 3760 ingruentis
1481 3719 1588 3750 visum
1614 3718 1657 3751 sit
1683 3718 1859 3760 aliquando
1888 3722 2081 3761 usurpatum
2108 3719 2314 3760 exemplum,
2335 3718 2511 3751 toleratum

253 3789 269 3803 n
293 3783 390 3815 vero,
413 3774 494 3806 dum
516 3773 614 3807 iidem
638 3774 797 3815 potestate
818 3773 905 3814 regia
926 3773 1010 3805 hanc
1029 3772 1137 3805 subire
1157 3773 1347 3805 servitutem
1369 3773 1435 3805 sint
1457 3772 1560 3804 coacti
1586 3771 1769 3806 Pontifices.
1784 3785 1800 3800 ν
1822 3775 1973 3805 Amatam
1994 3774 2077 3806 hanc
2103 3772 2355 3805 controversiam
2379 3772 2511 3804 memini

248 3838 303 3862 ine
326 3829 428 3870 {egere
444 3828 500 3859 diu
516 3827 706 3868 tractatam,
725 3835 791 3859 non
806 3826 878 3859 sine
893 3826 1021 3867 naevis,
1037 3826 1125 3867 apud
1138 3826 1298 3859 ineditum
1315 3835 1447 3867 quoque
1461 3825 1622 3866 onuphrii
1635 3825 1784 3859 Panvinii
1802 3835 1883 3867 opus
1896 3826 1938 3859 de
1952 3827 2043 3859 varia
2060 3826 2197 3859 election
2212 3834 2313 3858 erom.
2331 3824 2508 3857 Pontificis.

372 3882 400 3915 ι)
420 3881 550 3914 Dictum
573 3881 635 3914 boe
655 3880 796 3922 glossam
817 3879 1009 3913 canonicam
1027 3879 1190 3921 postulare
1211 3879 1362 3920 videtur,
1384 3888 1468 3920 quae
1490 3879 1602 3920 paucis
1623 3878 1694 3911 heic
1714 3878 1823 3912 verbis
1843 3879 2071 3922 comprehendi
2086 3878 2209 3921 nequit.

2334 3942 2353 3959 ι

2551 2097 2620 2128 eod.
2639 2099 2661 2128 f.
2681 2103 2742 2129 117.

2551 2809 2563 2823 ⁴
2578 2809 2646 2840 cod.
2666 2809 2796 2840 iurium.
