2996 4432
0 1548 9 1670 -,—.-„„-„-.-
0 1471 10 1538 ··-12-=
3 1448 5 1450 .

1272 261 1513 293 Bomzoms.
2461 250 2525 297 59

259 363 480 426 propter
513 349 759 424 quisquis
788 365 820 400 a
850 346 1014 418 gratia
1050 346 1149 398 Dei
1184 363 1297 398 non
1321 345 1436 397 vult
1465 335 1580 396 fieri
1615 346 1851 409 alienus,
1888 346 2103 417 regibus
2134 365 2245 399 non
2272 347 2522 400 moliatur

256 435 472 488 insidias
491 476 505 500 ,
550 432 779 506 gaudeat
820 430 922 483 sub
963 429 1152 493 boniS,
1193 428 1577 500 aequanimiter
1611 429 1799 481 toleret
1834 430 2029 498 malos,-
2083 442 2136 482 et
2185 431 2413 492 cuiusvis
2454 433 2522 484 sit

256 519 526 589 religionis
561 517 643 569 vel
680 513 911 577 ordinis,
952 531 1066 565 non
1102 511 1427 583 dedigneturv
1451 510 1649 563 tributa
1685 523 1980 582 praestare;
2021 524 2074 565 et
2109 514 2395 584 praecipue
2431 534 2519 568 ro-

256 620 442 655 manae
477 601 554 652 rei
590 598 842 670 publicae
875 596 1241 669 principibUS,
1285 594 1572 648 sub‘cuius
1607 595 1832 664 imperio
1861 607 1913 647 et
1943 595 2183 648 Christus
2219 607 2375 650 natus
2410 610 2515 663 est;

259 684 412 736 cuius
446 693 692 754 parentes
716 680 919 733 tributa
949 680 1241 742 solventes,
1269 679 1346 730 rei
1370 677 1616 749 publicae
1654 676 2051 747 quodammodo
2078 678 2348 732 adiutores
2384 682 2520 733 exti-

252 777 385 818 tere.
419 766 637 836 Quippe
669 775 722 815 et
747 762 989 815 Christus
1024 761 1230 814 iuvenis
1265 760 1437 813 factus
1455 800 1470 824 ,
1510 777 1619 812 non
1651 759 1964 831 dedignatus
2002 772 2080 813 est
2118 781 2219 833 pro
2257 781 2312 815 se
2339 774 2391 815 et
2416 783 2517 834 pro

255 850 411 901 Petro
447 849 650 900 solvere
688 846 970 899 tributum.
1010 845 1082 897 Ut
1123 864 1245 897 cum
1276 845 1363 897 ille
1398 844 1658 896 tributum
1690 843 1884 907 solvit,
1922 844 2020 914 qui
2056 863 2216 916 supra
2256 845 2520 898 mundum

254 944 400 998 erat,
441 944 494 983 et
520 926 579 984 'in
615 929 819 983 mundo
868 930 943 982 nil
992 927 1327 1001 possidebat,
1377 926 1708 998 superfluum
1753 927 1821 979 sit
1868 926 2086 979 omnino
2133 927 2215 980 his
2263 929 2519 982 rebellare

251 1016 467 1086 regibus
491 1057 504 1080 ,
538 1015 633 1086 qui
662 1015 719 1067 in
749 1012 955 1066 mundo
978 1011 1227 1066 ⁴habitant
1252 1023 1306 1064 et
1335 1010 1607 1075 mundana
1635 1009 1954 1063 desiderant.
1984 1009 2088 1063 Sed
2118 1030 2217 1063 nec
2236 1012 2339 1064 hoc
2363 1031 2517 1083 prae-

250 1098 572 1152 tereundum
603 1098 852 1151 arbitror.
904 1097 1121 1164 Quanta
1155 1094 1492 1168 providentia
1538 1095 1638 1147 Dei
1683 1094 1831 1148 bona
1874 1106 2126 1164 regantur
2174 1095 2520 1166 imperatores

251 1181 667 1245 aestimandum‘,
708 1200 829 1234 cum
859 1179 926 1232 de
963 1191 1133 1232 morte
1169 1179 1454 1250 impiorum
1478 1190 1531 1231 et
1562 1179 1818 1232 elementa
1847 1179 2080 1249 legamus
2115 1177 2392 1232 maledicta
2417 1199 2430 1244 ;
2459 1191 2519 1231 ut

256 1284 357 1336 pro
394 1263 564 1316 Saulis
588 1275 793 1316 montes
817 1263 1056 1327 Gelb0e'3
1086 1273 1138 1314 et
1170 1282 1272 1334 pro
1301 1263 1615 1325 Caesarum,
1656 1275 1794 1315 astra
1833 1264 1962 1315 caeli
1993 1263 2302 1327 obscurata,
2338 1264 2520 1316 lunam

250 1360 304 1402 et
329 1349 491 1401 solem
515 1347 795 1400 retraxisse
818 1347 1017 1398 lumen.
1045 1346 1150 1399 Sed
1178 1357 1229 1398 et
1253 1358 1483 1399 cometas
1507 1345 1735 1398 vidimus
1772 1347 1829 1398 in
1866 1346 2021 1398 caelis
2057 1365 2205 1417 reges
2242 1365 2517 1418 regnaque

251 1442 533 1483 mutantes,
576 1431 657 1482 Ne
694 1447 821 1482 vero
851 1430 909 1481 in
945 1429 1163 1500 longum
1198 1430 1546 1502 protrahatur
1577 1430 1854 1502 paginula,
1895 1429 2029 1502 quid
2053 1431 2220 1482 sancti
2245 1442 2422 1501 patres
2448 1429 2517 1483 de

252 1514 415 1585 regali
455 1514 709 1586 dignitate
756 1512 1050 1578 senserint,
1089 1512 1156 1565 ad
1193 1511 1425 1565 medium
1461 1513 1826 1576 introducam,
1878 1531 1947 1565 ne
1981 1512 2303 1584 quibusdam
2337 1512 2518 1566 videar

251 1595 323 1648 ad
352 1597 763 1658 libitummeum
793 1595 1056 1667 inflexisse
1080 1596 1382 1667 scripturas,

301 1731 576 1793 Sequuntur
608 1727 923 1775 auctoritates
956 1727 1123 1776 variae
1157 1727 1380 1792 Gregorii
1410 1729 1529 1779 ΡΡ.,
1568 1727 1889 1779 Nazianzeni,
1928 1728 2211 1792 Augustini,
2251 1728 2446 1776 Isidori.

943 1803 1129 1851 Deinde
1160 1804 1230 1851 sie
1258 1804 1566 1868 prosequitur
1597 1804 1796 1852 Bonim.

362 1948 480 2000 ¹29·
532 1928 774 1980 Iudicum
822 1928 909 1981 alii
956 1938 1082 1980 sunt
1126 1927 1348 1998 palatini
1399 1946 1537 1997 quos
1584 1926 1884 1979 ordinarios
1925 1947 2203 1991 vocamuS,
2259 1930 2347 1981 alii
2387 1948 2515 1981 con-

247 2011 386 2063 sules
422 2011 693 2064 distributi
728 2030 826 2083 per
862 2010 1151 2075 iudicatus,
1193 2010 1281 2062 alii
1315 2009 1542 2081 pedanei
1576 2030 1607 2062 a
1643 2010 1951 2063 consulibus
1987 2013 2165 2063 creati.
2207 2012 2269 2064 In
2293 2031 2513 2066 romano

244 2113 372 2146 vero
409 2095 652 2165 imperi0‚
694 2106 747 2147 et
782 2095 839 2145 in
875 2113 1094 2147 romana
1129 2112 1300 2165 usque
1338 2093 1498 2146 hodie
1534 2094 1748 2146 ecclesia
1785 2107 1983 2165 septem
2020 2106 2144 2148 sunt
2179 2094 2381 2148 iudices
2418 2116 2514 2168 pa-

246 2178 425 2241 latini,
465 2179 562 2249 qui
598 2177 853 2230 ordinarii
891 2178 1268 2244 nominantur,
1310 2178 1405 2248 qui
1440 2177 1694 2230 ordinant
1728 2177 2130 2249 Imperatorem,
2181 2191 2233 2230 et
2269 2198 2388 2231 cum
2426 2199 2514 2232 ro-

218 2262 412 2314 *manis
446 2262 647 2314 clericis
683 2262 886 2331 eligunt
922 2262 1147 2333 Papam,
1188 2280 1423 2334 quorum
1460 2261 1678 2313 nomina
1714 2261 1846 2312 haec
1891 2272 2034 2312 sunt.
2085 2262 2290 2314 Primus
2333 2264 2514 2333 primi-

245 2346 433 2397 cerius,
474 2343 749 2397 Secundus
785 2345 880 2416 qui
916 2344 1114 2397 dicitur
1149 2343 1570 2407 secundiceriUS‚
1612 2344 1708 2415 qui
1744 2344 1811 2396 ab
1848 2344 1975 2415 ipsis
2011 2344 2196 2398 officiis
2220 2365 2415 2398 nomen
2440 2366 2518 2400 ac-

247 2428 474 2498 cipiunt.
516 2428 587 2478 Hi
622 2426 810 2480 dextra
845 2428 1099 2500 laevaque
1123 2429 1376 2484 vallantes
1410 2429 1812 2499 Imperatorem,
1853 2428 2248 2499 quodammodo
2282 2449 2402 2482 cum
2426 2431 2516 2483 illo

245 2510 495 2563 videntur
531 2528 777 2580 regnare,
817 2511 930 2562 sine
969 2511 1170 2582 quibus
1206 2511 1410 2583 aliquid
1445 2511 1622 2582 magni
1657 2530 1769 2563 non
1806 2523 1982 2581 potest
2007 2513 2325 2564 constituere
2356 2514 2518 2584 Impe-

245 2605 410 2646 rator.
450 2593 554 2645 Sed
590 2605 642 2645 et
677 2595 732 2646 in
769 2613 987 2646 romana
1023 2593 1237 2647 ecclesia
1272 2596 1329 2647 in
1365 2595 1614 2647 omnihus
1645 2595 2079 2666 'processionibus
2105 2596 2392 2648 manuatim
2418 2596 2518 2648 du-

243 2688 375 2729 cunt
417 2678 640 2747 Papam,
681 2675 992 2728 cedentibus
1027 2678 1289 2749 episcopis
1323 2689 1377 2730 et
1412 2679 1598 2730 ceteris
1633 2679 1995 2749 magnatibus;
2046 2691 2099 2731 et
2134 2679 2191 2731 in
2227 2679 2516 2732 maioribus

242 2760 608 2813 festivitatibus
645 2771 883 2811 octavam
919 2778 1081 2831 super
1117 2779 1300 2812 omnes
1336 2761 1613 2832 episcopos
1635 2762 1819 2830 legunt
1853 2761 2149 2814 lectionem.
2192 2763 2401 2814 Tertius
2437 2775 2546 2815 est*

242 2845 507 2909 arcariuS,
548 2844 644 2915 qui
678 2855 888 2914 praeest
922 2843 1152 2896 tributis.
1193 2844 1429 2910 Quartus
1464 2844 1786 2907 sacellarius,
1815 2845 1911 2915 qui
1937 2844 2197 2916 stipendia
2222 2857 2402 2916 erogat
2426 2847 2515 2897 mi-

242 2928 449 2993 litibus,
490 2939 543 2979 et
577 2929 775 2979 Romae
811 2926 1033 2978 sabbato
1070 2927 1447 2979 scrutiniorum
1484 2926 1576 2979 dat
1611 2928 2020 2998 eleemosynam,
2062 2940 2112 2980 et
2147 2930 2378 2983 romanis
2411 2930 2515 3001 epi-

242 3013 415 3084 scopis
436 3053 449 3077 ,
489 3022 543 3063 et
576 3011 802 3074 clericis,
843 3022 895 3062 et
934 3009 1189 3061 ordinatis
1224 3010 1348 3061 viris
1382 3010 1604 3080 largitur
1638 3011 1985 3081 presbyteria.
2022 3012 2258 3077 Quintus
2284 3024 2362 3064 est
2386 3031 2514 3083 pro-

239 3106 351 3158 ωε,
393 3095 488 3165 qui
523 3105 730 3164 praeest
765 3093 1076 3158 scriniariiS,
1118 3111 1256 3163 quos
1292 3111 1391 3144 nos
1427 3093 1738 3146 tabelliones
1763 3113 2029 3147 vocamus.
2069 3094 2258 3147 Sextus
2294 3107 2372 3147 est
2409 3097 2514 3166 pri-

240 3198 359 3230 mus
379 3176 645 3240 defensor,
675 3178 771 3248 qui
794 3187 1002 3247 praeest
1030 3175 1401 3228 defensoribus
1418 3217 1431 3240 ,
1458 3166 1594 3248 quos
1619 3196 1715 3228 nos
1740 3176 2022 3230 advocatos
2041 3179 2394 3231 nominamus.
2425 3178 2515 3231 Se—

240 3261 437 3332 ptimus
478 3259 914 3324 adminiculator,
961 3258 1293 3311 intercedens
1328 3278 1428 3330 pro
1470 3259 1686 3330 pupillis
1722 3271 1776 3312 et
1814 3260 2020 3323 viduiS,
2069 3279 2170 3331 pro
2214 3260 2420 3314 afflictis
2461 3274 2514 3314 et

241 3343 475 3415 captivis,
517 3344 586 3394 Hi
623 3361 723 3414 pro
760 3342 1119 3395 criminalibus
1155 3361 1268 3394 non
1305 3341 1571 3406 iudicant,
1613 3361 1712 3395 nec
1747 3344 1805 3394 in
1829 3361 2152 3414 quemquam
2185 3344 2512 3396 mortiferam

243 3426 446 3478 dictant
482 3426 823 3488 sententiam,
865 3437 917 3478 et
954 3427 1149 3477 Romae
1185 3425 1359 3477 elerici
1395 3436 1520 3477 sunt
1553 3424 1622 3477 ad
1653 3426 1828 3478 nullos
1861 3445 2116 3497 umquam
2141 3426 2271 3478 alios
2297 3426 2513 3478 ordines

240 3507 611 3579 promovendi.
652 3508 758 3559 Alii
794 3526 921 3559 vero
958 3508 1053 3578 qui
1100 3506 1356 3559 dicuntur
1394 3509 1666 3572 consules,
1715 3507 1979 3561 iudicatus
2025 3521 2246 3579 regunt,
2295 3520 2346 3560 et
2391 3527 2511 3560 reos

239 3590 444 3661 legibus
481 3591 744 3662 puniunt,
784 3601 836 3643 et
871 3609 972 3662 pro
1010 3591 1265 3660 qualitate
1300 3590 1579 3642 criminum
1615 3591 1674 3642 in
1710 3591 1900 3643 noxios
1941 3590 2144 3644 dictant
2178 3591 2504 3643 sententiam.

237 3673 485 3724 *Ceterum
522 3684 806 3744 postquam
842 3674 1073 3743 peccatis
1109 3673 1304 3724 nostris
1339 3672 1668 3743 exigentibus
1710 3691 1987 3726 romanum
2025 3673 2303 3745 imperium
2328 3673 2511 3725 barba-

244 3773 425 3818 rorum
462 3756 634 3826 patuit
669 3755 854 3826 gladiis
890 3753 1217 3820 feriendum,
1245 3773 1490 3808 romanas
1512 3756 1653 3828 leges
1678 3757 1891 3828 penitus
1921 3759 2226 3829 ignorantes
2256 3756 2510 3808 illitterati

242 3855 303 3889 ac
330 3837 546 3891 barbari
581 3838 798 3911 iudices·
818 3840 944 3910 legis
978 3839 1177 3910 peritos
1211 3839 1269 3892 in
1302 3839 1471 3912 legem
1507 3852 1751 3913 cogentes
1787 3842 1990 3909 iurare,
2019 3840 2216 3895 iudices
2242 3858 2503 3907 creavere,

2562 1927 2631 1981 coh.
2651 1951 2673 1981 s.
2693 1955 2738 1982 58.
2753 1957 2786 1984 a.
