<?xml version="1.0" encoding="UTF-8"?>
<!DOCTYPE html PUBLIC "-//W3C//DTD XHTML 1.0 Transitional//EN"
    "http://www.w3.org/TR/xhtml1/DTD/xhtml1-transitional.dtd">
<html xmlns="http://www.w3.org/1999/xhtml" xml:lang="en" lang="en">
 <head>
  <title>
</title>
<meta http-equiv="Content-Type" content="text/html;charset=utf-8" />
  <meta name='ocr-system' content='tesseract 3.04.00' />
  <meta name='ocr-capabilities' content='ocr_page ocr_carea ocr_par ocr_line ocrx_word'/>
</head>
<body>
  <div class='ocr_page' id='page_1' title='image "./novaepatrumbibli07maiauoft/novaepatrumbibli07maiauoft_0838.png"; bbox 0 0 2996 4432; ppageno 0'>
   <div class='ocr_carea' id='block_1_1' title="bbox 228 867 420 898">
    <p class='ocr_par' dir='ltr' id='par_1_1' title="bbox 228 867 420 898">
     <span class='ocr_line' id='line_1_1' title="bbox 228 867 420 898; baseline 0 -1"><span class='ocrx_word' id='word_1_1' title='bbox 228 868 301 898; x_wconf 78' lang='lat' dir='ltr'>cod.</span> <span class='ocrx_word' id='word_1_2' title='bbox 320 867 343 897; x_wconf 80' lang='lat' dir='ltr'>t.</span> <span class='ocrx_word' id='word_1_3' title='bbox 360 871 420 898; x_wconf 87' lang='lat'>121.</span> 
     </span>
    </p>
   </div>
   <div class='ocr_carea' id='block_1_2' title="bbox 244 3230 435 3261">
    <p class='ocr_par' dir='ltr' id='par_1_2' title="bbox 244 3230 435 3261">
     <span class='ocr_line' id='line_1_2' title="bbox 244 3230 435 3261; baseline -0.005 -1"><span class='ocrx_word' id='word_1_4' title='bbox 244 3230 313 3261; x_wconf 75' lang='lat' dir='ltr'>cod.</span> <span class='ocrx_word' id='word_1_5' title='bbox 331 3230 352 3261; x_wconf 80' lang='lat' dir='ltr'>t.</span> <span class='ocrx_word' id='word_1_6' title='bbox 376 3233 435 3260; x_wconf 83' lang='lat'><strong>122.</strong></span> 
     </span>
    </p>
   </div>
   <div class='ocr_carea' id='block_1_3' title="bbox 469 269 2202 314">
    <p class='ocr_par' dir='ltr' id='par_1_3' title="bbox 469 269 2202 314">
     <span class='ocr_line' id='line_1_3' title="bbox 469 269 2202 314; baseline 0.001 -7"><span class='ocrx_word' id='word_1_7' title='bbox 469 269 529 314; x_wconf 78' lang='grc'>86</span> <span class='ocrx_word' id='word_1_8' title='bbox 994 274 1124 308; x_wconf 83' lang='lat' dir='ltr'>CARD.</span> <span class='ocrx_word' id='word_1_9' title='bbox 1162 274 1404 307; x_wconf 87' lang='lat' dir='ltr'>DEUSDEDIT</span> <span class='ocrx_word' id='word_1_10' title='bbox 1438 275 1608 308; x_wconf 77' lang='lat' dir='ltr'>CONTRA</span> <span class='ocrx_word' id='word_1_11' title='bbox 1642 275 1881 308; x_wconf 80' lang='lat' dir='ltr'>INVASORES</span> <span class='ocrx_word' id='word_1_12' title='bbox 1915 275 2011 310; x_wconf 81' lang='lat' dir='ltr'>ETc.</span> <span class='ocrx_word' id='word_1_13' title='bbox 2049 276 2138 309; x_wconf 79' lang='lat' dir='ltr'>Lm.</span> <span class='ocrx_word' id='word_1_14' title='bbox 2168 277 2202 309; x_wconf 88' lang='lat'>1.</span> 
     </span>
    </p>
   </div>
   <div class='ocr_carea' id='block_1_4' title="bbox 464 361 2742 1561">
    <p class='ocr_par' dir='ltr' id='par_1_4' title="bbox 464 361 2742 1060">
     <span class='ocr_line' id='line_1_4' title="bbox 468 361 2742 419; baseline 0 -10"><span class='ocrx_word' id='word_1_15' title='bbox 468 366 692 409; x_wconf 87' lang='lat' dir='ltr'>versalium</span> <span class='ocrx_word' id='word_1_16' title='bbox 717 361 986 419; x_wconf 86' lang='lat' dir='ltr'>synodorum</span> <span class='ocrx_word' id='word_1_17' title='bbox 1016 362 1378 417; x_wconf 79' lang='lat' dir='ltr'><strong>promulgaretur.</strong></span> <span class='ocrx_word' id='word_1_18' title='bbox 1412 362 1526 405; x_wconf 87' lang='lat' dir='ltr'>Haec</span> <span class='ocrx_word' id='word_1_19' title='bbox 1565 363 1725 418; x_wconf 87' lang='lat' dir='ltr'>quippe</span> <span class='ocrx_word' id='word_1_20' title='bbox 1761 362 1917 416; x_wconf 90' lang='lat' dir='ltr'>docet,</span> <span class='ocrx_word' id='word_1_21' title='bbox 1946 362 2064 406; x_wconf 88' lang='lat' dir='ltr'>hunc</span> <span class='ocrx_word' id='word_1_22' title='bbox 2103 376 2191 407; x_wconf 90' lang='lat' dir='ltr'>esse</span> <span class='ocrx_word' id='word_1_23' title='bbox 2220 363 2429 407; x_wconf 76' lang='lat' dir='ltr'>honorem</span> <span class='ocrx_word' id='word_1_24' title='bbox 2446 397 2457 419; x_wconf 91' lang='lat'>,</span> <span class='ocrx_word' id='word_1_25' title='bbox 2493 364 2600 409; x_wconf 91' lang='lat' dir='ltr'>hanc</span> <span class='ocrx_word' id='word_1_26' title='bbox 2649 379 2742 410; x_wconf 87' lang='lat' dir='ltr'>esse</span> 
     </span>
     <span class='ocr_line' id='line_1_5' title="bbox 468 432 2737 492; baseline 0.001 -13"><span class='ocrx_word' id='word_1_27' title='bbox 468 437 710 479; x_wconf 82' lang='lat' dir='ltr'>libertatem</span> <span class='ocrx_word' id='word_1_28' title='bbox 737 438 904 477; x_wconf 76' lang='lat' dir='ltr'>sanctae</span> <span class='ocrx_word' id='word_1_29' title='bbox 933 433 1133 476; x_wconf 88' lang='lat' dir='ltr'>ecclesiae</span> <span class='ocrx_word' id='word_1_30' title='bbox 1163 432 1325 475; x_wconf 90' lang='lat' dir='ltr'>clerum</span> <span class='ocrx_word' id='word_1_31' title='bbox 1354 432 1514 475; x_wconf 89' lang='lat' dir='ltr'>scilicet</span> <span class='ocrx_word' id='word_1_32' title='bbox 1543 433 1729 476; x_wconf 88' lang='lat' dir='ltr'>eiusdem</span> <span class='ocrx_word' id='word_1_33' title='bbox 1759 433 2054 490; x_wconf 82' lang='lat' dir='ltr'>populumque</span> <span class='ocrx_word' id='word_1_34' title='bbox 2089 436 2259 478; x_wconf 89' lang='lat' dir='ltr'>sibimet</span> <span class='ocrx_word' id='word_1_35' title='bbox 2287 432 2537 492; x_wconf 83' lang='lat' dir='ltr'>pontificem</span> <span class='ocrx_word' id='word_1_36' title='bbox 2576 437 2737 482; x_wconf 86' lang='lat' dir='ltr'>debere</span> 
     </span>
     <span class='ocr_line' id='line_1_6' title="bbox 469 504 2738 563; baseline 0 -12"><span class='ocrx_word' id='word_1_37' title='bbox 469 509 642 563; x_wconf 83' lang='lat' dir='ltr'>eligere.</span> <span class='ocrx_word' id='word_1_38' title='bbox 676 508 793 550; x_wconf 76' lang='lat' dir='ltr'>Haec</span> <span class='ocrx_word' id='word_1_39' title='bbox 821 506 866 549; x_wconf 88' lang='lat' dir='ltr'>in</span> <span class='ocrx_word' id='word_1_40' title='bbox 896 505 1128 558; x_wconf 85' lang='lat' dir='ltr'>electione,</span> <span class='ocrx_word' id='word_1_41' title='bbox 1161 517 1375 548; x_wconf 89' lang='lat' dir='ltr'>canonum</span> <span class='ocrx_word' id='word_1_42' title='bbox 1404 508 1561 548; x_wconf 87' lang='lat' dir='ltr'>statuta</span> <span class='ocrx_word' id='word_1_43' title='bbox 1591 504 1799 548; x_wconf 88' lang='lat' dir='ltr'>servanda</span> <span class='ocrx_word' id='word_1_44' title='bbox 1828 517 1916 547; x_wconf 91' lang='lat' dir='ltr'>csse</span> <span class='ocrx_word' id='word_1_45' title='bbox 1945 511 2277 550; x_wconf 80' lang='lat' dir='ltr'>commemorat:</span> <span class='ocrx_word' id='word_1_46' title='bbox 2313 507 2418 550; x_wconf 90' lang='lat' dir='ltr'>haec</span> <span class='ocrx_word' id='word_1_47' title='bbox 2457 508 2738 552; x_wconf 79' lang='lat' dir='ltr'>simoniacam</span> 
     </span>
     <span class='ocr_line' id='line_1_7' title="bbox 469 576 2742 639; baseline -0.001 -15"><span class='ocrx_word' id='word_1_48' title='bbox 469 581 676 624; x_wconf 83' lang='lat' dir='ltr'>haeresim</span> <span class='ocrx_word' id='word_1_49' title='bbox 704 576 975 634; x_wconf 82' lang='lat' dir='ltr'>prohibendo</span> <span class='ocrx_word' id='word_1_50' title='bbox 1006 577 1255 639; x_wconf 86' lang='lat' dir='ltr'>impugnat:</span> <span class='ocrx_word' id='word_1_51' title='bbox 1279 576 1385 619; x_wconf 91' lang='lat' dir='ltr'>haec</span> <span class='ocrx_word' id='word_1_52' title='bbox 1407 577 1516 619; x_wconf 86' lang='lat' dir='ltr'>vitae</span> <span class='ocrx_word' id='word_1_53' title='bbox 1545 577 1744 619; x_wconf 90' lang='lat' dir='ltr'>meritum</span> <span class='ocrx_word' id='word_1_54' title='bbox 1767 580 1810 618; x_wconf 91' lang='lat' dir='ltr'>et</span> <span class='ocrx_word' id='word_1_55' title='bbox 1830 576 2081 631; x_wconf 80' lang='lat' dir='ltr'>sapientiam</span> <span class='ocrx_word' id='word_1_56' title='bbox 2103 578 2147 620; x_wconf 92' lang='lat' dir='ltr'>in</span> <span class='ocrx_word' id='word_1_57' title='bbox 2165 580 2347 634; x_wconf 87' lang='lat' dir='ltr'>pastoris</span> <span class='ocrx_word' id='word_1_58' title='bbox 2375 579 2579 622; x_wconf 85' lang='lat' dir='ltr'>electione</span> <span class='ocrx_word' id='word_1_59' title='bbox 2605 592 2742 634; x_wconf 91' lang='lat' dir='ltr'>quac-</span> 
     </span>
     <span class='ocr_line' id='line_1_8' title="bbox 467 647 2732 714; baseline -0.001 -19"><span class='ocrx_word' id='word_1_60' title='bbox 467 652 639 695; x_wconf 81' lang='lat' dir='ltr'>r-endam</span> <span class='ocrx_word' id='word_1_61' title='bbox 667 650 964 714; x_wconf 67' lang='lat' dir='ltr'>demonstrat:</span> <span class='ocrx_word' id='word_1_62' title='bbox 1000 652 1043 691; x_wconf 90' lang='lat' dir='ltr'>et</span> <span class='ocrx_word' id='word_1_63' title='bbox 1073 648 1193 704; x_wconf 91' lang='lat' dir='ltr'>quod</span> <span class='ocrx_word' id='word_1_64' title='bbox 1221 649 1376 691; x_wconf 92' lang='lat' dir='ltr'>mirum</span> <span class='ocrx_word' id='word_1_65' title='bbox 1405 653 1467 690; x_wconf 93' lang='lat' dir='ltr'>est</span> <span class='ocrx_word' id='word_1_66' title='bbox 1486 678 1498 701; x_wconf 94' lang='lat'>,</span> <span class='ocrx_word' id='word_1_67' title='bbox 1529 647 1772 690; x_wconf 89' lang='lat' dir='ltr'>brevissime</span> <span class='ocrx_word' id='word_1_68' title='bbox 1801 647 1970 690; x_wconf 89' lang='lat' dir='ltr'>videtur</span> <span class='ocrx_word' id='word_1_69' title='bbox 1998 652 2172 703; x_wconf 87' lang='lat' dir='ltr'>tangere</span> <span class='ocrx_word' id='word_1_70' title='bbox 2190 680 2202 702; x_wconf 93' lang='lat'><strong><em>‚</em></strong></span> <span class='ocrx_word' id='word_1_71' title='bbox 2235 650 2355 705; x_wconf 91' lang='lat' dir='ltr'>quod</span> <span class='ocrx_word' id='word_1_72' title='bbox 2390 650 2541 693; x_wconf 89' lang='lat' dir='ltr'>beatus</span> <span class='ocrx_word' id='word_1_73' title='bbox 2571 652 2732 705; x_wconf 86' lang='lat' dir='ltr'>Grego-</span> 
     </span>
     <span class='ocr_line' id='line_1_9' title="bbox 465 717 2735 776; baseline -0 -10"><span class='ocrx_word' id='word_1_74' title='bbox 465 725 554 766; x_wconf 86' lang='lat' dir='ltr'>rius</span> <span class='ocrx_word' id='word_1_75' title='bbox 575 723 721 766; x_wconf 84' lang='lat' dir='ltr'>scribit</span> <span class='ocrx_word' id='word_1_76' title='bbox 742 721 796 764; x_wconf 92' lang='lat' dir='ltr'>de</span> <span class='ocrx_word' id='word_1_77' title='bbox 818 719 1049 776; x_wconf 89' lang='lat' dir='ltr'>pontifice,</span> <span class='ocrx_word' id='word_1_78' title='bbox 1082 720 1242 762; x_wconf 88' lang='lat' dir='ltr'>scilicet</span> <span class='ocrx_word' id='word_1_79' title='bbox 1271 723 1319 762; x_wconf 92' lang='lat' dir='ltr'>ut</span> <span class='ocrx_word' id='word_1_80' title='bbox 1349 720 1529 774; x_wconf 90' lang='lat' dir='ltr'>quisque</span> <span class='ocrx_word' id='word_1_81' title='bbox 1557 717 1821 774; x_wconf 84' lang='lat' dir='ltr'>perpendere</span> <span class='ocrx_word' id='word_1_82' title='bbox 1851 718 2029 774; x_wconf 90' lang='lat' dir='ltr'>debeat,</span> <span class='ocrx_word' id='word_1_83' title='bbox 2064 720 2244 775; x_wconf 85' lang='lat' dir='ltr'>qualiter</span> <span class='ocrx_word' id='word_1_84' title='bbox 2261 721 2316 763; x_wconf 92' lang='lat' dir='ltr'>ad</span> <span class='ocrx_word' id='word_1_85' title='bbox 2335 722 2631 776; x_wconf 84' lang='lat' dir='ltr'>pontificatum</span> <span class='ocrx_word' id='word_1_86' title='bbox 2659 735 2735 765; x_wconf 86' lang='lat' dir='ltr'>ve-</span> 
     </span>
     <span class='ocr_line' id='line_1_10' title="bbox 466 788 2735 849; baseline -0.001 -11"><span class='ocrx_word' id='word_1_87' title='bbox 466 796 586 849; x_wconf 85' lang='lat' dir='ltr'>niat3</span> <span class='ocrx_word' id='word_1_88' title='bbox 616 794 768 847; x_wconf 74' lang='lat' dir='ltr'>etrite</span> <span class='ocrx_word' id='word_1_89' title='bbox 798 793 996 844; x_wconf 90' lang='lat' dir='ltr'>veniens,</span> <span class='ocrx_word' id='word_1_90' title='bbox 1036 791 1217 846; x_wconf 88' lang='lat' dir='ltr'>qualiter</span> <span class='ocrx_word' id='word_1_91' title='bbox 1246 789 1432 844; x_wconf 52' lang='lat' dir='ltr'>2doceat3</span> <span class='ocrx_word' id='word_1_92' title='bbox 1465 794 1509 832; x_wconf 90' lang='lat' dir='ltr'>et</span> <span class='ocrx_word' id='word_1_93' title='bbox 1537 793 1650 831; x_wconf 86' lang='lat' dir='ltr'>recte</span> <span class='ocrx_word' id='word_1_94' title='bbox 1689 788 1846 832; x_wconf 91' lang='lat' dir='ltr'>docens</span> <span class='ocrx_word' id='word_1_95' title='bbox 1865 820 1877 842; x_wconf 93' lang='lat'><strong><em>‚</em></strong></span> <span class='ocrx_word' id='word_1_96' title='bbox 1911 791 2090 845; x_wconf 90' lang='lat' dir='ltr'>qualiter</span> <span class='ocrx_word' id='word_1_97' title='bbox 2118 791 2252 834; x_wconf 84' lang='lat' dir='ltr'>vivat.</span> <span class='ocrx_word' id='word_1_98' title='bbox 2293 794 2401 835; x_wconf 90' lang='lat' dir='ltr'>Item</span> <span class='ocrx_word' id='word_1_99' title='bbox 2432 806 2484 836; x_wconf 86' lang='lat' dir='ltr'>ex</span> <span class='ocrx_word' id='word_1_100' title='bbox 2520 794 2735 836; x_wconf 88' lang='lat' dir='ltr'>constitu-</span> 
     </span>
     <span class='ocr_line' id='line_1_11' title="bbox 464 860 2733 919; baseline -0.001 -9"><span class='ocrx_word' id='word_1_101' title='bbox 464 867 657 911; x_wconf 79' lang='lat' dir='ltr'>tionibus</span> <span class='ocrx_word' id='word_1_102' title='bbox 685 865 993 919; x_wconf 87' lang='lat' dir='ltr'>imperatorum</span> <span class='ocrx_word' id='word_1_103' title='bbox 1022 862 1256 915; x_wconf 90' lang='lat' dir='ltr'>Ludovici,</span> <span class='ocrx_word' id='word_1_104' title='bbox 1289 860 1469 903; x_wconf 91' lang='lat' dir='ltr'>Othonis</span> <span class='ocrx_word' id='word_1_105' title='bbox 1485 890 1497 913; x_wconf 85' lang='lat'>,</span> <span class='ocrx_word' id='word_1_106' title='bbox 1519 864 1562 902; x_wconf 86' lang='lat' dir='ltr'>et</span> <span class='ocrx_word' id='word_1_107' title='bbox 1592 860 1777 903; x_wconf 87' lang='lat' dir='ltr'>Henrici.</span> <span class='ocrx_word' id='word_1_108' title='bbox 1807 879 1823 896; x_wconf 72' lang='grc' dir='ltr'>α</span> <span class='ocrx_word' id='word_1_109' title='bbox 1839 862 1891 903; x_wconf 89' lang='lat' dir='ltr'>In</span> <span class='ocrx_word' id='word_1_110' title='bbox 1920 862 2122 905; x_wconf 88' lang='lat' dir='ltr'>electione</span> <span class='ocrx_word' id='word_1_111' title='bbox 2143 875 2420 906; x_wconf 90' lang='lat' dir='ltr'>romanorum</span> <span class='ocrx_word' id='word_1_112' title='bbox 2441 865 2733 918; x_wconf 79' lang='lat' dir='ltr'>Pontificum,</span> 
     </span>
     <span class='ocr_line' id='line_1_12' title="bbox 464 932 2738 991; baseline 0 -11"><span class='ocrx_word' id='word_1_113' title='bbox 464 950 591 981; x_wconf 85' lang='grc'>1161110</span> <span class='ocrx_word' id='word_1_114' title='bbox 611 937 695 979; x_wconf 84' lang='grc'>11116</span> <span class='ocrx_word' id='word_1_115' title='bbox 712 936 911 978; x_wconf 86' lang='lat' dir='ltr'>Romanis</span> <span class='ocrx_word' id='word_1_116' title='bbox 929 945 1039 989; x_wconf 89' lang='lat' dir='ltr'>quos</span> <span class='ocrx_word' id='word_1_117' title='bbox 1060 933 1114 976; x_wconf 87' lang='lat' dir='ltr'>ad</span> <span class='ocrx_word' id='word_1_118' title='bbox 1135 934 1245 975; x_wconf 88' lang='lat' dir='ltr'>hanc</span> <span class='ocrx_word' id='word_1_119' title='bbox 1265 932 1512 975; x_wconf 90' lang='lat' dir='ltr'>electionem</span> <span class='ocrx_word' id='word_1_120' title='bbox 1529 943 1608 986; x_wconf 88' lang='lat' dir='ltr'>per</span> <span class='ocrx_word' id='word_1_121' title='bbox 1629 932 1972 975; x_wconf 85' lang='lat' dir='ltr'>constitutionem</span> <span class='ocrx_word' id='word_1_122' title='bbox 1996 938 2240 976; x_wconf 90' lang='lat' dir='ltr'>sanctorum</span> <span class='ocrx_word' id='word_1_123' title='bbox 2261 938 2433 989; x_wconf 88' lang='lat' dir='ltr'>patrum</span> <span class='ocrx_word' id='word_1_124' title='bbox 2455 937 2631 991; x_wconf 89' lang='lat' dir='ltr'>antiqua</span> <span class='ocrx_word' id='word_1_125' title='bbox 2660 937 2738 980; x_wconf 86' lang='lat' dir='ltr'>ad-</span> 
     </span>
     <span class='ocr_line' id='line_1_13' title="bbox 464 1002 2724 1060; baseline -0.001 -8"><span class='ocrx_word' id='word_1_126' title='bbox 464 1010 578 1053; x_wconf 85' lang='lat' dir='ltr'>misit</span> <span class='ocrx_word' id='word_1_127' title='bbox 605 1005 871 1050; x_wconf 89' lang='lat' dir='ltr'>consuetudo</span> <span class='ocrx_word' id='word_1_128' title='bbox 892 1004 1066 1060; x_wconf 86' lang='lat' dir='ltr'>aliquod</span> <span class='ocrx_word' id='word_1_129' title='bbox 1086 1005 1211 1047; x_wconf 87' lang='lat' dir='ltr'>faciat</span> <span class='ocrx_word' id='word_1_130' title='bbox 1238 1003 1602 1058; x_wconf 86' lang='lat' dir='ltr'>impedimentum.</span> <span class='ocrx_word' id='word_1_131' title='bbox 1625 1002 1753 1055; x_wconf 86' lang='lat' dir='ltr'>Quod</span> <span class='ocrx_word' id='word_1_132' title='bbox 1773 1003 1808 1045; x_wconf 89' lang='lat' dir='ltr'>si</span> <span class='ocrx_word' id='word_1_133' title='bbox 1831 1005 1926 1058; x_wconf 89' lang='lat' dir='ltr'>quis</span> <span class='ocrx_word' id='word_1_134' title='bbox 1955 1006 2283 1060; x_wconf 84' lang='lat' dir='ltr'>praesumpserit</span> <span class='ocrx_word' id='word_1_135' title='bbox 2302 1036 2315 1058; x_wconf 91' lang='lat'>,</span> <span class='ocrx_word' id='word_1_136' title='bbox 2340 1006 2463 1049; x_wconf 85' lang='lat' dir='ltr'>exilio</span> <span class='ocrx_word' id='word_1_137' title='bbox 2488 1007 2724 1050; x_wconf 80' lang='lat' dir='ltr'>tradatur.»</span> 
     </span>
    </p>

    <p class='ocr_par' dir='ltr' id='par_1_5' title="bbox 465 1075 2736 1561">
     <span class='ocr_line' id='line_1_14' title="bbox 591 1075 2735 1132; baseline -0 -10"><span class='ocrx_word' id='word_1_138' title='bbox 591 1082 659 1123; x_wconf 87' lang='lat'>17.</span> <span class='ocrx_word' id='word_1_139' title='bbox 694 1081 814 1121; x_wconf 87' lang='lat' dir='ltr'>Patet</span> <span class='ocrx_word' id='word_1_140' title='bbox 842 1079 985 1132; x_wconf 90' lang='lat' dir='ltr'>itaque</span> <span class='ocrx_word' id='word_1_141' title='bbox 1013 1080 1258 1119; x_wconf 86' lang='lat' dir='ltr'>sanctorum</span> <span class='ocrx_word' id='word_1_142' title='bbox 1286 1087 1564 1117; x_wconf 89' lang='lat' dir='ltr'>romanorum</span> <span class='ocrx_word' id='word_1_143' title='bbox 1600 1075 1858 1117; x_wconf 91' lang='lat' dir='ltr'>Pontificum</span> <span class='ocrx_word' id='word_1_144' title='bbox 1895 1076 2148 1118; x_wconf 90' lang='lat' dir='ltr'>auctoritate</span> <span class='ocrx_word' id='word_1_145' title='bbox 2168 1109 2180 1130; x_wconf 91' lang='lat'>,</span> <span class='ocrx_word' id='word_1_146' title='bbox 2215 1081 2258 1119; x_wconf 91' lang='grc'>61</span> <span class='ocrx_word' id='word_1_147' title='bbox 2295 1082 2464 1132; x_wconf 92' lang='lat' dir='ltr'>patrum</span> <span class='ocrx_word' id='word_1_148' title='bbox 2494 1083 2735 1121; x_wconf 82' lang='lat' dir='ltr'>sanctarum</span> 
     </span>
     <span class='ocr_line' id='line_1_15' title="bbox 465 1147 2731 1205; baseline -0.001 -10"><span class='ocrx_word' id='word_1_149' title='bbox 465 1151 767 1196; x_wconf 85' lang='lat' dir='ltr'>universalium</span> <span class='ocrx_word' id='word_1_150' title='bbox 801 1149 1068 1205; x_wconf 87' lang='lat' dir='ltr'>synodorum</span> <span class='ocrx_word' id='word_1_151' title='bbox 1107 1148 1282 1203; x_wconf 88' lang='lat' dir='ltr'>primae</span> <span class='ocrx_word' id='word_1_152' title='bbox 1306 1147 1508 1202; x_wconf 83' lang='lat' dir='ltr'>septimae</span> <span class='ocrx_word' id='word_1_153' title='bbox 1546 1151 1673 1202; x_wconf 89' lang='lat' dir='ltr'>atque</span> <span class='ocrx_word' id='word_1_154' title='bbox 1712 1151 1907 1200; x_wconf 83' lang='lat' dir='ltr'>octavae,</span> <span class='ocrx_word' id='word_1_155' title='bbox 1951 1147 2203 1203; x_wconf 90' lang='lat' dir='ltr'>pontificum</span> <span class='ocrx_word' id='word_1_156' title='bbox 2240 1148 2491 1191; x_wconf 89' lang='lat' dir='ltr'>electionem</span> <span class='ocrx_word' id='word_1_157' title='bbox 2510 1179 2523 1202; x_wconf 92' lang='lat'>,</span> <span class='ocrx_word' id='word_1_158' title='bbox 2555 1149 2658 1191; x_wconf 88' lang='lat' dir='ltr'>cleri</span> <span class='ocrx_word' id='word_1_159' title='bbox 2687 1154 2731 1192; x_wconf 88' lang='grc'>61</span> 
     </span>
     <span class='ocr_line' id='line_1_16' title="bbox 466 1217 2734 1281; baseline -0.002 -14"><span class='ocrx_word' id='word_1_160' title='bbox 466 1224 620 1281; x_wconf 86' lang='lat' dir='ltr'>populi</span> <span class='ocrx_word' id='word_1_161' title='bbox 651 1223 854 1277; x_wconf 87' lang='lat' dir='ltr'>cuiusque</span> <span class='ocrx_word' id='word_1_162' title='bbox 883 1220 1081 1263; x_wconf 88' lang='lat' dir='ltr'>ecclesiae</span> <span class='ocrx_word' id='word_1_163' title='bbox 1111 1230 1198 1261; x_wconf 90' lang='lat' dir='ltr'>csse</span> <span class='ocrx_word' id='word_1_164' title='bbox 1229 1217 1400 1260; x_wconf 90' lang='lat' dir='ltr'>debere.</span> <span class='ocrx_word' id='word_1_165' title='bbox 1434 1219 1556 1260; x_wconf 89' lang='lat' dir='ltr'>Patet</span> <span class='ocrx_word' id='word_1_166' title='bbox 1587 1230 1761 1273; x_wconf 90' lang='lat' dir='ltr'>quoque</span> <span class='ocrx_word' id='word_1_167' title='bbox 1792 1219 2160 1261; x_wconf 88' lang='lat' dir='ltr'>christianissimos</span> <span class='ocrx_word' id='word_1_168' title='bbox 2189 1220 2467 1275; x_wconf 88' lang='lat' dir='ltr'>imperatores</span> <span class='ocrx_word' id='word_1_169' title='bbox 2489 1220 2734 1263; x_wconf 83' lang='lat' dir='ltr'>Constanti-</span> 
     </span>
     <span class='ocr_line' id='line_1_17' title="bbox 466 1289 2729 1348; baseline -0.002 -9"><span class='ocrx_word' id='word_1_170' title='bbox 466 1309 570 1339; x_wconf 80' lang='lat' dir='ltr'>num</span> <span class='ocrx_word' id='word_1_171' title='bbox 589 1326 601 1348; x_wconf 89' lang='lat'><em>‚</em></span> <span class='ocrx_word' id='word_1_172' title='bbox 635 1295 904 1337; x_wconf 87' lang='lat' dir='ltr'>Constantem</span> <span class='ocrx_word' id='word_1_173' title='bbox 921 1323 932 1344; x_wconf 94' lang='lat'>,</span> <span class='ocrx_word' id='word_1_174' title='bbox 965 1290 1307 1334; x_wconf 85' lang='lat' dir='ltr'>Valentinianum</span> <span class='ocrx_word' id='word_1_175' title='bbox 1324 1322 1337 1344; x_wconf 87' lang='lat'>,</span> <span class='ocrx_word' id='word_1_176' title='bbox 1369 1289 1654 1332; x_wconf 88' lang='lat' dir='ltr'>Theodosium</span> <span class='ocrx_word' id='word_1_177' title='bbox 1674 1320 1686 1344; x_wconf 89' lang='lat'>,</span> <span class='ocrx_word' id='word_1_178' title='bbox 1718 1289 1972 1346; x_wconf 88' lang='lat' dir='ltr'>Arcadium,</span> <span class='ocrx_word' id='word_1_179' title='bbox 2006 1291 2247 1333; x_wconf 89' lang='lat' dir='ltr'>Honorium</span> <span class='ocrx_word' id='word_1_180' title='bbox 2266 1322 2278 1344; x_wconf 90' lang='lat'>‚</span> <span class='ocrx_word' id='word_1_181' title='bbox 2312 1292 2510 1334; x_wconf 88' lang='lat' dir='ltr'>Carolum</span> <span class='ocrx_word' id='word_1_182' title='bbox 2527 1322 2539 1344; x_wconf 92' lang='lat'>,</span> <span class='ocrx_word' id='word_1_183' title='bbox 2572 1295 2618 1333; x_wconf 92' lang='lat' dir='ltr'>et</span> <span class='ocrx_word' id='word_1_184' title='bbox 2645 1292 2729 1334; x_wconf 90' lang='lat' dir='ltr'>Lu-</span> 
     </span>
     <span class='ocr_line' id='line_1_18' title="bbox 467 1355 2736 1418; baseline -0.002 -9"><span class='ocrx_word' id='word_1_185' title='bbox 467 1367 671 1410; x_wconf 84' lang='lat' dir='ltr'>dovicum</span> <span class='ocrx_word' id='word_1_186' title='bbox 692 1355 707 1418; x_wconf 36' lang='lat'>‚¹</span> <span class='ocrx_word' id='word_1_187' title='bbox 730 1369 980 1418; x_wconf 85' lang='lat' dir='ltr'>ceterosque</span> <span class='ocrx_word' id='word_1_188' title='bbox 1009 1363 1163 1418; x_wconf 90' lang='lat' dir='ltr'>pietate</span> <span class='ocrx_word' id='word_1_189' title='bbox 1184 1365 1227 1403; x_wconf 91' lang='lat' dir='ltr'>et</span> <span class='ocrx_word' id='word_1_190' title='bbox 1249 1361 1454 1415; x_wconf 86' lang='lat' dir='ltr'>religione</span> <span class='ocrx_word' id='word_1_191' title='bbox 1483 1365 1745 1416; x_wconf 88' lang='lat' dir='ltr'>praestantes</span> <span class='ocrx_word' id='word_1_192' title='bbox 1775 1361 1967 1404; x_wconf 91' lang='lat' dir='ltr'>eamdem</span> <span class='ocrx_word' id='word_1_193' title='bbox 1990 1361 2342 1405; x_wconf 88' lang='lat' dir='ltr'>consuetudinem</span> <span class='ocrx_word' id='word_1_194' title='bbox 2363 1362 2416 1405; x_wconf 91' lang='lat' dir='ltr'>ab</span> <span class='ocrx_word' id='word_1_195' title='bbox 2440 1364 2736 1418; x_wconf 87' lang='lat' dir='ltr'>apostolorum</span> 
     </span>
     <span class='ocr_line' id='line_1_19' title="bbox 468 1432 2731 1493; baseline -0.002 -13"><span class='ocrx_word' id='word_1_196' title='bbox 468 1437 735 1493; x_wconf 84' lang='lat' dir='ltr'>temporibus</span> <span class='ocrx_word' id='word_1_197' title='bbox 765 1435 1032 1482; x_wconf 86' lang='lat' dir='ltr'>observatam</span> <span class='ocrx_word' id='word_1_198' title='bbox 1061 1433 1234 1475; x_wconf 90' lang='lat' dir='ltr'>minime</span> <span class='ocrx_word' id='word_1_199' title='bbox 1264 1432 1458 1474; x_wconf 88' lang='lat' dir='ltr'>violasse.</span> <span class='ocrx_word' id='word_1_200' title='bbox 1491 1434 1614 1475; x_wconf 89' lang='lat' dir='ltr'>Patet</span> <span class='ocrx_word' id='word_1_201' title='bbox 1645 1433 1771 1475; x_wconf 88' lang='lat' dir='ltr'>etiam</span> <span class='ocrx_word' id='word_1_202' title='bbox 1801 1433 2169 1476; x_wconf 86' lang='lat' dir='ltr'>christianissimos</span> <span class='ocrx_word' id='word_1_203' title='bbox 2205 1434 2481 1488; x_wconf 89' lang='lat' dir='ltr'>imperatores</span> <span class='ocrx_word' id='word_1_204' title='bbox 2520 1434 2731 1476; x_wconf 90' lang='lat' dir='ltr'>Constan-</span> 
     </span>
     <span class='ocr_line' id='line_1_20' title="bbox 468 1503 2733 1561; baseline -0.002 -9"><span class='ocrx_word' id='word_1_205' title='bbox 468 1511 605 1552; x_wconf 88' lang='lat' dir='ltr'>tinum</span> <span class='ocrx_word' id='word_1_206' title='bbox 635 1519 858 1561; x_wconf 85' lang='lat' dir='ltr'>magnum,</span> <span class='ocrx_word' id='word_1_207' title='bbox 891 1510 933 1548; x_wconf 88' lang='lat' dir='ltr'>et</span> <span class='ocrx_word' id='word_1_208' title='bbox 961 1506 1065 1547; x_wconf 90' lang='lat' dir='ltr'>item</span> <span class='ocrx_word' id='word_1_209' title='bbox 1095 1503 1421 1547; x_wconf 86' lang='lat' dir='ltr'>Constantinum</span> <span class='ocrx_word' id='word_1_210' title='bbox 1451 1508 1494 1546; x_wconf 90' lang='lat' dir='ltr'>et</span> <span class='ocrx_word' id='word_1_211' title='bbox 1522 1504 1689 1546; x_wconf 88' lang='lat' dir='ltr'>Irenem</span> <span class='ocrx_word' id='word_1_212' title='bbox 1709 1537 1722 1559; x_wconf 89' lang='lat'>,</span> <span class='ocrx_word' id='word_1_213' title='bbox 1756 1510 1799 1547; x_wconf 89' lang='lat' dir='ltr'>et</span> <span class='ocrx_word' id='word_1_214' title='bbox 1827 1505 2028 1547; x_wconf 89' lang='lat' dir='ltr'>Basilium</span> <span class='ocrx_word' id='word_1_215' title='bbox 2047 1538 2059 1560; x_wconf 90' lang='lat'>,</span> <span class='ocrx_word' id='word_1_216' title='bbox 2093 1506 2293 1548; x_wconf 88' lang='lat' dir='ltr'>Carolum</span> <span class='ocrx_word' id='word_1_217' title='bbox 2324 1518 2497 1561; x_wconf 89' lang='lat' dir='ltr'>quoque</span> <span class='ocrx_word' id='word_1_218' title='bbox 2518 1510 2561 1548; x_wconf 89' lang='lat' dir='ltr'>et</span> <span class='ocrx_word' id='word_1_219' title='bbox 2581 1505 2733 1548; x_wconf 91' lang='lat' dir='ltr'>Ludo-</span> 
     </span>
    </p>
   </div>
   <div class='ocr_carea' id='block_1_5' title="bbox 468 1575 2788 1634">
    <p class='ocr_par' dir='ltr' id='par_1_6' title="bbox 468 1575 2788 1634">
     <span class='ocr_line' id='line_1_21' title="bbox 468 1575 2788 1634; baseline -0.002 -12"><span class='ocrx_word' id='word_1_220' title='bbox 468 1581 612 1622; x_wconf 89' lang='lat' dir='ltr'>vicum</span> <span class='ocrx_word' id='word_1_221' title='bbox 641 1577 869 1634; x_wconf 84' lang='lat' dir='ltr'>praefatam</span> <span class='ocrx_word' id='word_1_222' title='bbox 891 1577 1142 1619; x_wconf 90' lang='lat' dir='ltr'>electionem</span> <span class='ocrx_word' id='word_1_223' title='bbox 1162 1575 1365 1617; x_wconf 87' lang='lat' dir='ltr'>saeculari</span> <span class='ocrx_word' id='word_1_224' title='bbox 1386 1575 1587 1630; x_wconf 88' lang='lat' dir='ltr'>potestati</span> <span class='ocrx_word' id='word_1_225' title='bbox 1613 1575 1779 1630; x_wconf 85' lang='lat' dir='ltr'>legibus</span> <span class='ocrx_word' id='word_1_226' title='bbox 1800 1575 2034 1619; x_wconf 91' lang='lat' dir='ltr'>abstulisse.</span> <span class='ocrx_word' id='word_1_227' title='bbox 2062 1577 2329 1632; x_wconf 78' lang='lat' dir='ltr'>Quamquam</span> <span class='ocrx_word' id='word_1_228' title='bbox 2350 1578 2386 1619; x_wconf 92' lang='lat' dir='ltr'>si</span> <span class='ocrx_word' id='word_1_229' title='bbox 2406 1578 2533 1619; x_wconf 86' lang='lat' dir='ltr'>etiam</span> <span class='ocrx_word' id='word_1_230' title='bbox 2555 1589 2734 1619; x_wconf 88' lang='lat' dir='ltr'>eorum-</span> <span class='ocrx_word' id='word_1_231' title='bbox 2784 1581 2788 1586; x_wconf 81' lang='grc'><strong>“</strong></span> 
     </span>
    </p>
   </div>
   <div class='ocr_carea' id='block_1_6' title="bbox 468 1646 2739 3633">
    <p class='ocr_par' dir='ltr' id='par_1_7' title="bbox 468 1646 2739 3633">
     <span class='ocr_line' id='line_1_22' title="bbox 469 1646 2733 1702; baseline -0.002 -9"><span class='ocrx_word' id='word_1_232' title='bbox 469 1652 567 1694; x_wconf 90' lang='lat' dir='ltr'>dem</span> <span class='ocrx_word' id='word_1_233' title='bbox 585 1649 887 1692; x_wconf 79' lang='lat' dir='ltr'>&#39;sanctionibus</span> <span class='ocrx_word' id='word_1_234' title='bbox 906 1649 992 1691; x_wconf 90' lang='lat' dir='ltr'>hoc</span> <span class='ocrx_word' id='word_1_235' title='bbox 1013 1660 1101 1690; x_wconf 90' lang='lat' dir='ltr'>non</span> <span class='ocrx_word' id='word_1_236' title='bbox 1118 1646 1418 1702; x_wconf 89' lang='lat' dir='ltr'>prohiberetur</span> <span class='ocrx_word' id='word_1_237' title='bbox 1435 1677 1447 1697; x_wconf 92' lang='lat'>,</span> <span class='ocrx_word' id='word_1_238' title='bbox 1470 1647 1813 1702; x_wconf 89' lang='lat' dir='ltr'>patriarchalium</span> <span class='ocrx_word' id='word_1_239' title='bbox 1837 1647 2001 1690; x_wconf 90' lang='lat' dir='ltr'>sedium</span> <span class='ocrx_word' id='word_1_240' title='bbox 2020 1648 2311 1690; x_wconf 87' lang='lat' dir='ltr'>sanctionibus</span> <span class='ocrx_word' id='word_1_241' title='bbox 2331 1661 2418 1690; x_wconf 92' lang='lat' dir='ltr'>non</span> <span class='ocrx_word' id='word_1_242' title='bbox 2439 1648 2576 1690; x_wconf 90' lang='lat' dir='ltr'>minus</span> <span class='ocrx_word' id='word_1_243' title='bbox 2598 1647 2733 1690; x_wconf 88' lang='lat' dir='ltr'>obau-</span> 
     </span>
     <span class='ocr_line' id='line_1_23' title="bbox 470 1717 2735 1774; baseline -0.002 -9"><span class='ocrx_word' id='word_1_244' title='bbox 470 1723 648 1765; x_wconf 84' lang='lat' dir='ltr'>diretur.</span> <span class='ocrx_word' id='word_1_245' title='bbox 680 1720 959 1764; x_wconf 87' lang='lat' dir='ltr'>Pontificibus</span> <span class='ocrx_word' id='word_1_246' title='bbox 989 1720 1100 1762; x_wconf 90' lang='lat' dir='ltr'>enim</span> <span class='ocrx_word' id='word_1_247' title='bbox 1130 1719 1285 1773; x_wconf 85' lang='lat' dir='ltr'>legitur</span> <span class='ocrx_word' id='word_1_248' title='bbox 1315 1719 1452 1760; x_wconf 92' lang='lat' dir='ltr'>Deum</span> <span class='ocrx_word' id='word_1_249' title='bbox 1482 1717 1660 1772; x_wconf 84' lang='lat' dir='ltr'>dixisse,</span> <span class='ocrx_word' id='word_1_250' title='bbox 1693 1731 1781 1761; x_wconf 91' lang='lat' dir='ltr'>non</span> <span class='ocrx_word' id='word_1_251' title='bbox 1810 1720 2164 1774; x_wconf 86' lang='lat' dir='ltr'>imperatoribus:</span> <span class='ocrx_word' id='word_1_252' title='bbox 2197 1724 2266 1773; x_wconf 78' lang='lat' dir='ltr'>qui</span> <span class='ocrx_word' id='word_1_253' title='bbox 2294 1734 2361 1761; x_wconf 80' lang='lat' dir='ltr'>vos</span> <span class='ocrx_word' id='word_1_254' title='bbox 2387 1721 2527 1772; x_wconf 82' lang='lat' dir='ltr'>audit,</span> <span class='ocrx_word' id='word_1_255' title='bbox 2563 1732 2623 1760; x_wconf 77' lang='lat' dir='ltr'>me</span> <span class='ocrx_word' id='word_1_256' title='bbox 2653 1732 2735 1760; x_wconf 80' lang='lat' dir='ltr'>au-</span> 
     </span>
     <span class='ocr_line' id='line_1_24' title="bbox 469 1790 2738 1846; baseline -0.002 -10"><span class='ocrx_word' id='word_1_257' title='bbox 469 1797 556 1836; x_wconf 77' lang='lat' dir='ltr'>dic:</span> <span class='ocrx_word' id='word_1_258' title='bbox 590 1800 629 1835; x_wconf 79' lang='lat' dir='ltr'>et</span> <span class='ocrx_word' id='word_1_259' title='bbox 665 1796 735 1846; x_wconf 79' lang='lat' dir='ltr'>qui</span> <span class='ocrx_word' id='word_1_260' title='bbox 769 1806 834 1833; x_wconf 87' lang='lat' dir='ltr'>vos</span> <span class='ocrx_word' id='word_1_261' title='bbox 872 1794 1043 1844; x_wconf 73' lang='lat' dir='ltr'>spernit,</span> <span class='ocrx_word' id='word_1_262' title='bbox 1084 1804 1143 1832; x_wconf 84' lang='lat' dir='ltr'>me</span> <span class='ocrx_word' id='word_1_263' title='bbox 1172 1793 1339 1844; x_wconf 76' lang='lat' dir='ltr'>spernit.</span> <span class='ocrx_word' id='word_1_264' title='bbox 1380 1791 1433 1831; x_wconf 91' lang='lat' dir='ltr'>Et</span> <span class='ocrx_word' id='word_1_265' title='bbox 1470 1790 1651 1832; x_wconf 87' lang='lat' dir='ltr'>iterum:</span> <span class='ocrx_word' id='word_1_266' title='bbox 1685 1804 1951 1845; x_wconf 79' lang='lat' dir='ltr'>quaecumque</span> <span class='ocrx_word' id='word_1_267' title='bbox 1988 1794 2207 1844; x_wconf 72' lang='lat' dir='ltr'>liyaveritis</span> <span class='ocrx_word' id='word_1_268' title='bbox 2239 1804 2360 1844; x_wconf 77' lang='lat' dir='ltr'>super</span> <span class='ocrx_word' id='word_1_269' title='bbox 2398 1797 2543 1832; x_wconf 81' lang='lat' dir='ltr'>terram</span> <span class='ocrx_word' id='word_1_270' title='bbox 2561 1821 2573 1843; x_wconf 88' lang='lat'>,</span> <span class='ocrx_word' id='word_1_271' title='bbox 2618 1794 2738 1831; x_wconf 58' lang='lat' dir='ltr'>erunt</span> 
     </span>
     <span class='ocr_line' id='line_1_25' title="bbox 472 1859 2735 1919; baseline -0.002 -14"><span class='ocrx_word' id='word_1_272' title='bbox 472 1866 597 1917; x_wconf 36' lang='lat' dir='ltr'>lfiqata</span> <span class='ocrx_word' id='word_1_273' title='bbox 627 1867 664 1903; x_wconf 79' lang='lat' dir='ltr'>et</span> <span class='ocrx_word' id='word_1_274' title='bbox 685 1866 726 1903; x_wconf 74' lang='lat' dir='ltr'>in</span> <span class='ocrx_word' id='word_1_275' title='bbox 749 1862 883 1902; x_wconf 79' lang='lat' dir='ltr'>caelis.</span> <span class='ocrx_word' id='word_1_276' title='bbox 914 1861 1019 1902; x_wconf 86' lang='lat' dir='ltr'>Item</span> <span class='ocrx_word' id='word_1_277' title='bbox 1048 1859 1188 1914; x_wconf 87' lang='lat' dir='ltr'>primo</span> <span class='ocrx_word' id='word_1_278' title='bbox 1221 1859 1421 1909; x_wconf 85' lang='lat' dir='ltr'>Pontifici</span> <span class='ocrx_word' id='word_1_279' title='bbox 1439 1875 1450 1902; x_wconf 69' lang='grc' dir='ltr'>ε</span> <span class='ocrx_word' id='word_1_280' title='bbox 1468 1875 1588 1914; x_wconf 80' lang='lat' dir='ltr'>pasce</span> <span class='ocrx_word' id='word_1_281' title='bbox 1619 1875 1708 1903; x_wconf 79' lang='lat' dir='ltr'>oves</span> <span class='ocrx_word' id='word_1_282' title='bbox 1728 1875 1850 1904; x_wconf 76' lang='lat' dir='ltr'>meas,</span> <span class='ocrx_word' id='word_1_283' title='bbox 1876 1864 1983 1905; x_wconf 89' lang='lat' dir='ltr'>Item</span> <span class='ocrx_word' id='word_1_284' title='bbox 2015 1862 2219 1918; x_wconf 86' lang='lat' dir='ltr'>apostolis</span> <span class='ocrx_word' id='word_1_285' title='bbox 2248 1861 2445 1904; x_wconf 88' lang='lat' dir='ltr'>omnibus</span> <span class='ocrx_word' id='word_1_286' title='bbox 2464 1876 2477 1903; x_wconf 77' lang='lat' dir='ltr'>t</span> <span class='ocrx_word' id='word_1_287' title='bbox 2498 1866 2630 1919; x_wconf 73' lang='lat' dir='ltr'>euntes</span> <span class='ocrx_word' id='word_1_288' title='bbox 2659 1862 2735 1901; x_wconf 86' lang='lat' dir='ltr'>do-</span> 
     </span>
     <span class='ocr_line' id='line_1_26' title="bbox 471 1931 2735 1988; baseline -0.001 -12"><span class='ocrx_word' id='word_1_289' title='bbox 471 1940 553 1976; x_wconf 80' lang='lat' dir='ltr'>cete</span> <span class='ocrx_word' id='word_1_290' title='bbox 582 1946 711 1975; x_wconf 76' lang='lat' dir='ltr'>omnes</span> <span class='ocrx_word' id='word_1_291' title='bbox 739 1937 889 1986; x_wconf 72' lang='lat' dir='ltr'>qenteS.</span> <span class='ocrx_word' id='word_1_292' title='bbox 923 1931 1264 1974; x_wconf 88' lang='lat' dir='ltr'>Patriarcharum</span> <span class='ocrx_word' id='word_1_293' title='bbox 1296 1932 1408 1974; x_wconf 91' lang='lat' dir='ltr'>enim</span> <span class='ocrx_word' id='word_1_294' title='bbox 1436 1936 1553 1975; x_wconf 90' lang='lat' dir='ltr'>tanta</span> <span class='ocrx_word' id='word_1_295' title='bbox 1583 1937 1647 1975; x_wconf 89' lang='lat' dir='ltr'>est</span> <span class='ocrx_word' id='word_1_296' title='bbox 1676 1934 1908 1975; x_wconf 88' lang='lat' dir='ltr'>auctoritas</span> <span class='ocrx_word' id='word_1_297' title='bbox 1928 1966 1940 1988; x_wconf 95' lang='lat'>,</span> <span class='ocrx_word' id='word_1_298' title='bbox 1973 1938 2022 1976; x_wconf 90' lang='lat' dir='ltr'>ut</span> <span class='ocrx_word' id='word_1_299' title='bbox 2058 1933 2301 1976; x_wconf 92' lang='lat' dir='ltr'>omnimode</span> <span class='ocrx_word' id='word_1_300' title='bbox 2338 1933 2573 1975; x_wconf 89' lang='lat' dir='ltr'>haereticus</span> <span class='ocrx_word' id='word_1_301' title='bbox 2612 1944 2735 1974; x_wconf 91' lang='lat' dir='ltr'>com-</span> 
     </span>
     <span class='ocr_line' id='line_1_27' title="bbox 468 2001 2737 2061; baseline -0.002 -13"><span class='ocrx_word' id='word_1_302' title='bbox 468 2005 678 2061; x_wconf 86' lang='lat' dir='ltr'>probetur</span> <span class='ocrx_word' id='word_1_303' title='bbox 709 2002 901 2059; x_wconf 91' lang='lat' dir='ltr'>quisquis</span> <span class='ocrx_word' id='word_1_304' title='bbox 932 2002 1179 2045; x_wconf 91' lang='lat' dir='ltr'>eorumdem</span> <span class='ocrx_word' id='word_1_305' title='bbox 1210 2001 1426 2058; x_wconf 83' lang='lat' dir='ltr'>synodicis</span> <span class='ocrx_word' id='word_1_306' title='bbox 1460 2002 1832 2045; x_wconf 84' lang='lat' dir='ltr'>constitutionibus</span> <span class='ocrx_word' id='word_1_307' title='bbox 1872 2002 2045 2045; x_wconf 89' lang='lat' dir='ltr'>obviare</span> <span class='ocrx_word' id='word_1_308' title='bbox 2082 2003 2246 2044; x_wconf 87' lang='lat' dir='ltr'>nititur.</span> <span class='ocrx_word' id='word_1_309' title='bbox 2290 2003 2588 2056; x_wconf 86' lang='lat' dir='ltr'>Quaecumque</span> <span class='ocrx_word' id='word_1_310' title='bbox 2625 2002 2737 2043; x_wconf 90' lang='lat' dir='ltr'>enim</span> 
     </span>
     <span class='ocr_line' id='line_1_28' title="bbox 471 2074 2734 2129; baseline -0.003 -9"><span class='ocrx_word' id='word_1_311' title='bbox 471 2079 751 2121; x_wconf 91' lang='lat' dir='ltr'>communiter</span> <span class='ocrx_word' id='word_1_312' title='bbox 780 2076 963 2118; x_wconf 79' lang='lat' dir='ltr'>statuere</span> <span class='ocrx_word' id='word_1_313' title='bbox 994 2074 1206 2129; x_wconf 90' lang='lat' dir='ltr'>sequenda</span> <span class='ocrx_word' id='word_1_314' title='bbox 1224 2105 1236 2127; x_wconf 90' lang='lat'><strong><em>‚</em></strong></span> <span class='ocrx_word' id='word_1_315' title='bbox 1268 2086 1318 2116; x_wconf 91' lang='lat' dir='ltr'>ea</span> <span class='ocrx_word' id='word_1_316' title='bbox 1348 2074 1486 2117; x_wconf 89' lang='lat' dir='ltr'>omnis</span> <span class='ocrx_word' id='word_1_317' title='bbox 1516 2074 1689 2117; x_wconf 89' lang='lat' dir='ltr'>ecclesia</span> <span class='ocrx_word' id='word_1_318' title='bbox 1718 2078 1948 2129; x_wconf 86' lang='lat' dir='ltr'>sequetur:</span> <span class='ocrx_word' id='word_1_319' title='bbox 1983 2086 2275 2129; x_wconf 88' lang='lat' dir='ltr'>quaecumque</span> <span class='ocrx_word' id='word_1_320' title='bbox 2310 2086 2413 2116; x_wconf 86' lang='lat' dir='ltr'>vero</span> <span class='ocrx_word' id='word_1_321' title='bbox 2445 2075 2627 2115; x_wconf 82' lang='lat' dir='ltr'>statuere</span> <span class='ocrx_word' id='word_1_322' title='bbox 2661 2085 2734 2115; x_wconf 89' lang='lat' dir='ltr'>re-</span> 
     </span>
     <span class='ocr_line' id='line_1_29' title="bbox 473 2145 2736 2205; baseline -0.003 -13"><span class='ocrx_word' id='word_1_323' title='bbox 473 2148 691 2205; x_wconf 87' lang='lat' dir='ltr'>spuenda,</span> <span class='ocrx_word' id='word_1_324' title='bbox 724 2151 1002 2203; x_wconf 80' lang='lat' dir='ltr'>respuentur:</span> <span class='ocrx_word' id='word_1_325' title='bbox 1026 2159 1104 2188; x_wconf 93' lang='lat' dir='ltr'>nec</span> <span class='ocrx_word' id='word_1_326' title='bbox 1134 2158 1338 2201; x_wconf 91' lang='lat' dir='ltr'>umquam</span> <span class='ocrx_word' id='word_1_327' title='bbox 1368 2158 1392 2188; x_wconf 93' lang='lat' dir='ltr'>a</span> <span class='ocrx_word' id='word_1_328' title='bbox 1423 2145 1645 2201; x_wconf 90' lang='lat' dir='ltr'>quolibet,</span> <span class='ocrx_word' id='word_1_329' title='bbox 1668 2145 1748 2188; x_wconf 89' lang='lat' dir='ltr'>nisi</span> <span class='ocrx_word' id='word_1_330' title='bbox 1777 2146 1814 2187; x_wconf 86' lang='lat' dir='ltr'>si</span> <span class='ocrx_word' id='word_1_331' title='bbox 1842 2146 1954 2188; x_wconf 84' lang='lat' dir='ltr'>forte</span> <span class='ocrx_word' id='word_1_332' title='bbox 1986 2145 2039 2187; x_wconf 92' lang='lat' dir='ltr'>ab</span> <span class='ocrx_word' id='word_1_333' title='bbox 2070 2145 2249 2199; x_wconf 86' lang='lat' dir='ltr'>eisdem,</span> <span class='ocrx_word' id='word_1_334' title='bbox 2272 2145 2519 2187; x_wconf 90' lang='lat' dir='ltr'>eorumdem</span> <span class='ocrx_word' id='word_1_335' title='bbox 2539 2155 2736 2186; x_wconf 85' lang='lat' dir='ltr'>commu·-</span> 
     </span>
     <span class='ocr_line' id='line_1_30' title="bbox 471 2213 2736 2270; baseline -0.002 -8"><span class='ocrx_word' id='word_1_336' title='bbox 471 2234 526 2263; x_wconf 87' lang='lat' dir='ltr'>ne</span> <span class='ocrx_word' id='word_1_337' title='bbox 559 2220 762 2262; x_wconf 90' lang='lat' dir='ltr'>iudicium</span> <span class='ocrx_word' id='word_1_338' title='bbox 796 2216 1110 2261; x_wconf 87' lang='lat' dir='ltr'>retractabitur.</span> <span class='ocrx_word' id='word_1_339' title='bbox 1143 2218 1473 2259; x_wconf 90' lang='lat' dir='ltr'>Firmamentum</span> <span class='ocrx_word' id='word_1_340' title='bbox 1503 2216 1615 2258; x_wconf 88' lang='lat' dir='ltr'>enim</span> <span class='ocrx_word' id='word_1_341' title='bbox 1644 2215 1744 2258; x_wconf 92' lang='lat' dir='ltr'>fidei</span> <span class='ocrx_word' id='word_1_342' title='bbox 1774 2216 2025 2258; x_wconf 87' lang='lat' dir='ltr'>christianae</span> <span class='ocrx_word' id='word_1_343' title='bbox 2054 2216 2100 2258; x_wconf 90' lang='lat' dir='ltr'>in</span> <span class='ocrx_word' id='word_1_344' title='bbox 2131 2228 2278 2258; x_wconf 90' lang='lat' dir='ltr'>eorum</span> <span class='ocrx_word' id='word_1_345' title='bbox 2308 2215 2500 2270; x_wconf 90' lang='lat' dir='ltr'>sedibus,</span> <span class='ocrx_word' id='word_1_346' title='bbox 2524 2227 2601 2270; x_wconf 90' lang='lat' dir='ltr'>per</span> <span class='ocrx_word' id='word_1_347' title='bbox 2629 2213 2736 2256; x_wconf 88' lang='lat' dir='ltr'>bea-</span> 
     </span>
     <span class='ocr_line' id='line_1_31' title="bbox 475 2287 2738 2348; baseline -0.002 -14"><span class='ocrx_word' id='word_1_348' title='bbox 475 2297 567 2335; x_wconf 89' lang='lat' dir='ltr'>tum</span> <span class='ocrx_word' id='word_1_349' title='bbox 587 2293 760 2333; x_wconf 88' lang='lat' dir='ltr'>Petrum</span> <span class='ocrx_word' id='word_1_350' title='bbox 788 2301 1079 2332; x_wconf 89' lang='lat' dir='ltr'>successorum</span> <span class='ocrx_word' id='word_1_351' title='bbox 1110 2288 1382 2342; x_wconf 91' lang='lat' dir='ltr'>eorumdem,</span> <span class='ocrx_word' id='word_1_352' title='bbox 1405 2290 1465 2348; x_wconf 85' lang='lat' dir='ltr'>ita</span> <span class='ocrx_word' id='word_1_353' title='bbox 1486 2289 1600 2330; x_wconf 90' lang='lat' dir='ltr'>Deus</span> <span class='ocrx_word' id='word_1_354' title='bbox 1621 2288 1780 2331; x_wconf 89' lang='lat' dir='ltr'>locavit</span> <span class='ocrx_word' id='word_1_355' title='bbox 1796 2319 1808 2341; x_wconf 88' lang='lat'>,</span> <span class='ocrx_word' id='word_1_356' title='bbox 1831 2293 1881 2330; x_wconf 91' lang='lat' dir='ltr'>ut</span> <span class='ocrx_word' id='word_1_357' title='bbox 1901 2301 1999 2331; x_wconf 92' lang='lat' dir='ltr'>cum</span> <span class='ocrx_word' id='word_1_358' title='bbox 2030 2288 2081 2330; x_wconf 93' lang='lat' dir='ltr'>de</span> <span class='ocrx_word' id='word_1_359' title='bbox 2113 2301 2236 2330; x_wconf 90' lang='lat' dir='ltr'>causa</span> <span class='ocrx_word' id='word_1_360' title='bbox 2263 2287 2365 2330; x_wconf 89' lang='lat' dir='ltr'>fidei</span> <span class='ocrx_word' id='word_1_361' title='bbox 2387 2288 2615 2330; x_wconf 90' lang='lat' dir='ltr'>concilium</span> <span class='ocrx_word' id='word_1_362' title='bbox 2647 2288 2738 2340; x_wconf 82' lang='lat' dir='ltr'>agi—</span> 
     </span>
     <span class='ocr_line' id='line_1_32' title="bbox 470 2358 2737 2416; baseline -0.002 -11"><span class='ocrx_word' id='word_1_363' title='bbox 470 2369 571 2415; x_wconf 89' lang='lat' dir='ltr'>tur,</span> <span class='ocrx_word' id='word_1_364' title='bbox 604 2364 637 2405; x_wconf 90' lang='lat' dir='ltr'>si</span> <span class='ocrx_word' id='word_1_365' title='bbox 665 2374 775 2404; x_wconf 90' lang='lat' dir='ltr'>unus</span> <span class='ocrx_word' id='word_1_366' title='bbox 805 2374 856 2403; x_wconf 82' lang='lat' dir='ltr'>ex</span> <span class='ocrx_word' id='word_1_367' title='bbox 885 2361 1023 2403; x_wconf 91' lang='lat' dir='ltr'>tribus</span> <span class='ocrx_word' id='word_1_368' title='bbox 1053 2360 1360 2416; x_wconf 89' lang='lat' dir='ltr'>principalibus</span> <span class='ocrx_word' id='word_1_369' title='bbox 1389 2361 1639 2416; x_wconf 89' lang='lat' dir='ltr'>patriarchis</span> <span class='ocrx_word' id='word_1_370' title='bbox 1670 2360 1895 2413; x_wconf 86' lang='lat' dir='ltr'>ceciderit,</span> <span class='ocrx_word' id='word_1_371' title='bbox 1930 2359 2016 2402; x_wconf 90' lang='lat' dir='ltr'>duo</span> <span class='ocrx_word' id='word_1_372' title='bbox 2047 2364 2186 2413; x_wconf 70' lang='lat' dir='ltr'>stent,</span> <span class='ocrx_word' id='word_1_373' title='bbox 2220 2359 2340 2415; x_wconf 90' lang='lat' dir='ltr'>quod</span> <span class='ocrx_word' id='word_1_374' title='bbox 2374 2360 2408 2402; x_wconf 91' lang='lat' dir='ltr'>si</span> <span class='ocrx_word' id='word_1_375' title='bbox 2448 2359 2534 2402; x_wconf 91' lang='lat' dir='ltr'>duo</span> <span class='ocrx_word' id='word_1_376' title='bbox 2572 2358 2737 2401; x_wconf 84' lang='lat' dir='ltr'>cecide-</span> 
     </span>
     <span class='ocr_line' id='line_1_33' title="bbox 470 2419 2732 2497; baseline -0.002 -21"><span class='ocrx_word' id='word_1_377' title='bbox 470 2435 558 2477; x_wconf 85' lang='lat' dir='ltr'>rint</span> <span class='ocrx_word' id='word_1_378' title='bbox 574 2465 586 2486; x_wconf 91' lang='lat'>,</span> <span class='ocrx_word' id='word_1_379' title='bbox 611 2446 707 2475; x_wconf 90' lang='lat' dir='ltr'>cum</span> <span class='ocrx_word' id='word_1_380' title='bbox 737 2446 816 2488; x_wconf 91' lang='lat' dir='ltr'>pro</span> <span class='ocrx_word' id='word_1_381' title='bbox 848 2433 932 2475; x_wconf 87' lang='lat' dir='ltr'>fide</span> <span class='ocrx_word' id='word_1_382' title='bbox 963 2433 1078 2497; x_wconf 69' lang='lat' dir='ltr'>l&#39;etri</span> <span class='ocrx_word' id='word_1_383' title='bbox 1107 2445 1160 2474; x_wconf 90' lang='lat' dir='ltr'>ne</span> <span class='ocrx_word' id='word_1_384' title='bbox 1190 2432 1359 2474; x_wconf 88' lang='lat' dir='ltr'>deficiat</span> <span class='ocrx_word' id='word_1_385' title='bbox 1375 2463 1387 2484; x_wconf 94' lang='lat'>,</span> <span class='ocrx_word' id='word_1_386' title='bbox 1411 2444 1436 2473; x_wconf 92' lang='lat' dir='ltr'>a</span> <span class='ocrx_word' id='word_1_387' title='bbox 1456 2431 1624 2474; x_wconf 90' lang='lat' dir='ltr'>Christo</span> <span class='ocrx_word' id='word_1_388' title='bbox 1656 2436 1821 2474; x_wconf 89' lang='lat' dir='ltr'>oratum</span> <span class='ocrx_word' id='word_1_389' title='bbox 1850 2432 1927 2485; x_wconf 87' lang='lat' dir='ltr'>sit,</span> <span class='ocrx_word' id='word_1_390' title='bbox 1950 2432 2075 2474; x_wconf 87' lang='lat' dir='ltr'>unius</span> <span class='ocrx_word' id='word_1_391' title='bbox 2095 2419 2256 2474; x_wconf 85' lang='lat' dir='ltr'>scilicet</span> <span class='ocrx_word' id='word_1_392' title='bbox 2284 2432 2449 2473; x_wconf 91' lang='lat' dir='ltr'>romani</span> <span class='ocrx_word' id='word_1_393' title='bbox 2469 2430 2732 2486; x_wconf 85' lang='lat' dir='ltr'>patriarchae</span> 
     </span>
     <span class='ocr_line' id='line_1_34' title="bbox 472 2498 2732 2560; baseline -0.001 -13"><span class='ocrx_word' id='word_1_394' title='bbox 472 2505 605 2558; x_wconf 87' lang='lat' dir='ltr'>fides,</span> <span class='ocrx_word' id='word_1_395' title='bbox 638 2506 682 2546; x_wconf 91' lang='lat' dir='ltr'>in</span> <span class='ocrx_word' id='word_1_396' title='bbox 713 2517 799 2560; x_wconf 89' lang='lat' dir='ltr'>qua</span> <span class='ocrx_word' id='word_1_397' title='bbox 832 2498 983 2547; x_wconf 68' lang='lat' dir='ltr'>fratres</span> <span class='ocrx_word' id='word_1_398' title='bbox 1018 2516 1117 2546; x_wconf 90' lang='lat' dir='ltr'>suos</span> <span class='ocrx_word' id='word_1_399' title='bbox 1157 2503 1409 2557; x_wconf 86' lang='lat' dir='ltr'>confirmet,</span> <span class='ocrx_word' id='word_1_400' title='bbox 1443 2515 1674 2558; x_wconf 89' lang='lat' dir='ltr'>numquam</span> <span class='ocrx_word' id='word_1_401' title='bbox 1709 2502 1888 2545; x_wconf 87' lang='lat' dir='ltr'>deficiet.</span> <span class='ocrx_word' id='word_1_402' title='bbox 1924 2502 2050 2554; x_wconf 91' lang='lat' dir='ltr'>Quod</span> <span class='ocrx_word' id='word_1_403' title='bbox 2085 2503 2233 2557; x_wconf 90' lang='lat' dir='ltr'>utique</span> <span class='ocrx_word' id='word_1_404' title='bbox 2269 2503 2459 2545; x_wconf 88' lang='lat' dir='ltr'>Christus</span> <span class='ocrx_word' id='word_1_405' title='bbox 2498 2503 2610 2544; x_wconf 87' lang='lat' dir='ltr'>Deus</span> <span class='ocrx_word' id='word_1_406' title='bbox 2648 2514 2732 2543; x_wconf 91' lang='lat' dir='ltr'>no·-</span> 
     </span>
     <span class='ocr_line' id='line_1_35' title="bbox 472 2573 2738 2637; baseline -0.002 -18"><span class='ocrx_word' id='word_1_407' title='bbox 472 2583 561 2621; x_wconf 88' lang='lat' dir='ltr'>ster</span> <span class='ocrx_word' id='word_1_408' title='bbox 598 2577 680 2619; x_wconf 90' lang='lat' dir='ltr'>iam</span> <span class='ocrx_word' id='word_1_409' title='bbox 719 2577 941 2619; x_wconf 90' lang='lat' dir='ltr'>ostendere</span> <span class='ocrx_word' id='word_1_410' title='bbox 978 2575 1175 2629; x_wconf 84' lang='lat' dir='ltr'>dignatus</span> <span class='ocrx_word' id='word_1_411' title='bbox 1210 2581 1274 2618; x_wconf 89' lang='lat' dir='ltr'>est</span> <span class='ocrx_word' id='word_1_412' title='bbox 1311 2577 1355 2618; x_wconf 91' lang='lat' dir='ltr'>in</span> <span class='ocrx_word' id='word_1_413' title='bbox 1393 2573 1700 2617; x_wconf 87' lang='lat' dir='ltr'>universalibus</span> <span class='ocrx_word' id='word_1_414' title='bbox 1743 2573 1918 2637; x_wconf 80' lang='lat' dir='ltr'>synodis</span> <span class='ocrx_word' id='word_1_415' title='bbox 1934 2604 1946 2626; x_wconf 96' lang='lat'>,</span> <span class='ocrx_word' id='word_1_416' title='bbox 1987 2575 2071 2616; x_wconf 89' lang='lat' dir='ltr'>iam</span> <span class='ocrx_word' id='word_1_417' title='bbox 2110 2573 2164 2615; x_wconf 90' lang='lat' dir='ltr'>ab</span> <span class='ocrx_word' id='word_1_418' title='bbox 2202 2573 2334 2628; x_wconf 91' lang='lat' dir='ltr'>ipsius</span> <span class='ocrx_word' id='word_1_419' title='bbox 2373 2573 2615 2616; x_wconf 88' lang='lat' dir='ltr'>ascensione</span> <span class='ocrx_word' id='word_1_420' title='bbox 2655 2585 2738 2627; x_wconf 85' lang='lat' dir='ltr'>pro</span> 
     </span>
     <span class='ocr_line' id='line_1_36' title="bbox 473 2644 2735 2698; baseline -0.003 -6"><span class='ocrx_word' id='word_1_421' title='bbox 473 2650 630 2692; x_wconf 89' lang='lat' dir='ltr'>tuenda</span> <span class='ocrx_word' id='word_1_422' title='bbox 665 2649 749 2692; x_wconf 90' lang='lat' dir='ltr'>fide</span> <span class='ocrx_word' id='word_1_423' title='bbox 787 2650 916 2691; x_wconf 88' lang='lat' dir='ltr'>octies</span> <span class='ocrx_word' id='word_1_424' title='bbox 950 2648 1239 2690; x_wconf 89' lang='lat' dir='ltr'>universaliter</span> <span class='ocrx_word' id='word_1_425' title='bbox 1276 2646 1509 2689; x_wconf 83' lang='lat' dir='ltr'>celebratiS.</span> <span class='ocrx_word' id='word_1_426' title='bbox 1550 2646 1658 2688; x_wconf 86' lang='lat' dir='ltr'>Nam</span> <span class='ocrx_word' id='word_1_427' title='bbox 1691 2657 1778 2688; x_wconf 92' lang='lat' dir='ltr'>uno</span> <span class='ocrx_word' id='word_1_428' title='bbox 1817 2644 1885 2687; x_wconf 89' lang='lat' dir='ltr'>vel</span> <span class='ocrx_word' id='word_1_429' title='bbox 1927 2644 2095 2688; x_wconf 89' lang='lat' dir='ltr'>duobus</span> <span class='ocrx_word' id='word_1_430' title='bbox 2126 2658 2151 2687; x_wconf 92' lang='lat' dir='ltr'>a</span> <span class='ocrx_word' id='word_1_431' title='bbox 2179 2645 2264 2687; x_wconf 90' lang='lat' dir='ltr'>fide</span> <span class='ocrx_word' id='word_1_432' title='bbox 2303 2644 2596 2687; x_wconf 88' lang='lat' dir='ltr'>corruentibus</span> <span class='ocrx_word' id='word_1_433' title='bbox 2614 2674 2626 2698; x_wconf 92' lang='lat'><strong><em>‚</em></strong></span> <span class='ocrx_word' id='word_1_434' title='bbox 2658 2657 2735 2687; x_wconf 90' lang='lat' dir='ltr'>ro-</span> 
     </span>
     <span class='ocr_line' id='line_1_37' title="bbox 472 2715 2732 2772; baseline -0.003 -8"><span class='ocrx_word' id='word_1_435' title='bbox 472 2734 622 2764; x_wconf 86' lang='lat' dir='ltr'>manus</span> <span class='ocrx_word' id='word_1_436' title='bbox 651 2723 695 2764; x_wconf 90' lang='lat' dir='ltr'>in</span> <span class='ocrx_word' id='word_1_437' title='bbox 726 2720 913 2763; x_wconf 91' lang='lat' dir='ltr'>eiusdem</span> <span class='ocrx_word' id='word_1_438' title='bbox 942 2719 1041 2762; x_wconf 90' lang='lat' dir='ltr'>fidei</span> <span class='ocrx_word' id='word_1_439' title='bbox 1070 2719 1345 2762; x_wconf 80' lang='lat' dir='ltr'>fundamento</span> <span class='ocrx_word' id='word_1_440' title='bbox 1361 2749 1374 2772; x_wconf 91' lang='lat'>,</span> <span class='ocrx_word' id='word_1_441' title='bbox 1403 2718 1501 2760; x_wconf 93' lang='grc'>11661</span> <span class='ocrx_word' id='word_1_442' title='bbox 1531 2717 1751 2772; x_wconf 88' lang='lat' dir='ltr'>pulsatus,</span> <span class='ocrx_word' id='word_1_443' title='bbox 1782 2717 1881 2759; x_wconf 87' lang='lat' dir='ltr'>licet</span> <span class='ocrx_word' id='word_1_444' title='bbox 1905 2729 2158 2770; x_wconf 91' lang='lat' dir='ltr'>concussus,</span> <span class='ocrx_word' id='word_1_445' title='bbox 2188 2721 2328 2759; x_wconf 88' lang='lat' dir='ltr'>tamen</span> <span class='ocrx_word' id='word_1_446' title='bbox 2354 2717 2469 2759; x_wconf 89' lang='lat' dir='ltr'>stetit</span> <span class='ocrx_word' id='word_1_447' title='bbox 2489 2715 2732 2759; x_wconf 77' lang='lat' dir='ltr'>immobilis,</span> 
     </span>
     <span class='ocr_line' id='line_1_38' title="bbox 474 2787 2739 2842; baseline -0.003 -7"><span class='ocrx_word' id='word_1_448' title='bbox 474 2793 646 2835; x_wconf 89' lang='lat' dir='ltr'>Caelum</span> <span class='ocrx_word' id='word_1_449' title='bbox 686 2792 798 2834; x_wconf 91' lang='lat' dir='ltr'>enim</span> <span class='ocrx_word' id='word_1_450' title='bbox 839 2796 881 2834; x_wconf 87' lang='lat' dir='ltr'>et</span> <span class='ocrx_word' id='word_1_451' title='bbox 920 2796 1034 2833; x_wconf 91' lang='lat' dir='ltr'>terra</span> <span class='ocrx_word' id='word_1_452' title='bbox 1072 2790 1312 2832; x_wconf 88' lang='lat' dir='ltr'>transibunt</span> <span class='ocrx_word' id='word_1_453' title='bbox 1327 2820 1339 2842; x_wconf 95' lang='lat'>,</span> <span class='ocrx_word' id='word_1_454' title='bbox 1370 2788 1501 2831; x_wconf 90' lang='lat' dir='ltr'>verba</span> <span class='ocrx_word' id='word_1_455' title='bbox 1528 2792 1666 2830; x_wconf 86' lang='lat' dir='ltr'>autem</span> <span class='ocrx_word' id='word_1_456' title='bbox 1694 2788 1782 2830; x_wconf 92' lang='lat' dir='ltr'>eius</span> <span class='ocrx_word' id='word_1_457' title='bbox 1817 2800 1904 2830; x_wconf 92' lang='lat' dir='ltr'>non</span> <span class='ocrx_word' id='word_1_458' title='bbox 1933 2787 2203 2842; x_wconf 89' lang='lat' dir='ltr'>transibunt,</span> <span class='ocrx_word' id='word_1_459' title='bbox 2240 2787 2315 2842; x_wconf 91' lang='lat' dir='ltr'>qui</span> <span class='ocrx_word' id='word_1_460' title='bbox 2345 2787 2474 2832; x_wconf 79' lang='lat' dir='ltr'>dixit:</span> <span class='ocrx_word' id='word_1_461' title='bbox 2509 2792 2553 2829; x_wconf 81' lang='lat' dir='ltr'>tu</span> <span class='ocrx_word' id='word_1_462' title='bbox 2587 2801 2626 2828; x_wconf 85' lang='lat' dir='ltr'>es</span> <span class='ocrx_word' id='word_1_463' title='bbox 2655 2789 2739 2828; x_wconf 85' lang='lat' dir='ltr'>Pe-</span> 
     </span>
     <span class='ocr_line' id='line_1_39' title="bbox 475 2859 2736 2916; baseline -0.002 -12"><span class='ocrx_word' id='word_1_464' title='bbox 475 2869 583 2916; x_wconf 80' lang='lat' dir='ltr'>trus,</span> <span class='ocrx_word' id='word_1_465' title='bbox 621 2868 660 2904; x_wconf 78' lang='lat' dir='ltr'>et</span> <span class='ocrx_word' id='word_1_466' title='bbox 687 2876 806 2916; x_wconf 77' lang='lat' dir='ltr'>super</span> <span class='ocrx_word' id='word_1_467' title='bbox 835 2863 934 2904; x_wconf 75' lang='lat' dir='ltr'>hane</span> <span class='ocrx_word' id='word_1_468' title='bbox 956 2868 1116 2915; x_wconf 81' lang='lat' dir='ltr'>petram</span> <span class='ocrx_word' id='word_1_469' title='bbox 1146 2862 1358 2914; x_wconf 79' lang='lat' dir='ltr'>aedificabo</span> <span class='ocrx_word' id='word_1_470' title='bbox 1387 2862 1586 2901; x_wconf 79' lang='lat' dir='ltr'>ecclesiam</span> <span class='ocrx_word' id='word_1_471' title='bbox 1614 2873 1764 2912; x_wconf 82' lang='lat' dir='ltr'>meam,</span> <span class='ocrx_word' id='word_1_472' title='bbox 1793 2865 1832 2901; x_wconf 76' lang='lat' dir='ltr'>et</span> <span class='ocrx_word' id='word_1_473' title='bbox 1852 2865 1996 2913; x_wconf 77' lang='lat' dir='ltr'>portae</span> <span class='ocrx_word' id='word_1_474' title='bbox 2024 2859 2145 2911; x_wconf 78' lang='lat' dir='ltr'>inseri</span> <span class='ocrx_word' id='word_1_475' title='bbox 2172 2873 2250 2901; x_wconf 77' lang='lat' dir='ltr'>non</span> <span class='ocrx_word' id='word_1_476' title='bbox 2277 2861 2561 2912; x_wconf 71' lang='lat' dir='ltr'>praevalebunt</span> <span class='ocrx_word' id='word_1_477' title='bbox 2588 2860 2736 2900; x_wconf 85' lang='lat' dir='ltr'>adver-</span> 
     </span>
     <span class='ocr_line' id='line_1_40' title="bbox 475 2931 2732 2988; baseline -0.001 -14"><span class='ocrx_word' id='word_1_478' title='bbox 475 2947 540 2975; x_wconf 77' lang='lat' dir='ltr'>sus</span> <span class='ocrx_word' id='word_1_479' title='bbox 569 2947 669 2976; x_wconf 83' lang='lat' dir='ltr'>eam.</span> <span class='ocrx_word' id='word_1_480' title='bbox 697 2934 876 2976; x_wconf 89' lang='lat' dir='ltr'>Caveant</span> <span class='ocrx_word' id='word_1_481' title='bbox 905 2933 1048 2987; x_wconf 89' lang='lat' dir='ltr'>itaque</span> <span class='ocrx_word' id='word_1_482' title='bbox 1078 2931 1231 2974; x_wconf 89' lang='lat' dir='ltr'>saeculi</span> <span class='ocrx_word' id='word_1_483' title='bbox 1259 2934 1489 2985; x_wconf 85' lang='lat' dir='ltr'>potestates</span> <span class='ocrx_word' id='word_1_484' title='bbox 1518 2933 1638 2987; x_wconf 91' lang='lat' dir='ltr'>sequi</span> <span class='ocrx_word' id='word_1_485' title='bbox 1659 2931 1779 2987; x_wconf 91' lang='lat' dir='ltr'>quod</span> <span class='ocrx_word' id='word_1_486' title='bbox 1807 2932 2136 2988; x_wconf 84' lang='lat' dir='ltr'>eutychianistae</span> <span class='ocrx_word' id='word_1_487' title='bbox 2159 2932 2440 2987; x_wconf 84' lang='lat' dir='ltr'>imperatores</span> <span class='ocrx_word' id='word_1_488' title='bbox 2466 2931 2732 2974; x_wconf 87' lang='lat' dir='ltr'>adinvenere.</span> 
     </span>
     <span class='ocr_line' id='line_1_41' title="bbox 474 3001 2738 3059; baseline -0.002 -12"><span class='ocrx_word' id='word_1_489' title='bbox 474 3006 553 3054; x_wconf 85' lang='lat' dir='ltr'>Dei</span> <span class='ocrx_word' id='word_1_490' title='bbox 586 3006 770 3048; x_wconf 87' lang='lat' dir='ltr'>eeclesiis</span> <span class='ocrx_word' id='word_1_491' title='bbox 808 3017 896 3047; x_wconf 92' lang='lat' dir='ltr'>non</span> <span class='ocrx_word' id='word_1_492' title='bbox 928 3005 1093 3059; x_wconf 88' lang='lat' dir='ltr'>pretio,</span> <span class='ocrx_word' id='word_1_493' title='bbox 1126 3016 1204 3045; x_wconf 91' lang='lat' dir='ltr'>nec</span> <span class='ocrx_word' id='word_1_494' title='bbox 1240 3003 1370 3056; x_wconf 83' lang='lat' dir='ltr'>gratis</span> <span class='ocrx_word' id='word_1_495' title='bbox 1390 3033 1402 3055; x_wconf 94' lang='lat'>,</span> <span class='ocrx_word' id='word_1_496' title='bbox 1437 3015 1516 3045; x_wconf 91' lang='grc'>1166</span> <span class='ocrx_word' id='word_1_497' title='bbox 1545 3004 1671 3046; x_wconf 91' lang='lat' dir='ltr'>etiam</span> <span class='ocrx_word' id='word_1_498' title='bbox 1702 3003 1900 3058; x_wconf 88' lang='lat' dir='ltr'>precihus</span> <span class='ocrx_word' id='word_1_499' title='bbox 1927 3003 2153 3057; x_wconf 89' lang='lat' dir='ltr'>episcopos</span> <span class='ocrx_word' id='word_1_500' title='bbox 2186 3003 2468 3055; x_wconf 83' lang='lat' dir='ltr'>constituant3</span> <span class='ocrx_word' id='word_1_501' title='bbox 2499 3009 2553 3044; x_wconf 89' lang='lat' dir='ltr'>ne</span> <span class='ocrx_word' id='word_1_502' title='bbox 2570 3033 2582 3055; x_wconf 91' lang='lat'>,</span> <span class='ocrx_word' id='word_1_503' title='bbox 2618 3001 2738 3057; x_wconf 85' lang='lat' dir='ltr'>quod</span> 
     </span>
     <span class='ocr_line' id='line_1_42' title="bbox 479 3073 2738 3131; baseline -0.002 -12"><span class='ocrx_word' id='word_1_504' title='bbox 479 3077 620 3130; x_wconf 89' lang='lat' dir='ltr'>absit,</span> <span class='ocrx_word' id='word_1_505' title='bbox 650 3088 746 3119; x_wconf 87' lang='grc'>611111</span> <span class='ocrx_word' id='word_1_506' title='bbox 773 3077 831 3118; x_wconf 88' lang='grc'>616</span> <span class='ocrx_word' id='word_1_507' title='bbox 860 3076 1020 3131; x_wconf 90' lang='lat' dir='ltr'>pariter</span> <span class='ocrx_word' id='word_1_508' title='bbox 1053 3075 1283 3130; x_wconf 88' lang='lat' dir='ltr'>puniantur</span> <span class='ocrx_word' id='word_1_509' title='bbox 1299 3105 1310 3127; x_wconf 95' lang='lat'>,</span> <span class='ocrx_word' id='word_1_510' title='bbox 1342 3086 1527 3128; x_wconf 90' lang='lat' dir='ltr'>quorum</span> <span class='ocrx_word' id='word_1_511' title='bbox 1560 3079 1646 3117; x_wconf 91' lang='lat' dir='ltr'>tam</span> <span class='ocrx_word' id='word_1_512' title='bbox 1678 3086 1830 3130; x_wconf 86' lang='lat' dir='ltr'>pravas</span> <span class='ocrx_word' id='word_1_513' title='bbox 1868 3074 2056 3116; x_wconf 90' lang='lat' dir='ltr'>actiones</span> <span class='ocrx_word' id='word_1_514' title='bbox 2085 3073 2242 3116; x_wconf 90' lang='lat' dir='ltr'>imitari</span> <span class='ocrx_word' id='word_1_515' title='bbox 2276 3073 2517 3115; x_wconf 88' lang='lat' dir='ltr'>voluerunt.</span> <span class='ocrx_word' id='word_1_516' title='bbox 2553 3074 2738 3116; x_wconf 88' lang='lat' dir='ltr'>Permit-</span> 
     </span>
     <span class='ocr_line' id='line_1_43' title="bbox 476 3145 2734 3200; baseline -0.002 -9"><span class='ocrx_word' id='word_1_517' title='bbox 476 3153 567 3191; x_wconf 86' lang='lat' dir='ltr'>tant</span> <span class='ocrx_word' id='word_1_518' title='bbox 595 3153 762 3190; x_wconf 89' lang='lat' dir='ltr'>sanctae</span> <span class='ocrx_word' id='word_1_519' title='bbox 791 3148 870 3189; x_wconf 89' lang='lat' dir='ltr'>Dei</span> <span class='ocrx_word' id='word_1_520' title='bbox 901 3148 1098 3190; x_wconf 90' lang='lat' dir='ltr'>ecclesiae</span> <span class='ocrx_word' id='word_1_521' title='bbox 1127 3147 1192 3188; x_wconf 90' lang='lat' dir='ltr'>uti</span> <span class='ocrx_word' id='word_1_522' title='bbox 1221 3158 1298 3188; x_wconf 90' lang='lat' dir='ltr'>suo</span> <span class='ocrx_word' id='word_1_523' title='bbox 1329 3147 1419 3189; x_wconf 90' lang='lat' dir='ltr'>iure</span> <span class='ocrx_word' id='word_1_524' title='bbox 1441 3150 1484 3188; x_wconf 86' lang='lat' dir='ltr'>et</span> <span class='ocrx_word' id='word_1_525' title='bbox 1502 3146 1696 3200; x_wconf 89' lang='lat' dir='ltr'>honore,</span> <span class='ocrx_word' id='word_1_526' title='bbox 1721 3145 1880 3187; x_wconf 90' lang='lat' dir='ltr'>scilicet</span> <span class='ocrx_word' id='word_1_527' title='bbox 1908 3145 2137 3187; x_wconf 91' lang='lat' dir='ltr'>secundum</span> <span class='ocrx_word' id='word_1_528' title='bbox 2169 3149 2413 3187; x_wconf 81' lang='lat' dir='ltr'>sanctorum</span> <span class='ocrx_word' id='word_1_529' title='bbox 2434 3149 2605 3200; x_wconf 91' lang='lat' dir='ltr'>patrum</span> <span class='ocrx_word' id='word_1_530' title='bbox 2634 3156 2734 3186; x_wconf 90' lang='lat' dir='ltr'>san-</span> 
     </span>
     <span class='ocr_line' id='line_1_44' title="bbox 479 3215 2736 3274; baseline -0.002 -13"><span class='ocrx_word' id='word_1_531' title='bbox 479 3220 643 3263; x_wconf 89' lang='lat' dir='ltr'>ctiones</span> <span class='ocrx_word' id='word_1_532' title='bbox 664 3250 676 3273; x_wconf 96' lang='lat'>,</span> <span class='ocrx_word' id='word_1_533' title='bbox 708 3218 931 3274; x_wconf 88' lang='lat' dir='ltr'>pontifices</span> <span class='ocrx_word' id='word_1_534' title='bbox 960 3219 1040 3260; x_wconf 90' lang='lat' dir='ltr'>sibi</span> <span class='ocrx_word' id='word_1_535' title='bbox 1070 3219 1252 3273; x_wconf 84' lang='lat' dir='ltr'>deligere</span> <span class='ocrx_word' id='word_1_536' title='bbox 1283 3222 1326 3260; x_wconf 89' lang='lat' dir='ltr'>et</span> <span class='ocrx_word' id='word_1_537' title='bbox 1354 3229 1626 3273; x_wconf 87' lang='lat' dir='ltr'>promovere.</span> <span class='ocrx_word' id='word_1_538' title='bbox 1659 3217 1755 3259; x_wconf 83' lang='lat' dir='ltr'>Non</span> <span class='ocrx_word' id='word_1_539' title='bbox 1783 3220 1949 3258; x_wconf 89' lang='lat' dir='ltr'>mutent</span> <span class='ocrx_word' id='word_1_540' title='bbox 1977 3215 2249 3259; x_wconf 88' lang='lat' dir='ltr'>traditionem</span> <span class='ocrx_word' id='word_1_541' title='bbox 2278 3215 2474 3258; x_wconf 88' lang='lat' dir='ltr'>ecclesiae</span> <span class='ocrx_word' id='word_1_542' title='bbox 2500 3227 2524 3257; x_wconf 92' lang='lat' dir='ltr'>a</span> <span class='ocrx_word' id='word_1_543' title='bbox 2542 3216 2633 3257; x_wconf 90' lang='lat' dir='ltr'>Deo</span> <span class='ocrx_word' id='word_1_544' title='bbox 2664 3215 2736 3256; x_wconf 87' lang='lat' dir='ltr'>in-</span> 
     </span>
     <span class='ocr_line' id='line_1_45' title="bbox 479 3286 2734 3344; baseline -0.002 -11"><span class='ocrx_word' id='word_1_545' title='bbox 479 3291 695 3344; x_wconf 81' lang='lat' dir='ltr'>stitutam3</span> <span class='ocrx_word' id='word_1_546' title='bbox 729 3290 957 3344; x_wconf 91' lang='lat' dir='ltr'>quoniam,</span> <span class='ocrx_word' id='word_1_547' title='bbox 981 3294 1030 3331; x_wconf 91' lang='lat' dir='ltr'>ut</span> <span class='ocrx_word' id='word_1_548' title='bbox 1060 3290 1243 3332; x_wconf 88' lang='lat' dir='ltr'>Gelasius</span> <span class='ocrx_word' id='word_1_549' title='bbox 1273 3289 1419 3332; x_wconf 90' lang='lat' dir='ltr'>scribit</span> <span class='ocrx_word' id='word_1_550' title='bbox 1438 3320 1450 3343; x_wconf 92' lang='lat'>,</span> <span class='ocrx_word' id='word_1_551' title='bbox 1473 3302 1560 3332; x_wconf 87' lang='lat' dir='ltr'>non</span> <span class='ocrx_word' id='word_1_552' title='bbox 1583 3301 1608 3331; x_wconf 87' lang='lat' dir='ltr'>a</span> <span class='ocrx_word' id='word_1_553' title='bbox 1627 3287 1794 3343; x_wconf 85' lang='lat' dir='ltr'>legibus</span> <span class='ocrx_word' id='word_1_554' title='bbox 1824 3286 2031 3342; x_wconf 89' lang='lat' dir='ltr'>publicis,</span> <span class='ocrx_word' id='word_1_555' title='bbox 2068 3299 2156 3329; x_wconf 91' lang='lat' dir='ltr'>non</span> <span class='ocrx_word' id='word_1_556' title='bbox 2186 3299 2211 3329; x_wconf 90' lang='lat' dir='ltr'>a</span> <span class='ocrx_word' id='word_1_557' title='bbox 2240 3287 2519 3342; x_wconf 87' lang='lat' dir='ltr'>potestatibus</span> <span class='ocrx_word' id='word_1_558' title='bbox 2548 3286 2703 3329; x_wconf 89' lang='lat' dir='ltr'>saeculi</span> <span class='ocrx_word' id='word_1_559' title='bbox 2721 3317 2734 3340; x_wconf 91' lang='lat'>,</span> 
     </span>
     <span class='ocr_line' id='line_1_46' title="bbox 479 3357 2736 3416; baseline -0.001 -13"><span class='ocrx_word' id='word_1_560' title='bbox 479 3361 551 3404; x_wconf 85' lang='lat' dir='ltr'>sed</span> <span class='ocrx_word' id='word_1_561' title='bbox 582 3374 606 3403; x_wconf 87' lang='lat' dir='ltr'>a</span> <span class='ocrx_word' id='word_1_562' title='bbox 635 3360 907 3415; x_wconf 89' lang='lat' dir='ltr'>pontificibus</span> <span class='ocrx_word' id='word_1_563' title='bbox 930 3366 971 3403; x_wconf 91' lang='lat' dir='ltr'>et</span> <span class='ocrx_word' id='word_1_564' title='bbox 993 3361 1282 3403; x_wconf 89' lang='lat' dir='ltr'>sacerdotibus</span> <span class='ocrx_word' id='word_1_565' title='bbox 1300 3361 1568 3416; x_wconf 89' lang='lat' dir='ltr'>omnipotens</span> <span class='ocrx_word' id='word_1_566' title='bbox 1588 3361 1702 3402; x_wconf 89' lang='lat' dir='ltr'>Deus</span> <span class='ocrx_word' id='word_1_567' title='bbox 1723 3358 1972 3401; x_wconf 88' lang='lat' dir='ltr'>christianae</span> <span class='ocrx_word' id='word_1_568' title='bbox 1993 3357 2210 3412; x_wconf 86' lang='lat' dir='ltr'>religionis</span> <span class='ocrx_word' id='word_1_569' title='bbox 2232 3358 2406 3401; x_wconf 89' lang='lat' dir='ltr'>clericos</span> <span class='ocrx_word' id='word_1_570' title='bbox 2436 3362 2478 3400; x_wconf 93' lang='lat' dir='ltr'>et</span> <span class='ocrx_word' id='word_1_571' title='bbox 2498 3357 2736 3400; x_wconf 87' lang='lat' dir='ltr'>sacerdotes</span> 
     </span>
     <span class='ocr_line' id='line_1_47' title="bbox 478 3429 2736 3486; baseline -0 -14"><span class='ocrx_word' id='word_1_572' title='bbox 478 3432 615 3473; x_wconf 85' lang='lat' dir='ltr'>voluit</span> <span class='ocrx_word' id='word_1_573' title='bbox 645 3430 835 3473; x_wconf 88' lang='lat' dir='ltr'>ordinari</span> <span class='ocrx_word' id='word_1_574' title='bbox 865 3436 908 3473; x_wconf 90' lang='lat' dir='ltr'>et</span> <span class='ocrx_word' id='word_1_575' title='bbox 938 3431 1104 3474; x_wconf 90' lang='lat' dir='ltr'>discuti.</span> <span class='ocrx_word' id='word_1_576' title='bbox 1140 3433 1419 3486; x_wconf 88' lang='lat' dir='ltr'>Imperatores</span> <span class='ocrx_word' id='word_1_577' title='bbox 1449 3431 1665 3473; x_wconf 89' lang='lat' dir='ltr'>christiani</span> <span class='ocrx_word' id='word_1_578' title='bbox 1687 3430 1868 3473; x_wconf 89' lang='lat' dir='ltr'>subdere</span> <span class='ocrx_word' id='word_1_579' title='bbox 1891 3430 2044 3473; x_wconf 90' lang='lat' dir='ltr'>debent</span> <span class='ocrx_word' id='word_1_580' title='bbox 2065 3431 2331 3473; x_wconf 86' lang='lat' dir='ltr'>executiones</span> <span class='ocrx_word' id='word_1_581' title='bbox 2349 3442 2445 3472; x_wconf 89' lang='lat' dir='ltr'>suas</span> <span class='ocrx_word' id='word_1_582' title='bbox 2466 3429 2736 3472; x_wconf 88' lang='lat' dir='ltr'>ecclesiarum</span> 
     </span>
     <span class='ocr_line' id='line_1_48' title="bbox 480 3500 2738 3558; baseline -0.001 -13"><span class='ocrx_word' id='word_1_583' title='bbox 480 3502 776 3558; x_wconf 89' lang='lat' dir='ltr'>praesulibus,</span> <span class='ocrx_word' id='word_1_584' title='bbox 800 3514 888 3545; x_wconf 92' lang='lat' dir='ltr'>non</span> <span class='ocrx_word' id='word_1_585' title='bbox 917 3502 1146 3557; x_wconf 88' lang='lat' dir='ltr'>praeferre:</span> <span class='ocrx_word' id='word_1_586' title='bbox 1170 3515 1400 3557; x_wconf 91' lang='lat' dir='ltr'>numquam</span> <span class='ocrx_word' id='word_1_587' title='bbox 1431 3503 1482 3546; x_wconf 92' lang='lat' dir='ltr'>de</span> <span class='ocrx_word' id='word_1_588' title='bbox 1512 3502 1811 3558; x_wconf 86' lang='lat' dir='ltr'>pontificibus,</span> <span class='ocrx_word' id='word_1_589' title='bbox 1842 3502 1925 3544; x_wconf 90' lang='lat' dir='ltr'>nisi</span> <span class='ocrx_word' id='word_1_590' title='bbox 1954 3502 2174 3545; x_wconf 89' lang='lat' dir='ltr'>ecclesiam</span> <span class='ocrx_word' id='word_1_591' title='bbox 2201 3501 2416 3544; x_wconf 88' lang='lat' dir='ltr'>iudicare:</span> <span class='ocrx_word' id='word_1_592' title='bbox 2452 3500 2629 3556; x_wconf 89' lang='lat' dir='ltr'>obsequi</span> <span class='ocrx_word' id='word_1_593' title='bbox 2662 3512 2738 3543; x_wconf 82' lang='lat' dir='ltr'>so-</span> 
     </span>
     <span class='ocr_line' id='line_1_49' title="bbox 478 3573 2408 3633; baseline -0.002 -16"><span class='ocrx_word' id='word_1_594' title='bbox 478 3575 565 3618; x_wconf 89' lang='lat' dir='ltr'>lere</span> <span class='ocrx_word' id='word_1_595' title='bbox 595 3573 807 3633; x_wconf 88' lang='lat' dir='ltr'>principes</span> <span class='ocrx_word' id='word_1_596' title='bbox 837 3573 1085 3618; x_wconf 86' lang='lat' dir='ltr'>christianos</span> <span class='ocrx_word' id='word_1_597' title='bbox 1115 3573 1293 3616; x_wconf 89' lang='lat' dir='ltr'>decretis</span> <span class='ocrx_word' id='word_1_598' title='bbox 1323 3574 1518 3617; x_wconf 89' lang='lat' dir='ltr'>ecclesiae</span> <span class='ocrx_word' id='word_1_599' title='bbox 1534 3606 1547 3628; x_wconf 87' lang='lat'>,</span> <span class='ocrx_word' id='word_1_600' title='bbox 1579 3585 1669 3616; x_wconf 91' lang='lat' dir='ltr'>non</span> <span class='ocrx_word' id='word_1_601' title='bbox 1698 3585 1817 3616; x_wconf 88' lang='lat' dir='ltr'>suam</span> <span class='ocrx_word' id='word_1_602' title='bbox 1847 3585 2106 3629; x_wconf 87' lang='lat' dir='ltr'>praeponere</span> <span class='ocrx_word' id='word_1_603' title='bbox 2135 3576 2408 3627; x_wconf 86' lang='lat' dir='ltr'>potestatem.</span> 
     </span>
    </p>
   </div>
  </div>
 </body>
</html>
