2996 4432
1252 267 1494 300 romzoinS.
2447 254 2514 303 65

249 358 580 412 sacerdotum
597 395 610 418 ,
638 352 966 408 considerata
991 351 1333 424 paenitudine
1355 342 1699 424 paenitenti5‚
1730 353 1861 424 quid
1886 353 2188 426 quibusque
2225 356 2507 409 conveniat

250 442 481 494 iudiciali
516 437 810 510 magisterio
847 435 1145 508 dispertire.
1187 437 1254 488 Et
1289 446 1350 487 ut
1376 433 1445 487 ad
1470 435 1572 487 hoc
1600 434 1894 488 faciendum
1929 437 2034 488 sint
2062 436 2265 500 idonei,
2293 449 2506 509 oportet

251 544 343 577 eos
377 539 604 577 canones
639 531 941 573 sanctornm
977 530 1189 589 patrum
1224 536 1335 571 non
1374 518 1647 587 ignorare,
1690 529 1748 569 ut
1777 530 1828 570 et
1853 518 2109 570 iudicium
2145 539 2175 572 a
2200 532 2503 572 sanctorum

252 625 516 660 canonum
542 601 766 675 prodeat
793 601 1131 666 auctoritate,
1172 612 1226 652 et
1260 598 1614 652 misericordia
1651 618 1855 670 semper
1890 619 2116 670 sequens
2153 605 2508 673 superexaltet

249 689 517 741 iudicium.
557 683 814 737 Iudicium
851 684 991 735 enim
1029 684 1140 736 sine
1175 680 1531 734 misericordia
1565 681 1647 733 his
1684 683 1779 752 qui
1815 702 1926 734 non
1963 684 2181 736 fecerint
2212 686 2504 738 misericor-

249 772 422 836 diam3
463 787 562 822 nec
597 766 852 819 iudicium
888 765 992 818 dici
1029 776 1234 838 potest,
1264 763 1413 836 quod
1439 764 1557 816 oleo
1582 764 1968 822 misericordiae
1995 785 2106 817 non
2132 778 2210 819 est
2232 768 2498 820 leviatum.

249 853 405 906 Unde
441 864 494 905 et
534 850 878 904 samaritanus
915 849 1002 901 ille
1038 848 1216 920 plagas
1247 844 1507 899 vulnerati
1543 847 1660 899 oleo
1697 847 1835 900 lavat
1871 859 1924 900 et
1960 849 2108 911 vino,
2150 862 2210 901 ut
2245 862 2298 902 et
2334 863 2503 903 auste-
2552 872 2623 902 cod.
2645 873 2665 902 1.
2687 879 2730 904 00.
2755 846 2783 903 ξι.

247 940 374 991 ritas
403 937 530 1006 legis
568 951 751 987 carnes
784 930 1024 1003 putridas
1059 931 1285 993 cruciet,
1333 940 1385 982 et
1431 928 1784 982 misericordia
1829 930 2128 999 evangelica
2164 932 2281 984 oleo
2329 933 2503 986 bonae

249 1020 533 1075 voluntatis
567 1017 786 1070 delinita
822 1014 1077 1067 cruciatas
1112 1013 1310 1075 foveat,
1350 1023 1402 1064 et
1437 1014 1569 1065 fotas
1605 1013 1812 1065 sanitati
1847 1011 2032 1065 reddat
2057 1032 2118 1065 ac
2142 1016 2359 1066 nutriat.
2391 1016 2502 1068 Nec

249 1107 355 1157 hoc
383 1097 824 1175 praetereundum
863 1097 1063 1167 absque
1099 1095 1520 1158 consideratione
1556 1096 1795 1159 videtur,
1843 1096 1993 1167 quod
2034 1095 2174 1149 idem
2215 1098 2504 1151 stabulario

248 1188 384 1241 dixit
419 1184 762 1237 samaritanus
799 1179 1028 1231 duorum
1069 1179 1437 1230 numismatum
1474 1196 1692 1231 munere
1729 1178 1958 1231 donato:
2007 1180 2375 1252 quodcumque
2417 1202 2508 1233 su-

244 1268 596 1343 perogaveris,
642 1285 729 1337 ego
764 1282 887 1315 cum
923 1261 1117 1314 rediero
1151 1259 1368 1313 reddam
1405 1262 1503 1313 tibi
1521 1263 1560 1313 ’ἢ
1595 1261 1680 1313 Ad
1711 1263 1813 1314 hoc
1838 1263 1977 1314 enim
2002 1264 2159 1332 positi
2192 1275 2314 1315 sunt
2340 1283 2507 1316 sacer·
2553 1283 2771 1314 *suarza

252 1353 401 1405 dotes
436 1352 493 1402 in
530 1347 766 1409 stabulo,
806 1344 955 1416 quod
991 1356 1070 1397 est
1105 1345 1348 1409 eeclesia,
1388 1357 1449 1396 ut
1485 1345 1814 1397 infirmorum
1849 1365 2027 1397 curam
2065 1346 2316 1399 habeant:
2370 1360 2421 1399 et
2464 1348 2507 1399 si

250 1435 385 1507 quid
435 1432 796 1503 compassione
843 1426 1229 1480 misericordiae
1277 1428 1466 1480 devicti
1520 1429 1862 1498 peccantibus
1909 1429 2029 1499 plus
2071 1439 2231 1500 quam
2273 1451 2503 1484 canones

249 1519 472 1588 exigunt
507 1513 848 1576 donaverint,
889 1529 1002 1562 non
1037 1511 1207 1562 solum.
1244 1511 1321 1562 rei
1357 1530 1469 1562 non
1504 1522 1753 1563 tenentur
1789 1512 1859 1563 ob
1898 1513 2000 1563 hoc
2038 1513 2181 1564 velut
2205 1514 2332 1584 legis
2358 1534 2503 1584 prae-

254 1602 567 1654 varicatores
588 1638 600 1661 ,
630 1595 722 1648 sed
748 1614 867 1646 cum
897 1593 1100 1646 venerit
1124 1592 1285 1644 iudex
1311 1604 1584 1663 pastorum
1610 1592 1831 1646 reddere
1858 1596 2150 1666 unicuique
2176 1597 2323 1648 iuxta
2345 1617 2508 1668 opera

252 1704 378 1748 sua,
430 1681 645 1735 audient
687 1697 788 1748 pro
830 1678 968 1729 hoc:
1012 1676 1150 1728 beati
1202 1675 1591 1739 misericordes,
1636 1677 1896 1747 quonium
1947 1678 2053 1748 ipsi
2096 1679 2510 1732 miscricordiam

258 1776 646 1838 consequentur
660 1763 702 1812 ’ἃ
1987 1831 1991 1834 Α
2561 1779 2692 1811 mam„
2709 1781 2745 1810 v,
2759 1786 2787 1810 7,

374 1850 491 1911 140.
531 1843 813 1898 Sciendum
850 1853 1027 1894 tamen
1063 1847 1333 1913 praeterea
1371 1852 1475 1904 est,
1511 1841 1658 1912 quod
1696 1843 1928 1894 remissio
1966 1856 2330 1914 peccatorum,
2373 1866 2512 1917 quae

254 1933 316 1984 fit
340 1951 440 2003 >per
465 1929 850 1982 absolutionem
888 1925 1195 1986 sacerdotis,
1235 1926 1488 1995 temporis
1525 1941 1637 1977 non
1659 1937 1899 1996 expectat
1923 1927 2281 1996 prolixitatem
2314 1931 2378 1998 1),
2421 1930 2514 1982 sed

257 2030 592 2086 quacumque
629 2011 760 2064 hora
797 2019 1043 2079 peccator
1078 2008 1269 2059 scelera
1313 2026 1406 2058 sua
1449 2007 1706 2059 sacerdoti
1754 2009 1995 2060 confiteri
2040 2029 2153 2062 non
2200 2012 2515 2068 erubescens

254 2115 379 2149 vere
408 2093 758 2167 paenituerit,
799 2090 1059 2142 iudicatus
1095 2109 1126 2157 a
1163 2089 1460 2154 sacerdote,
1501 2091 1622 2142 ilico
1660 2091 1761 2143 iam
1798 2111 1908 2143 non
1947 2103 2024 2143 est
2051 2106 2298 2162 peccator
2323 2094 2415 2146 sed
2439 2096 2542 2146 iu-·
2599 2101 2606 2107 “

257 2193 388 2233 51115.
435 2176 597 2245 Quod
643 2188 817 2228 autem
861 2173 1151 2226 secundum
1191 2193 1420 2225 canones
1459 2174 1740 2236 ieiunium,
1794 2187 1847 2226 et
1889 2176 2060 2227 carnis
2104 2178 2417 2240 maceratio,
2465 2190 2518 2229 et

219 2296 225 2298 f
256 2265 705 2332 eleemosynarum
738 2257 1076 2319 distributio,
1116 2268 1169 2308 et
1204 2255 1408 2308 assidua
1447 2257 1616 2309 oratio
1653 2258 1940 2328 paenitenti
1991 2258 2267 2322 indicitur,
2309 2260 2514 2312 fructus

258 2358 385 2400 sunt
411 2363 562 2397 verae
586 2342 967 2414 paenitentiae,
996 2359 1132 2411 quos
1155 2358 1185 2390 a
1211 2339 1506 2409 paenitente
1530 2340 1866 2409 requirimus.
1902 2341 2023 2393 Non
2051 2343 2188 2393 enim
2221 2343 2371 2394 aliter
2395 2361 2518 2414 cog-

259 2431 406 2483 nosci
442 2439 618 2499 posset
644 2444 870 2479 verusne
907 2436 1041 2477 esset
1077 2423 1352 2495 paenitens
1387 2441 1572 2474 necne.
1604 2422 1780 2473 Verba
1805 2424 1943 2474 enim
1970 2424 2219 2476 Iohannis
2255 2425 2515 2496 baptistae

261 2514 354 2584 qui
379 2513 580 2583 primus
603 2509 659 2560 in
683 2526 824 2560 novo
850 2516 1164 2559 testamento
1188 2506 1561 2576 paenitentiam
1581 2505 1903 2578 praedicavit
1928 2508 2160 2577 populis,
2190 2509 2318 2560 haec
2338 2510 2511 2560 sunt*:
2566 2530 2698 2560 *Mami
2719 2530 2811 2560 urs.

244 2597 425 2665 facite
429 2596 652 2664 fructus
671 2591 859 2662 dignos
875 2590 1262 2661 paenitentiae.
1288 2589 1511 2641 Fructus
1535 2607 1665 2640 vero·
1681 2588 1824 2659 digni
1843 2591 2192 2660 paenitentiae
2212 2592 2266 2643 hi
2293 2604 2434 2656 sunt,
2458 2605 2517 2644 ut

265 2679 307 2730 si
337 2678 458 2748 quis
484 2675 712 2727 novit-se
737 2673 913 2725 illicita
939 2683 1263 2743 perpetrasse
1281 2712 1294 2735 ,
1322 2682 1470 2722 tanto
1498 2690 1551 2733 se
1576 2690 1605 2722 a
1631 2672 1785 2723 licitis
1808 2673 2092 2735 abstineat,
2121 2674 2365 2725 Ceterum
2390 2675 2518 2744 quia

263 2760 331 2813 de
355 2759 674 2831 paenitentia
701 2769 753 2808 et
779 2756 1084 2808 remissione
1119 2764 1453 2826 peccatorum
1487 2755 1715 2806 scribere
1740 2755 1796 2805 in
1820 2755 1922 2807 hoc
1946 2756 2123 2807 libello
2159 2755 2484 2808 decrevimus
2500 2799 2512 2822 ,

262 2841 546 2894 dicendum
567 2850 803 2910 estquot
827 2836 996 2890 modis
1014 2838 1103 2888 fiat
1133 2837 1365 2889 remissio
1394 2848 1727 2906 peccatorum
1754 2836 2172 2909 delictorumque
2200 2839 2255 2890 in
2280 2839 2514 2891 ecclesia.

376 2926 491 2987 141.
532 2924 704 2975 Prima
741 2922 973 2974 remissio
1009 2921 1066 2972 fit
1100 2939 1196 2990 per
1230 2921 1572 2991 baptismum,
1611 2940 1720 2991 quo
1756 2922 2032 2992 originalia
2061 2934 2113 2974 et
2142 2924 2362 2975 actualia
2394 2926 2519 2989 rela-

266 3019 460 3059 xantur
504 3005 707 3058 delicta.
749 3002 988 3056 Secunda
1031 3015 1108 3055 est
1146 3003 1199 3054 in
1234 3004 1516 3073 martyrio,
1548 3022 1645 3074 per
1684 3004 1833 3075 quod
1868 3006 2000 3056 sicut
2034 2991 2130 3076 per
2163 3006 2479 3076 baptismum
2500 3049 2513 3070 ‚

266 3091 444 3142 omnia
481 3088 726 3141 delentur
760 3097 993 3157 peccata.
1035 3085 1211 3137 Tertia
1243 3086 1303 3137 fit
1326 3105 1424 3156 per
1449 3087 1714 3138 caritatem
1738 3126 1752 3148 ‚
1781 3086 1847 3138 de
1874 3106 1980 3157 qua
2009 3088 2260 3159 scriptum
2293 3092 2429 3141 est*:
2471 3102 2522 3141 et
2568 3115 2846 3144 *1.P‹:tr.1v.s.

263 3174 463 3231 caritas
510 3174 678 3242 operit
725 3169 1129 3221 multitudinem
1170 3180 1526 3239 peccatorum.
1567 3170 1674 3234 Qui
1712 3170 1850 3221 enim
1887 3172 2056 3222 Deum
2100 3171 2298 3241 diligit,
2341 3171 2523 3243 dilige-

263 3267 352 3307 tur
376 3255 444 3306 ab
470 3273 551 3306 eo.
588 3255 707 3318 Qua
733 3252 1034 3305 remissione
1059 3249 1296 3302 ditantur
1331 3251 1405 3302 illi
1423 3293 1436 3314 ,
1471 3252 1566 3321 qui
1600 3251 1865 3304 adtentius
1891 3254 2059 3326 Deum
2093 3252 2344 3324 diligunt,
2373 3275 2519 3307 mun-

265 3337 393 3389 dum
430 3355 549 3387 cum
587 3335 795 3406 pompis
843 3333 952 3384 suis
996 3344 1332 3403 respuentes,
1382 3335 1619 3405 nihilque
1658 3334 2016 3405 possidentes,
2058 3335 2189 3388 nudi
2239 3339 2408 3389 Deum
2442 3358 2519 3391 se-

267 3430 509 3490 quuntur
535 3460 548 3483 ,
588 3429 648 3469 ut
687 3428 814 3469 sunt
847 3416 1010 3467 sancti
1046 3417 1307 3468 monachi.
1349 3417 1551 3482 Quarta
1587 3429 1663 3469 est
1704 3419 1761 3470 in
1797 3419 2045 3471 instantia
2079 3419 2514 3490 praedicationiS‚

268 3503 414 3553 iuxta
456 3500 590 3552 illud
627 3499 849 3570 apostoli
876 3499 930 3549 *ε
975 3498 1072 3569 qui
1113 3499 1337 3550 converti
1357 3499 1551 3567 fecerit
1577 3511 1904 3570 peccatorem
1935 3502 2003 3553 ab
2027 3495 2193 3553 errore
2215 3503 2325 3553 viae
2356 3522 2511 3564 suae,
2571 3528 2660 3556 quc.
2679 3527 2717 3555 v.
2734 3530 2768 3555 20

267 3584 494 3636 salvabit
529 3585 777 3635 animam
801 3582 916 3632 eius
939 3600 976 3632 a
1002 3592 1191 3644 morte,
1226 3593 1275 3633 et
1304 3583 1472 3652 operit
1507 3582 1559 3650 2)
1598 3583 2006 3636 multitudinem
2034 3597 2371 3655 peccatorum
2408 3604 2523 3638 suo-

354 3739 388 3781 1)
413 3737 494 3773 Hoc
517 3741 644 3773 eontra
669 3733 809 3793 rigidos
836 3734 921 3771 iilos
934 3761 947 3780 ‚
974 3734 1039 3782 qui
1069 3733 1180 3782 paulo
1208 3738 1295 3772 ante
1320 3728 1490 3782 tempora'
1512 3740 1662 3781 nostra,
1689 3738 1918 3776 contrarium
1945 3738 2156 3776 sentiebant
2182 3742 2219 3774 et
2246 3736 2417 3784 agebant.

352 3798 389 3840 2)
414 3795 474 3832 Sic
491 3805 619 3842 graece
635 3795 798 3832 occurrit
812 3793 908 3831 varia
926 3792 1036 3830 lectio
1061 3795 1214 3833 καλόπτε
1233 3803 1312 3842 ιρι-ο
1327 3794 1490 3843 καλύψει.
1512 3795 1589 3832 Nec
1604 3795 1791 3835 immerito
1806 3798 1945 3836 Bonizo
1962 3797 2065 3836 addit
2082 3808 2251 3843 suorum,
2270 3801 2311 3833 ut
2325 3795 2447 3834 videre
2471 3802 2526 3834 est

272 3853 375 3903 apud
398 3853 630 3892 Sabaterium
656 3854 695 3893 in
719 3864 796 3892 var.
826 3853 910 3891 lect.
936 3851 1030 3891 bibl.

2332 3915 2351 3953 1
