<?xml version="1.0" encoding="UTF-8"?>
<!DOCTYPE html PUBLIC "-//W3C//DTD XHTML 1.0 Transitional//EN"
    "http://www.w3.org/TR/xhtml1/DTD/xhtml1-transitional.dtd">
<html xmlns="http://www.w3.org/1999/xhtml" xml:lang="en" lang="en">
 <head>
  <title>
</title>
<meta http-equiv="Content-Type" content="text/html;charset=utf-8" />
  <meta name='ocr-system' content='tesseract 3.04.00' />
  <meta name='ocr-capabilities' content='ocr_page ocr_carea ocr_par ocr_line ocrx_word'/>
</head>
<body>
  <div class='ocr_page' id='page_1' title='image "./novaepatrumbibli07maiauoft/novaepatrumbibli07maiauoft_0013.png"; bbox 0 0 2944 4426; ppageno 0'>
   <div class='ocr_carea' id='block_1_1' title="bbox 1307 259 2572 298">
    <p class='ocr_par' dir='ltr' id='par_1_1' title="bbox 1307 259 2572 298">
     <span class='ocr_line' id='line_1_1' title="bbox 1307 259 2572 298; baseline 0.002 -3"><span class='ocrx_word' id='word_1_1' title='bbox 1307 259 1569 297; x_wconf 71' lang='lat' dir='ltr'>PRAEFATIO.</span> <span class='ocrx_word' id='word_1_2' title='bbox 2264 284 2265 287; x_wconf 67' lang='lat'><em>=</em></span> <span class='ocrx_word' id='word_1_3' title='bbox 2302 287 2305 291; x_wconf 87' lang='lat'><em>-</em></span> <span class='ocrx_word' id='word_1_4' title='bbox 2507 267 2572 298; x_wconf 80' lang='lat' dir='ltr'>vn</span> 
     </span>
    </p>
   </div>
   <div class='ocr_carea' id='block_1_2' title="bbox 303 350 2572 1035">
    <p class='ocr_par' dir='ltr' id='par_1_2' title="bbox 303 350 2572 1035">
     <span class='ocr_line' id='line_1_2' title="bbox 309 350 2571 414; baseline -0.003 -9"><span class='ocrx_word' id='word_1_5' title='bbox 309 357 423 406; x_wconf 89' lang='lat' dir='ltr'>olim</span> <span class='ocrx_word' id='word_1_6' title='bbox 454 351 756 400; x_wconf 88' lang='lat' dir='ltr'>inseruimus:</span> <span class='ocrx_word' id='word_1_7' title='bbox 785 365 936 414; x_wconf 89' lang='lat' dir='ltr'>neque</span> <span class='ocrx_word' id='word_1_8' title='bbox 969 351 1082 398; x_wconf 88' lang='lat' dir='ltr'>item</span> <span class='ocrx_word' id='word_1_9' title='bbox 1115 350 1382 414; x_wconf 79' lang='lat' dir='ltr'>complures</span> <span class='ocrx_word' id='word_1_10' title='bbox 1414 351 1544 406; x_wconf 88' lang='lat' dir='ltr'>illas,</span> <span class='ocrx_word' id='word_1_11' title='bbox 1579 365 1702 413; x_wconf 88' lang='lat' dir='ltr'>quae</span> <span class='ocrx_word' id='word_1_12' title='bbox 1735 365 1841 397; x_wconf 90' lang='lat' dir='ltr'>cum</span> <span class='ocrx_word' id='word_1_13' title='bbox 1874 350 2015 398; x_wconf 89' lang='lat' dir='ltr'>latine</span> <span class='ocrx_word' id='word_1_14' title='bbox 2048 360 2229 399; x_wconf 87' lang='lat' dir='ltr'>tantum</span> <span class='ocrx_word' id='word_1_15' title='bbox 2263 359 2472 399; x_wconf 80' lang='lat' dir='ltr'><strong>extarent</strong></span> <span class='ocrx_word' id='word_1_16' title='bbox 2497 353 2571 398; x_wconf 82' lang='lat' dir='ltr'>vel</span> 
     </span>
     <span class='ocr_line' id='line_1_3' title="bbox 307 428 2572 492; baseline -0.002 -13"><span class='ocrx_word' id='word_1_17' title='bbox 307 435 357 479; x_wconf 88' lang='lat' dir='ltr'>in</span> <span class='ocrx_word' id='word_1_18' title='bbox 388 429 555 492; x_wconf 89' lang='lat' dir='ltr'>synodi</span> <span class='ocrx_word' id='word_1_19' title='bbox 579 430 769 492; x_wconf 81' lang='lat' dir='ltr'>quintae</span> <span class='ocrx_word' id='word_1_20' title='bbox 793 430 927 483; x_wconf 87' lang='lat' dir='ltr'>actis,</span> <span class='ocrx_word' id='word_1_21' title='bbox 954 428 1029 478; x_wconf 91' lang='lat' dir='ltr'>vel</span> <span class='ocrx_word' id='word_1_22' title='bbox 1058 429 1184 492; x_wconf 90' lang='lat' dir='ltr'>apud</span> <span class='ocrx_word' id='word_1_23' title='bbox 1206 430 1451 476; x_wconf 85' lang='lat' dir='ltr'>Leontium</span> <span class='ocrx_word' id='word_1_24' title='bbox 1479 430 1526 475; x_wconf 93' lang='lat' dir='ltr'>in</span> <span class='ocrx_word' id='word_1_25' title='bbox 1558 428 1837 490; x_wconf 86' lang='lat' dir='ltr'>basnagiana</span> <span class='ocrx_word' id='word_1_26' title='bbox 1864 430 2027 475; x_wconf 89' lang='lat' dir='ltr'>Canisii</span> <span class='ocrx_word' id='word_1_27' title='bbox 2055 430 2258 476; x_wconf 82' lang='lat' dir='ltr'>editione</span> <span class='ocrx_word' id='word_1_28' title='bbox 2275 465 2286 482; x_wconf 84' lang='lat'>,</span> <span class='ocrx_word' id='word_1_29' title='bbox 2316 445 2402 476; x_wconf 89' lang='lat' dir='ltr'>nos</span> <span class='ocrx_word' id='word_1_30' title='bbox 2432 430 2572 492; x_wconf 90' lang='lat' dir='ltr'>primi</span> 
     </span>
     <span class='ocr_line' id='line_1_4' title="bbox 303 507 2571 571; baseline -0.001 -16"><span class='ocrx_word' id='word_1_31' title='bbox 303 523 468 571; x_wconf 84' lang='lat' dir='ltr'>graece</span> <span class='ocrx_word' id='word_1_32' title='bbox 492 509 539 554; x_wconf 93' lang='lat' dir='ltr'>in</span> <span class='ocrx_word' id='word_1_33' title='bbox 565 516 745 555; x_wconf 83' lang='lat' dir='ltr'>sextum</span> <span class='ocrx_word' id='word_1_34' title='bbox 770 508 1060 570; x_wconf 81' lang='lat' dir='ltr'>Scriptorum</span> <span class='ocrx_word' id='word_1_35' title='bbox 1083 515 1294 554; x_wconf 88' lang='lat' dir='ltr'>veterum</span> <span class='ocrx_word' id='word_1_36' title='bbox 1321 515 1503 554; x_wconf 89' lang='lat' dir='ltr'>tomum</span> <span class='ocrx_word' id='word_1_37' title='bbox 1527 507 1825 553; x_wconf 87' lang='lat' dir='ltr'>contulimus.</span> <span class='ocrx_word' id='word_1_38' title='bbox 1854 508 2068 553; x_wconf 88' lang='lat' dir='ltr'>Lectores</span> <span class='ocrx_word' id='word_1_39' title='bbox 2092 523 2205 569; x_wconf 83' lang='lat' dir='ltr'>ergo</span> <span class='ocrx_word' id='word_1_40' title='bbox 2230 517 2420 554; x_wconf 89' lang='lat' dir='ltr'>utantur</span> <span class='ocrx_word' id='word_1_41' title='bbox 2455 507 2571 553; x_wconf 85' lang='lat' dir='ltr'>feli-</span> 
     </span>
     <span class='ocr_line' id='line_1_5' title="bbox 305 583 2572 647; baseline -0 -16"><span class='ocrx_word' id='word_1_42' title='bbox 305 584 420 632; x_wconf 83' lang='lat' dir='ltr'>citer</span> <span class='ocrx_word' id='word_1_43' title='bbox 453 587 587 632; x_wconf 82' lang='lat' dir='ltr'>novis</span> <span class='ocrx_word' id='word_1_44' title='bbox 619 586 691 633; x_wconf 91' lang='lat' dir='ltr'>his</span> <span class='ocrx_word' id='word_1_45' title='bbox 716 584 1005 632; x_wconf 84' lang='lat' dir='ltr'>celeberrimi</span> <span class='ocrx_word' id='word_1_46' title='bbox 1038 600 1100 631; x_wconf 91' lang='lat' dir='ltr'>ss.</span> <span class='ocrx_word' id='word_1_47' title='bbox 1129 583 1386 631; x_wconf 84' lang='lat' dir='ltr'>bibliorum</span> <span class='ocrx_word' id='word_1_48' title='bbox 1419 585 1797 630; x_wconf 81' lang='lat' dir='ltr'>commentatoris</span> <span class='ocrx_word' id='word_1_49' title='bbox 1822 584 2018 637; x_wconf 89' lang='lat' dir='ltr'>divitiis,</span> <span class='ocrx_word' id='word_1_50' title='bbox 2053 600 2167 646; x_wconf 88' lang='lat' dir='ltr'>quas</span> <span class='ocrx_word' id='word_1_51' title='bbox 2201 585 2464 647; x_wconf 80' lang='lat' dir='ltr'>pontificiae</span> <span class='ocrx_word' id='word_1_52' title='bbox 2498 585 2572 631; x_wconf 91' lang='lat' dir='ltr'>bi-</span> 
     </span>
     <span class='ocr_line' id='line_1_6' title="bbox 307 660 2572 725; baseline -0 -17"><span class='ocrx_word' id='word_1_53' title='bbox 307 660 570 709; x_wconf 88' lang='lat' dir='ltr'>bliothecae</span> <span class='ocrx_word' id='word_1_54' title='bbox 593 661 832 710; x_wconf 89' lang='lat' dir='ltr'>codicibus</span> <span class='ocrx_word' id='word_1_55' title='bbox 855 671 1066 725; x_wconf 87' lang='lat' dir='ltr'>acceptas</span> <span class='ocrx_word' id='word_1_56' title='bbox 1090 660 1286 708; x_wconf 87' lang='lat' dir='ltr'>debent:</span> <span class='ocrx_word' id='word_1_57' title='bbox 1315 662 1729 723; x_wconf 84' lang='lat' dir='ltr'>meminerintque,</span> <span class='ocrx_word' id='word_1_58' title='bbox 1756 677 1915 708; x_wconf 85' lang='lat' dir='ltr'>rerum</span> <span class='ocrx_word' id='word_1_59' title='bbox 1940 661 2130 722; x_wconf 90' lang='lat' dir='ltr'>quidem</span> <span class='ocrx_word' id='word_1_60' title='bbox 2156 662 2396 708; x_wconf 82' lang='lat' dir='ltr'>historiam</span> <span class='ocrx_word' id='word_1_61' title='bbox 2432 678 2490 708; x_wconf 91' lang='lat' dir='ltr'>ne</span> <span class='ocrx_word' id='word_1_62' title='bbox 2524 663 2572 707; x_wconf 88' lang='lat' dir='ltr'>in</span> 
     </span>
     <span class='ocr_line' id='line_1_7' title="bbox 309 738 2572 805; baseline -0.002 -17"><span class='ocrx_word' id='word_1_63' title='bbox 309 738 551 805; x_wconf 79' lang='lat' dir='ltr'>prophetis</span> <span class='ocrx_word' id='word_1_64' title='bbox 583 741 776 803; x_wconf 87' lang='lat' dir='ltr'>quidem</span> <span class='ocrx_word' id='word_1_65' title='bbox 815 757 914 787; x_wconf 91' lang='lat' dir='ltr'>esse</span> <span class='ocrx_word' id='word_1_66' title='bbox 959 740 1309 802; x_wconf 87' lang='lat' dir='ltr'>perimendam,</span> <span class='ocrx_word' id='word_1_67' title='bbox 1355 748 1406 785; x_wconf 90' lang='lat' dir='ltr'>ut</span> <span class='ocrx_word' id='word_1_68' title='bbox 1449 739 1650 801; x_wconf 73' lang='lat' dir='ltr'>Cyrillus</span> <span class='ocrx_word' id='word_1_69' title='bbox 1690 739 1789 801; x_wconf 89' lang='lat' dir='ltr'>ipse</span> <span class='ocrx_word' id='word_1_70' title='bbox 1828 747 1875 785; x_wconf 90' lang='lat' dir='ltr'>et</span> <span class='ocrx_word' id='word_1_71' title='bbox 1916 739 2272 799; x_wconf 89' lang='lat' dir='ltr'>Chrysostomus</span> <span class='ocrx_word' id='word_1_72' title='bbox 2313 748 2358 785; x_wconf 87' lang='lat' dir='ltr'>et</span> <span class='ocrx_word' id='word_1_73' title='bbox 2397 741 2572 800; x_wconf 82' lang='lat' dir='ltr'>Grego-</span> 
     </span>
     <span class='ocr_line' id='line_1_8' title="bbox 309 816 2572 882; baseline -0.002 -17"><span class='ocrx_word' id='word_1_74' title='bbox 309 820 407 866; x_wconf 84' lang='lat' dir='ltr'>rius</span> <span class='ocrx_word' id='word_1_75' title='bbox 439 820 523 865; x_wconf 89' lang='lat' dir='ltr'>PP.</span> <span class='ocrx_word' id='word_1_76' title='bbox 543 854 555 872; x_wconf 93' lang='lat'>,</span> <span class='ocrx_word' id='word_1_77' title='bbox 585 820 755 881; x_wconf 90' lang='lat' dir='ltr'>aliique</span> <span class='ocrx_word' id='word_1_78' title='bbox 788 827 942 882; x_wconf 87' lang='lat' dir='ltr'>patres</span> <span class='ocrx_word' id='word_1_79' title='bbox 975 826 1192 863; x_wconf 88' lang='lat' dir='ltr'>monent:</span> <span class='ocrx_word' id='word_1_80' title='bbox 1228 816 1460 863; x_wconf 87' lang='lat' dir='ltr'>Christum</span> <span class='ocrx_word' id='word_1_81' title='bbox 1495 825 1650 863; x_wconf 88' lang='lat' dir='ltr'>tamen</span> <span class='ocrx_word' id='word_1_82' title='bbox 1684 817 1932 879; x_wconf 86' lang='lat' dir='ltr'>praecipue</span> <span class='ocrx_word' id='word_1_83' title='bbox 1966 817 2155 877; x_wconf 90' lang='lat' dir='ltr'>eiusque</span> <span class='ocrx_word' id='word_1_84' title='bbox 2189 816 2452 867; x_wconf 83' lang='lat' dir='ltr'>ecclesiam,</span> <span class='ocrx_word' id='word_1_85' title='bbox 2490 817 2572 878; x_wconf 90' lang='lat' dir='ltr'>qui</span> 
     </span>
     <span class='ocr_line' id='line_1_9' title="bbox 305 891 2471 959; baseline -0.003 -14"><span class='ocrx_word' id='word_1_86' title='bbox 305 906 378 945; x_wconf 84' lang='lat' dir='ltr'>est</span> <span class='ocrx_word' id='word_1_87' title='bbox 410 912 565 944; x_wconf 88' lang='lat' dir='ltr'>sacrae</span> <span class='ocrx_word' id='word_1_88' title='bbox 597 898 854 959; x_wconf 85' lang='lat' dir='ltr'>scripturae</span> <span class='ocrx_word' id='word_1_89' title='bbox 886 908 1080 957; x_wconf 88' lang='lat' dir='ltr'>scopuS‚</span> <span class='ocrx_word' id='word_1_90' title='bbox 1117 903 1395 956; x_wconf 87' lang='lat' dir='ltr'>nostraeque</span> <span class='ocrx_word' id='word_1_91' title='bbox 1429 893 1589 939; x_wconf 87' lang='lat' dir='ltr'>salutis</span> <span class='ocrx_word' id='word_1_92' title='bbox 1622 894 1861 955; x_wconf 86' lang='lat' dir='ltr'>negotium</span> <span class='ocrx_word' id='word_1_93' title='bbox 1881 928 1892 947; x_wconf 94' lang='lat'>,</span> <span class='ocrx_word' id='word_1_94' title='bbox 1932 908 2041 955; x_wconf 89' lang='lat' dir='ltr'>prae</span> <span class='ocrx_word' id='word_1_95' title='bbox 2074 892 2222 943; x_wconf 75' lang='lat' dir='ltr'>oculis</span> <span class='ocrx_word' id='word_1_96' title='bbox 2255 891 2471 939; x_wconf 86' lang='lat' dir='ltr'>habeant.</span> 
     </span>
     <span class='ocr_line' id='line_1_10' title="bbox 406 968 2567 1035; baseline -0.003 -14"><span class='ocrx_word' id='word_1_97' title='bbox 406 975 484 1021; x_wconf 87' lang='lat' dir='ltr'>Est</span> <span class='ocrx_word' id='word_1_98' title='bbox 509 983 664 1021; x_wconf 85' lang='lat' dir='ltr'>autem</span> <span class='ocrx_word' id='word_1_99' title='bbox 687 974 807 1020; x_wconf 91' lang='lat' dir='ltr'>ordo</span> <span class='ocrx_word' id='word_1_100' title='bbox 823 1009 834 1028; x_wconf 97' lang='lat'>,</span> <span class='ocrx_word' id='word_1_101' title='bbox 857 988 997 1035; x_wconf 89' lang='lat' dir='ltr'>quem</span> <span class='ocrx_word' id='word_1_102' title='bbox 1023 971 1172 1019; x_wconf 85' lang='lat' dir='ltr'>codex</span> <span class='ocrx_word' id='word_1_103' title='bbox 1199 979 1292 1021; x_wconf 78' lang='lat' dir='ltr'>vat.</span> <span class='ocrx_word' id='word_1_104' title='bbox 1315 978 1462 1025; x_wconf 90' lang='lat' dir='ltr'>tenet,</span> <span class='ocrx_word' id='word_1_105' title='bbox 1486 971 1930 1017; x_wconf 82' lang='lat' dir='ltr'>commentariorum</span> <span class='ocrx_word' id='word_1_106' title='bbox 1949 968 2183 1015; x_wconf 86' lang='lat' dir='ltr'>Theodori</span> <span class='ocrx_word' id='word_1_107' title='bbox 2209 969 2335 1031; x_wconf 87' lang='lat' dir='ltr'>apud</span> <span class='ocrx_word' id='word_1_108' title='bbox 2358 983 2444 1015; x_wconf 90' lang='lat' dir='ltr'>nos</span> <span class='ocrx_word' id='word_1_109' title='bbox 2469 969 2567 1015; x_wconf 86' lang='lat' dir='ltr'>hic:</span> 
     </span>
    </p>
   </div>
   <div class='ocr_carea' id='block_1_3' title="bbox 502 1040 2326 1500">
    <p class='ocr_par' dir='ltr' id='par_1_3' title="bbox 503 1040 2326 1346">
     <span class='ocr_line' id='line_1_11' title="bbox 503 1040 2311 1114; baseline -0.003 -17"><span class='ocrx_word' id='word_1_110' title='bbox 503 1053 556 1097; x_wconf 91' lang='lat' dir='ltr'>In</span> <span class='ocrx_word' id='word_1_111' title='bbox 590 1052 754 1098; x_wconf 89' lang='lat' dir='ltr'>Oseam</span> <span class='ocrx_word' id='word_1_112' title='bbox 791 1066 840 1114; x_wconf 88' lang='lat' dir='ltr'>p.</span> <span class='ocrx_word' id='word_1_113' title='bbox 885 1052 926 1097; x_wconf 91' lang='lat'>1.</span> <span class='ocrx_word' id='word_1_114' title='bbox 1705 1048 1759 1093; x_wconf 92' lang='lat' dir='ltr'>ln</span> <span class='ocrx_word' id='word_1_115' title='bbox 1792 1046 2059 1094; x_wconf 89' lang='lat' dir='ltr'>Nahumum</span> <span class='ocrx_word' id='word_1_116' title='bbox 2093 1063 2141 1109; x_wconf 91' lang='lat' dir='ltr'>p.</span> <span class='ocrx_word' id='word_1_117' title='bbox 2179 1040 2311 1093; x_wconf 79' lang='lat'>210.&#39;</span> 
     </span>
     <span class='ocr_line' id='line_1_12' title="bbox 503 1122 2326 1190; baseline -0.003 -16"><span class='ocrx_word' id='word_1_118' title='bbox 503 1128 557 1174; x_wconf 93' lang='lat' dir='ltr'>In</span> <span class='ocrx_word' id='word_1_119' title='bbox 591 1128 798 1175; x_wconf 89' lang='lat' dir='ltr'>lohelem</span> <span class='ocrx_word' id='word_1_120' title='bbox 834 1143 883 1190; x_wconf 91' lang='lat' dir='ltr'>p.</span> <span class='ocrx_word' id='word_1_121' title='bbox 922 1128 1001 1174; x_wconf 88' lang='lat'>68.</span> <span class='ocrx_word' id='word_1_122' title='bbox 1378 1166 1381 1169; x_wconf 85' lang='lat'>.</span> <span class='ocrx_word' id='word_1_123' title='bbox 1704 1125 1759 1171; x_wconf 90' lang='lat' dir='ltr'>In</span> <span class='ocrx_word' id='word_1_124' title='bbox 1791 1122 2091 1171; x_wconf 85' lang='lat' dir='ltr'>Habacucum</span> <span class='ocrx_word' id='word_1_125' title='bbox 2126 1139 2174 1186; x_wconf 89' lang='lat' dir='ltr'>p.</span> <span class='ocrx_word' id='word_1_126' title='bbox 2213 1124 2326 1170; x_wconf 88' lang='lat'>231.</span> 
     </span>
     <span class='ocr_line' id='line_1_13' title="bbox 505 1200 2312 1268; baseline -0.003 -17"><span class='ocrx_word' id='word_1_127' title='bbox 505 1207 556 1252; x_wconf 90' lang='lat' dir='ltr'>ln</span> <span class='ocrx_word' id='word_1_128' title='bbox 592 1207 816 1253; x_wconf 83' lang='lat' dir='ltr'>Amosum</span> <span class='ocrx_word' id='word_1_129' title='bbox 853 1222 900 1268; x_wconf 88' lang='lat' dir='ltr'>p.</span> <span class='ocrx_word' id='word_1_130' title='bbox 940 1207 1020 1252; x_wconf 89' lang='lat'>91.</span> <span class='ocrx_word' id='word_1_131' title='bbox 1689 1200 2078 1263; x_wconf 12' lang='lat' dir='ltr'>*InRSophoniam</span> <span class='ocrx_word' id='word_1_132' title='bbox 2113 1216 2160 1264; x_wconf 90' lang='lat' dir='ltr'>p.</span> <span class='ocrx_word' id='word_1_133' title='bbox 2198 1202 2312 1247; x_wconf 65' lang='lat'>249.</span> 
     </span>
     <span class='ocr_line' id='line_1_14' title="bbox 504 1277 2260 1346; baseline -0.003 -17"><span class='ocrx_word' id='word_1_134' title='bbox 504 1285 558 1329; x_wconf 90' lang='lat' dir='ltr'>ln</span> <span class='ocrx_word' id='word_1_135' title='bbox 591 1281 792 1329; x_wconf 86' lang='lat' dir='ltr'>Abdiam</span> <span class='ocrx_word' id='word_1_136' title='bbox 827 1299 875 1346; x_wconf 92' lang='lat' dir='ltr'>p.</span> <span class='ocrx_word' id='word_1_137' title='bbox 918 1283 1026 1328; x_wconf 63' lang='lat'>140.</span> <span class='ocrx_word' id='word_1_138' title='bbox 1467 1277 1469 1279; x_wconf 64' lang='grc'><strong>’</strong></span> <span class='ocrx_word' id='word_1_139' title='bbox 1705 1279 1758 1324; x_wconf 92' lang='lat' dir='ltr'>In</span> <span class='ocrx_word' id='word_1_140' title='bbox 1791 1279 2030 1340; x_wconf 83' lang='lat' dir='ltr'>Aggaeum</span> <span class='ocrx_word' id='word_1_141' title='bbox 2063 1293 2111 1340; x_wconf 90' lang='lat' dir='ltr'>p.</span> <span class='ocrx_word' id='word_1_142' title='bbox 2149 1280 2260 1325; x_wconf 85' lang='lat'>269.</span> 
     </span>
    </p>

    <p class='ocr_par' dir='ltr' id='par_1_4' title="bbox 502 1356 2295 1500">
     <span class='ocr_line' id='line_1_15' title="bbox 502 1356 2291 1423; baseline -0.003 -17"><span class='ocrx_word' id='word_1_143' title='bbox 502 1362 554 1406; x_wconf 87' lang='lat' dir='ltr'>ln</span> <span class='ocrx_word' id='word_1_144' title='bbox 589 1362 750 1407; x_wconf 87' lang='lat' dir='ltr'>Ionam</span> <span class='ocrx_word' id='word_1_145' title='bbox 785 1376 834 1423; x_wconf 90' lang='lat' dir='ltr'>p.</span> <span class='ocrx_word' id='word_1_146' title='bbox 878 1361 986 1407; x_wconf 87' lang='lat'>150.</span> <span class='ocrx_word' id='word_1_147' title='bbox 1704 1357 1757 1402; x_wconf 91' lang='lat' dir='ltr'>In</span> <span class='ocrx_word' id='word_1_148' title='bbox 1791 1356 2059 1402; x_wconf 84' lang='lat' dir='ltr'>Zachariam</span> <span class='ocrx_word' id='word_1_149' title='bbox 2092 1371 2140 1418; x_wconf 93' lang='lat' dir='ltr'>p.</span> <span class='ocrx_word' id='word_1_150' title='bbox 2179 1357 2291 1401; x_wconf 61' lang='lat'>284.</span> 
     </span>
     <span class='ocr_line' id='line_1_16' title="bbox 502 1433 2295 1500; baseline -0.003 -18"><span class='ocrx_word' id='word_1_151' title='bbox 502 1438 554 1483; x_wconf 83' lang='lat' dir='ltr'>In</span> <span class='ocrx_word' id='word_1_152' title='bbox 588 1437 843 1484; x_wconf 88' lang='lat' dir='ltr'>Michaeam</span> <span class='ocrx_word' id='word_1_153' title='bbox 877 1453 925 1500; x_wconf 93' lang='lat' dir='ltr'>p.</span> <span class='ocrx_word' id='word_1_154' title='bbox 965 1437 1076 1484; x_wconf 85' lang='lat'>170.</span> <span class='ocrx_word' id='word_1_155' title='bbox 1702 1433 1754 1479; x_wconf 90' lang='lat' dir='ltr'>ln</span> <span class='ocrx_word' id='word_1_156' title='bbox 1788 1433 2062 1480; x_wconf 86' lang='lat' dir='ltr'>Malachiam</span> <span class='ocrx_word' id='word_1_157' title='bbox 2095 1448 2143 1495; x_wconf 86' lang='lat' dir='ltr'>p.</span> <span class='ocrx_word' id='word_1_158' title='bbox 2182 1433 2295 1482; x_wconf 75' lang='lat'>263.</span> 
     </span>
    </p>
   </div>
   <div class='ocr_carea' id='block_1_4' title="bbox 405 1509 2565 1579">
    <p class='ocr_par' dir='ltr' id='par_1_5' title="bbox 405 1509 2565 1579">
     <span class='ocr_line' id='line_1_17' title="bbox 405 1509 2565 1579; baseline -0.004 -16"><span class='ocrx_word' id='word_1_159' title='bbox 405 1516 673 1579; x_wconf 82' lang='lat' dir='ltr'>Sequuntur</span> <span class='ocrx_word' id='word_1_160' title='bbox 706 1515 964 1578; x_wconf 86' lang='lat' dir='ltr'>fragmenta</span> <span class='ocrx_word' id='word_1_161' title='bbox 997 1516 1046 1560; x_wconf 92' lang='lat' dir='ltr'>in</span> <span class='ocrx_word' id='word_1_162' title='bbox 1071 1514 1277 1577; x_wconf 88' lang='lat' dir='ltr'>psalmos</span> <span class='ocrx_word' id='word_1_163' title='bbox 1300 1529 1349 1576; x_wconf 93' lang='lat' dir='ltr'>p.</span> <span class='ocrx_word' id='word_1_164' title='bbox 1379 1514 1490 1561; x_wconf 87' lang='lat'>390.</span> <span class='ocrx_word' id='word_1_165' title='bbox 1518 1513 1574 1559; x_wconf 91' lang='lat' dir='ltr'>Et</span> <span class='ocrx_word' id='word_1_166' title='bbox 1597 1513 1645 1559; x_wconf 93' lang='lat' dir='ltr'>in</span> <span class='ocrx_word' id='word_1_167' title='bbox 1671 1511 1893 1558; x_wconf 87' lang='lat' dir='ltr'>Iohannis</span> <span class='ocrx_word' id='word_1_168' title='bbox 1919 1511 2212 1573; x_wconf 84' lang='lat' dir='ltr'>evangelium</span> <span class='ocrx_word' id='word_1_169' title='bbox 2243 1526 2290 1572; x_wconf 93' lang='lat' dir='ltr'>p.</span> <span class='ocrx_word' id='word_1_170' title='bbox 2323 1509 2565 1557; x_wconf 60' lang='lat'>396-408.</span> 
     </span>
    </p>
   </div>
   <div class='ocr_carea' id='block_1_5' title="bbox 685 1598 2191 1688">
    <p class='ocr_par' dir='ltr' id='par_1_6' title="bbox 685 1598 2191 1688">
     <span class='ocr_line' id='line_1_18' title="bbox 685 1598 2191 1688; baseline -0.003 -15"><span class='ocrx_word' id='word_1_171' title='bbox 685 1628 754 1673; x_wconf 89' lang='lat' dir='ltr'>De</span> <span class='ocrx_word' id='word_1_172' title='bbox 785 1626 939 1672; x_wconf 89' lang='lat' dir='ltr'>Basilii</span> <span class='ocrx_word' id='word_1_173' title='bbox 971 1626 1291 1688; x_wconf 88' lang='lat' dir='ltr'>neopatrensis</span> <span class='ocrx_word' id='word_1_174' title='bbox 1322 1626 1372 1671; x_wconf 92' lang='lat' dir='ltr'>in</span> <span class='ocrx_word' id='word_1_175' title='bbox 1405 1627 1524 1672; x_wconf 91' lang='lat' dir='ltr'>XVI.</span> <span class='ocrx_word' id='word_1_176' title='bbox 1553 1625 1805 1688; x_wconf 89' lang='lat' dir='ltr'>prophetas</span> <span class='ocrx_word' id='word_1_177' title='bbox 1838 1598 2191 1671; x_wconf 74' lang='lat' dir='ltr'>commentario.</span> 
     </span>
    </p>
   </div>
   <div class='ocr_carea' id='block_1_6' title="bbox 297 1742 2578 3875">
    <p class='ocr_par' dir='ltr' id='par_1_7' title="bbox 297 1742 2575 2965">
     <span class='ocr_line' id='line_1_19' title="bbox 404 1742 2572 1805; baseline -0.002 -14"><span class='ocrx_word' id='word_1_178' title='bbox 404 1745 459 1791; x_wconf 87' lang='lat' dir='ltr'>V.</span> <span class='ocrx_word' id='word_1_179' title='bbox 488 1744 576 1790; x_wconf 91' lang='lat' dir='ltr'>Sed</span> <span class='ocrx_word' id='word_1_180' title='bbox 600 1745 727 1791; x_wconf 84' lang='lat' dir='ltr'>iuvat</span> <span class='ocrx_word' id='word_1_181' title='bbox 752 1742 894 1790; x_wconf 88' lang='lat' dir='ltr'>alium</span> <span class='ocrx_word' id='word_1_182' title='bbox 919 1742 1090 1789; x_wconf 84' lang='lat' dir='ltr'>diversi</span> <span class='ocrx_word' id='word_1_183' title='bbox 1116 1758 1142 1789; x_wconf 87' lang='lat' dir='ltr'>a</span> <span class='ocrx_word' id='word_1_184' title='bbox 1164 1742 1412 1789; x_wconf 88' lang='lat' dir='ltr'>Theodoro</span> <span class='ocrx_word' id='word_1_185' title='bbox 1436 1744 1616 1804; x_wconf 86' lang='lat' dir='ltr'>generis</span> <span class='ocrx_word' id='word_1_186' title='bbox 1641 1743 1979 1805; x_wconf 90' lang='lat' dir='ltr'>prophetarum</span> <span class='ocrx_word' id='word_1_187' title='bbox 2002 1742 2328 1803; x_wconf 85' lang='lat' dir='ltr'>interpretem,</span> <span class='ocrx_word' id='word_1_188' title='bbox 2352 1742 2572 1788; x_wconf 89' lang='lat' dir='ltr'>hactenus</span> 
     </span>
     <span class='ocr_line' id='line_1_20' title="bbox 307 1818 2571 1882; baseline -0.002 -13"><span class='ocrx_word' id='word_1_189' title='bbox 307 1820 414 1869; x_wconf 87' lang='lat' dir='ltr'>orbi</span> <span class='ocrx_word' id='word_1_190' title='bbox 440 1822 688 1874; x_wconf 88' lang='lat' dir='ltr'>litterario,</span> <span class='ocrx_word' id='word_1_191' title='bbox 715 1820 846 1882; x_wconf 92' lang='lat' dir='ltr'>quod</span> <span class='ocrx_word' id='word_1_192' title='bbox 870 1821 1034 1873; x_wconf 90' lang='lat' dir='ltr'>sciam,</span> <span class='ocrx_word' id='word_1_193' title='bbox 1058 1820 1346 1881; x_wconf 83' lang='lat' dir='ltr'>incognitum</span> <span class='ocrx_word' id='word_1_194' title='bbox 1363 1855 1373 1873; x_wconf 94' lang='lat'><strong>‚</strong></span> <span class='ocrx_word' id='word_1_195' title='bbox 1396 1818 1600 1867; x_wconf 88' lang='lat' dir='ltr'>breviter</span> <span class='ocrx_word' id='word_1_196' title='bbox 1622 1820 1784 1866; x_wconf 89' lang='lat' dir='ltr'>saltem</span> <span class='ocrx_word' id='word_1_197' title='bbox 1811 1835 2098 1873; x_wconf 86' lang='lat' dir='ltr'>memorare;</span> <span class='ocrx_word' id='word_1_198' title='bbox 2126 1820 2255 1865; x_wconf 89' lang='lat' dir='ltr'>cuius</span> <span class='ocrx_word' id='word_1_199' title='bbox 2278 1834 2362 1866; x_wconf 93' lang='lat' dir='ltr'>nos</span> <span class='ocrx_word' id='word_1_200' title='bbox 2387 1820 2571 1866; x_wconf 90' lang='lat' dir='ltr'>nonnisi</span> 
     </span>
     <span class='ocr_line' id='line_1_21' title="bbox 306 1896 2570 1959; baseline -0 -16"><span class='ocrx_word' id='word_1_201' title='bbox 306 1897 602 1958; x_wconf 72' lang='lat' dir='ltr'>prooemium</span> <span class='ocrx_word' id='word_1_202' title='bbox 628 1898 675 1943; x_wconf 91' lang='lat' dir='ltr'>in</span> <span class='ocrx_word' id='word_1_203' title='bbox 701 1896 1006 1959; x_wconf 88' lang='lat' dir='ltr'>praecedente</span> <span class='ocrx_word' id='word_1_204' title='bbox 1032 1897 1270 1943; x_wconf 91' lang='lat' dir='ltr'>volumine</span> <span class='ocrx_word' id='word_1_205' title='bbox 1294 1897 1544 1944; x_wconf 90' lang='lat' dir='ltr'>edidimus.</span> <span class='ocrx_word' id='word_1_206' title='bbox 1569 1899 1610 1945; x_wconf 89' lang='lat' dir='ltr'>ls</span> <span class='ocrx_word' id='word_1_207' title='bbox 1633 1906 1700 1943; x_wconf 90' lang='lat' dir='ltr'>est</span> <span class='ocrx_word' id='word_1_208' title='bbox 1725 1897 1945 1951; x_wconf 88' lang='lat' dir='ltr'>Basilius,</span> <span class='ocrx_word' id='word_1_209' title='bbox 1970 1897 2287 1958; x_wconf 87' lang='lat' dir='ltr'>neopatrensis</span> <span class='ocrx_word' id='word_1_210' title='bbox 2311 1897 2359 1942; x_wconf 91' lang='lat' dir='ltr'>in</span> <span class='ocrx_word' id='word_1_211' title='bbox 2382 1897 2570 1942; x_wconf 88' lang='lat' dir='ltr'>Thessa-</span> 
     </span>
     <span class='ocr_line' id='line_1_22' title="bbox 304 1963 2571 2036; baseline 0 -18"><span class='ocrx_word' id='word_1_212' title='bbox 304 1972 367 2018; x_wconf 86' lang='lat' dir='ltr'>lia</span> <span class='ocrx_word' id='word_1_213' title='bbox 395 1973 669 2035; x_wconf 87' lang='lat' dir='ltr'>episcopus,</span> <span class='ocrx_word' id='word_1_214' title='bbox 699 1988 840 2034; x_wconf 89' lang='lat' dir='ltr'>quem</span> <span class='ocrx_word' id='word_1_215' title='bbox 866 1989 972 2019; x_wconf 90' lang='lat' dir='ltr'>cum</span> <span class='ocrx_word' id='word_1_216' title='bbox 999 1974 1047 2019; x_wconf 88' lang='lat' dir='ltr'>in</span> <span class='ocrx_word' id='word_1_217' title='bbox 1072 1974 1277 2034; x_wconf 91' lang='lat' dir='ltr'>quodam</span> <span class='ocrx_word' id='word_1_218' title='bbox 1304 1990 1391 2020; x_wconf 89' lang='lat' dir='ltr'>ms.</span> <span class='ocrx_word' id='word_1_219' title='bbox 1424 1963 1635 2036; x_wconf 84' lang='lat' dir='ltr'>catalogo</span> <span class='ocrx_word' id='word_1_220' title='bbox 1662 1975 1969 2036; x_wconf 87' lang='lat' dir='ltr'>patmensium</span> <span class='ocrx_word' id='word_1_221' title='bbox 1995 1973 2209 2020; x_wconf 89' lang='lat' dir='ltr'>codicum</span> <span class='ocrx_word' id='word_1_222' title='bbox 2233 1974 2463 2019; x_wconf 88' lang='lat' dir='ltr'>nominari</span> <span class='ocrx_word' id='word_1_223' title='bbox 2486 1968 2571 2019; x_wconf 75' lang='lat' dir='ltr'>ob-</span> 
     </span>
     <span class='ocr_line' id='line_1_23' title="bbox 302 2049 2571 2114; baseline 0 -18"><span class='ocrx_word' id='word_1_224' title='bbox 302 2064 584 2104; x_wconf 71' lang='lat' dir='ltr'>servassem,</span> <span class='ocrx_word' id='word_1_225' title='bbox 623 2051 670 2097; x_wconf 91' lang='lat' dir='ltr'>in</span> <span class='ocrx_word' id='word_1_226' title='bbox 705 2051 915 2097; x_wconf 87' lang='lat' dir='ltr'>vaticana</span> <span class='ocrx_word' id='word_1_227' title='bbox 949 2049 1119 2097; x_wconf 89' lang='lat' dir='ltr'>deinde</span> <span class='ocrx_word' id='word_1_228' title='bbox 1142 2049 1426 2098; x_wconf 82' lang='lat' dir='ltr'>bibliotheca</span> <span class='ocrx_word' id='word_1_229' title='bbox 1451 2052 1684 2114; x_wconf 88' lang='lat' dir='ltr'>comperi,</span> <span class='ocrx_word' id='word_1_230' title='bbox 1712 2053 1871 2098; x_wconf 87' lang='lat' dir='ltr'>Patmo</span> <span class='ocrx_word' id='word_1_231' title='bbox 1902 2051 2054 2097; x_wconf 89' lang='lat' dir='ltr'>insula</span> <span class='ocrx_word' id='word_1_232' title='bbox 2088 2051 2179 2097; x_wconf 88' lang='lat' dir='ltr'>huc</span> <span class='ocrx_word' id='word_1_233' title='bbox 2205 2051 2397 2097; x_wconf 89' lang='lat' dir='ltr'>fortasse</span> <span class='ocrx_word' id='word_1_234' title='bbox 2429 2051 2571 2097; x_wconf 88' lang='lat' dir='ltr'>deve-</span> 
     </span>
     <span class='ocr_line' id='line_1_24' title="bbox 304 2127 2573 2190; baseline 0 -16"><span class='ocrx_word' id='word_1_235' title='bbox 304 2135 448 2174; x_wconf 85' lang='lat' dir='ltr'>ctum.</span> <span class='ocrx_word' id='word_1_236' title='bbox 478 2128 662 2190; x_wconf 86' lang='lat' dir='ltr'>Integer</span> <span class='ocrx_word' id='word_1_237' title='bbox 684 2127 762 2174; x_wconf 91' lang='lat' dir='ltr'>hic</span> <span class='ocrx_word' id='word_1_238' title='bbox 786 2129 1149 2174; x_wconf 85' lang='lat' dir='ltr'>commentarius</span> <span class='ocrx_word' id='word_1_239' title='bbox 1175 2143 1271 2175; x_wconf 92' lang='lat' dir='ltr'>non</span> <span class='ocrx_word' id='word_1_240' title='bbox 1298 2130 1504 2175; x_wconf 89' lang='lat' dir='ltr'>minores</span> <span class='ocrx_word' id='word_1_241' title='bbox 1528 2137 1706 2175; x_wconf 88' lang='lat' dir='ltr'>tantum</span> <span class='ocrx_word' id='word_1_242' title='bbox 1721 2163 1731 2182; x_wconf 94' lang='lat'>,</span> <span class='ocrx_word' id='word_1_243' title='bbox 1754 2127 1836 2174; x_wconf 89' lang='lat' dir='ltr'>sed</span> <span class='ocrx_word' id='word_1_244' title='bbox 1860 2137 1905 2175; x_wconf 89' lang='lat' dir='ltr'>et</span> <span class='ocrx_word' id='word_1_245' title='bbox 1931 2129 2129 2174; x_wconf 88' lang='lat' dir='ltr'>maiores</span> <span class='ocrx_word' id='word_1_246' title='bbox 2150 2128 2401 2190; x_wconf 89' lang='lat' dir='ltr'>prophetas</span> <span class='ocrx_word' id='word_1_247' title='bbox 2422 2128 2573 2190; x_wconf 83' lang='lat' dir='ltr'>expla-</span> 
     </span>
     <span class='ocr_line' id='line_1_25' title="bbox 301 2205 2570 2268; baseline 0 -16"><span class='ocrx_word' id='word_1_248' title='bbox 301 2212 405 2259; x_wconf 88' lang='lat' dir='ltr'>nat,</span> <span class='ocrx_word' id='word_1_249' title='bbox 441 2212 488 2251; x_wconf 90' lang='lat' dir='ltr'>et</span> <span class='ocrx_word' id='word_1_250' title='bbox 511 2205 732 2252; x_wconf 87' lang='lat' dir='ltr'>adversus</span> <span class='ocrx_word' id='word_1_251' title='bbox 758 2205 954 2252; x_wconf 88' lang='lat' dir='ltr'>Iudaeos</span> <span class='ocrx_word' id='word_1_252' title='bbox 982 2206 1372 2268; x_wconf 86' lang='lat' dir='ltr'>pertinacissimos</span> <span class='ocrx_word' id='word_1_253' title='bbox 1397 2206 1566 2252; x_wconf 87' lang='lat' dir='ltr'>Christi</span> <span class='ocrx_word' id='word_1_254' title='bbox 1599 2221 1759 2252; x_wconf 86' lang='lat' dir='ltr'>osores</span> <span class='ocrx_word' id='word_1_255' title='bbox 1785 2220 1837 2252; x_wconf 86' lang='lat' dir='ltr'>ac</span> <span class='ocrx_word' id='word_1_256' title='bbox 1862 2212 2106 2266; x_wconf 85' lang='lat' dir='ltr'>negatores</span> <span class='ocrx_word' id='word_1_257' title='bbox 2141 2213 2370 2267; x_wconf 89' lang='lat' dir='ltr'>perpetuo</span> <span class='ocrx_word' id='word_1_258' title='bbox 2405 2205 2570 2262; x_wconf 82' lang='lat' dir='ltr'>decer-</span> 
     </span>
     <span class='ocr_line' id='line_1_26' title="bbox 302 2282 2573 2346; baseline 0 -17"><span class='ocrx_word' id='word_1_259' title='bbox 302 2291 395 2336; x_wconf 86' lang='lat' dir='ltr'>tat,</span> <span class='ocrx_word' id='word_1_260' title='bbox 425 2283 696 2346; x_wconf 89' lang='lat' dir='ltr'>prophetica</span> <span class='ocrx_word' id='word_1_261' title='bbox 719 2283 840 2330; x_wconf 90' lang='lat' dir='ltr'>dicta</span> <span class='ocrx_word' id='word_1_262' title='bbox 862 2299 1012 2346; x_wconf 91' lang='lat' dir='ltr'>prope</span> <span class='ocrx_word' id='word_1_263' title='bbox 1033 2285 1190 2330; x_wconf 86' lang='lat' dir='ltr'>omnia</span> <span class='ocrx_word' id='word_1_264' title='bbox 1226 2283 1283 2330; x_wconf 88' lang='lat' dir='ltr'>ad</span> <span class='ocrx_word' id='word_1_265' title='bbox 1320 2284 1618 2329; x_wconf 88' lang='lat' dir='ltr'>christianam</span> <span class='ocrx_word' id='word_1_266' title='bbox 1642 2283 1883 2329; x_wconf 86' lang='lat' dir='ltr'>ecclesiam</span> <span class='ocrx_word' id='word_1_267' title='bbox 1909 2282 2111 2329; x_wconf 78' lang='lat' dir='ltr'>trahens.</span> <span class='ocrx_word' id='word_1_268' title='bbox 2141 2284 2329 2344; x_wconf 90' lang='lat' dir='ltr'>lamque</span> <span class='ocrx_word' id='word_1_269' title='bbox 2361 2298 2457 2328; x_wconf 89' lang='lat' dir='ltr'>non</span> <span class='ocrx_word' id='word_1_270' title='bbox 2484 2283 2573 2329; x_wconf 91' lang='lat' dir='ltr'>ho-</span> 
     </span>
     <span class='ocr_line' id='line_1_27' title="bbox 302 2359 2574 2423; baseline 0 -17"><span class='ocrx_word' id='word_1_271' title='bbox 302 2360 478 2407; x_wconf 90' lang='lat' dir='ltr'>minem</span> <span class='ocrx_word' id='word_1_272' title='bbox 509 2361 862 2415; x_wconf 84' lang='lat' dir='ltr'>tantummodo,</span> <span class='ocrx_word' id='word_1_273' title='bbox 888 2377 1054 2408; x_wconf 86' lang='lat' dir='ltr'>verum</span> <span class='ocrx_word' id='word_1_274' title='bbox 1088 2361 1227 2408; x_wconf 87' lang='lat' dir='ltr'>etiam</span> <span class='ocrx_word' id='word_1_275' title='bbox 1254 2369 1452 2408; x_wconf 86' lang='lat' dir='ltr'>aetatem</span> <span class='ocrx_word' id='word_1_276' title='bbox 1478 2361 1576 2407; x_wconf 87' lang='lat' dir='ltr'>eius</span> <span class='ocrx_word' id='word_1_277' title='bbox 1602 2361 1954 2422; x_wconf 84' lang='lat' dir='ltr'>cognoscimus,</span> <span class='ocrx_word' id='word_1_278' title='bbox 1982 2376 2148 2423; x_wconf 87' lang='lat' dir='ltr'>nempe</span> <span class='ocrx_word' id='word_1_279' title='bbox 2176 2359 2341 2406; x_wconf 90' lang='lat' dir='ltr'>decimi</span> <span class='ocrx_word' id='word_1_280' title='bbox 2368 2361 2574 2420; x_wconf 88' lang='lat' dir='ltr'>primor-</span> 
     </span>
     <span class='ocr_line' id='line_1_28' title="bbox 302 2435 2572 2500; baseline -0 -17"><span class='ocrx_word' id='word_1_281' title='bbox 302 2436 381 2484; x_wconf 84' lang='lat' dir='ltr'>dia</span> <span class='ocrx_word' id='word_1_282' title='bbox 414 2437 616 2492; x_wconf 88' lang='lat' dir='ltr'>saeculi,</span> <span class='ocrx_word' id='word_1_283' title='bbox 653 2438 1036 2500; x_wconf 87' lang='lat' dir='ltr'>quandoquidem</span> <span class='ocrx_word' id='word_1_284' title='bbox 1071 2440 1118 2485; x_wconf 93' lang='lat' dir='ltr'>in</span> <span class='ocrx_word' id='word_1_285' title='bbox 1153 2439 1410 2500; x_wconf 86' lang='lat' dir='ltr'>excerptis,</span> <span class='ocrx_word' id='word_1_286' title='bbox 1447 2453 1568 2500; x_wconf 88' lang='lat' dir='ltr'>quae</span> <span class='ocrx_word' id='word_1_287' title='bbox 1601 2453 1711 2484; x_wconf 85' lang='lat' dir='ltr'>mox</span> <span class='ocrx_word' id='word_1_288' title='bbox 1744 2435 2104 2500; x_wconf 85' lang='lat' dir='ltr'>subiungemus,</span> <span class='ocrx_word' id='word_1_289' title='bbox 2143 2436 2214 2482; x_wconf 92' lang='lat' dir='ltr'>his</span> <span class='ocrx_word' id='word_1_290' title='bbox 2248 2436 2308 2482; x_wconf 90' lang='lat' dir='ltr'>de</span> <span class='ocrx_word' id='word_1_291' title='bbox 2347 2437 2572 2482; x_wconf 89' lang='lat' dir='ltr'>Simeonis</span> 
     </span>
     <span class='ocr_line' id='line_1_29' title="bbox 301 2510 2573 2577; baseline 0 -18"><span class='ocrx_word' id='word_1_292' title='bbox 301 2510 488 2576; x_wconf 86' lang='lat' dir='ltr'>bulgari</span> <span class='ocrx_word' id='word_1_293' title='bbox 519 2513 662 2561; x_wconf 89' lang='lat' dir='ltr'>rebus</span> <span class='ocrx_word' id='word_1_294' title='bbox 696 2523 934 2577; x_wconf 87' lang='lat' dir='ltr'>tamquam</span> <span class='ocrx_word' id='word_1_295' title='bbox 967 2514 1257 2570; x_wconf 87' lang='lat' dir='ltr'>recentibus,</span> <span class='ocrx_word' id='word_1_296' title='bbox 1284 2516 1431 2562; x_wconf 88' lang='lat' dir='ltr'>immo</span> <span class='ocrx_word' id='word_1_297' title='bbox 1457 2514 1801 2576; x_wconf 87' lang='lat' dir='ltr'>praesentibus,</span> <span class='ocrx_word' id='word_1_298' title='bbox 1828 2515 2066 2576; x_wconf 88' lang='lat' dir='ltr'>loquitur,</span> <span class='ocrx_word' id='word_1_299' title='bbox 2095 2514 2247 2576; x_wconf 85' lang='lat' dir='ltr'>deque</span> <span class='ocrx_word' id='word_1_300' title='bbox 2279 2514 2376 2560; x_wconf 91' lang='lat' dir='ltr'>eius</span> <span class='ocrx_word' id='word_1_301' title='bbox 2401 2512 2573 2560; x_wconf 81' lang='lat' dir='ltr'>exitiali</span> 
     </span>
     <span class='ocr_line' id='line_1_30' title="bbox 300 2590 2575 2656; baseline 0 -19"><span class='ocrx_word' id='word_1_302' title='bbox 300 2590 580 2638; x_wconf 84' lang='lat' dir='ltr'>calamitate.</span> <span class='ocrx_word' id='word_1_303' title='bbox 618 2593 662 2639; x_wconf 92' lang='lat' dir='ltr'>Is</span> <span class='ocrx_word' id='word_1_304' title='bbox 695 2601 764 2639; x_wconf 88' lang='lat' dir='ltr'>est</span> <span class='ocrx_word' id='word_1_305' title='bbox 797 2600 950 2639; x_wconf 89' lang='lat' dir='ltr'>autem</span> <span class='ocrx_word' id='word_1_306' title='bbox 986 2593 1174 2639; x_wconf 89' lang='lat' dir='ltr'>Simeon</span> <span class='ocrx_word' id='word_1_307' title='bbox 1199 2593 1508 2655; x_wconf 85' lang='lat' dir='ltr'>Bulgarorum</span> <span class='ocrx_word' id='word_1_308' title='bbox 1535 2593 1779 2656; x_wconf 85' lang='lat' dir='ltr'>princeps,</span> <span class='ocrx_word' id='word_1_309' title='bbox 1807 2591 2041 2655; x_wconf 84' lang='lat' dir='ltr'>byzantini</span> <span class='ocrx_word' id='word_1_310' title='bbox 2073 2593 2257 2654; x_wconf 89' lang='lat' dir='ltr'>imperii</span> <span class='ocrx_word' id='word_1_311' title='bbox 2287 2592 2431 2638; x_wconf 88' lang='lat' dir='ltr'>hostis</span> <span class='ocrx_word' id='word_1_312' title='bbox 2456 2591 2575 2638; x_wconf 82' lang='lat' dir='ltr'>infe-</span> 
     </span>
     <span class='ocr_line' id='line_1_31' title="bbox 299 2668 2574 2733; baseline -0 -19"><span class='ocrx_word' id='word_1_313' title='bbox 299 2668 549 2723; x_wconf 82' lang='lat' dir='ltr'>stissimus,</span> <span class='ocrx_word' id='word_1_314' title='bbox 578 2669 639 2716; x_wconf 88' lang='lat' dir='ltr'>ad</span> <span class='ocrx_word' id='word_1_315' title='bbox 671 2685 814 2731; x_wconf 88' lang='lat' dir='ltr'>quem</span> <span class='ocrx_word' id='word_1_316' title='bbox 849 2670 1017 2717; x_wconf 87' lang='lat' dir='ltr'>multas</span> <span class='ocrx_word' id='word_1_317' title='bbox 1050 2670 1369 2733; x_wconf 86' lang='lat' dir='ltr'>deprecativas</span> <span class='ocrx_word' id='word_1_318' title='bbox 1402 2670 1621 2717; x_wconf 88' lang='lat' dir='ltr'>Nicolaus</span> <span class='ocrx_word' id='word_1_319' title='bbox 1646 2671 1702 2729; x_wconf 58' lang='lat'>1„</span> <span class='ocrx_word' id='word_1_320' title='bbox 1713 2670 1974 2733; x_wconf 88' lang='lat' dir='ltr'>patriarcha</span> <span class='ocrx_word' id='word_1_321' title='bbox 2009 2671 2191 2732; x_wconf 86' lang='lat' dir='ltr'>scripsit</span> <span class='ocrx_word' id='word_1_322' title='bbox 2227 2669 2471 2731; x_wconf 84' lang='lat' dir='ltr'>epistolas,</span> <span class='ocrx_word' id='word_1_323' title='bbox 2501 2669 2574 2714; x_wconf 91' lang='lat' dir='ltr'>in-</span> 
     </span>
     <span class='ocr_line' id='line_1_32' title="bbox 297 2745 2569 2809; baseline 0 -18"><span class='ocrx_word' id='word_1_324' title='bbox 297 2752 372 2792; x_wconf 82' lang='lat' dir='ltr'>ter</span> <span class='ocrx_word' id='word_1_325' title='bbox 405 2745 518 2803; x_wconf 19' lang='lat' dir='ltr'>illas*</span> <span class='ocrx_word' id='word_1_326' title='bbox 542 2761 658 2809; x_wconf 88' lang='lat' dir='ltr'>quas</span> <span class='ocrx_word' id='word_1_327' title='bbox 693 2761 778 2793; x_wconf 91' lang='lat' dir='ltr'>nos</span> <span class='ocrx_word' id='word_1_328' title='bbox 814 2748 863 2793; x_wconf 92' lang='lat' dir='ltr'>in</span> <span class='ocrx_word' id='word_1_329' title='bbox 898 2747 1056 2809; x_wconf 88' lang='lat' dir='ltr'>Spicil.</span> <span class='ocrx_word' id='word_1_330' title='bbox 1097 2763 1218 2794; x_wconf 91' lang='lat' dir='ltr'>rom.</span> <span class='ocrx_word' id='word_1_331' title='bbox 1255 2748 1305 2793; x_wconf 88' lang='lat' dir='ltr'>T.</span> <span class='ocrx_word' id='word_1_332' title='bbox 1335 2748 1416 2793; x_wconf 89' lang='lat' dir='ltr'>IX.</span> <span class='ocrx_word' id='word_1_333' title='bbox 1456 2747 1705 2793; x_wconf 88' lang='lat' dir='ltr'>edidimus.</span> <span class='ocrx_word' id='word_1_334' title='bbox 1743 2746 1897 2793; x_wconf 87' lang='lat' dir='ltr'>Basilii</span> <span class='ocrx_word' id='word_1_335' title='bbox 1939 2747 2204 2809; x_wconf 88' lang='lat' dir='ltr'>prooemio,</span> <span class='ocrx_word' id='word_1_336' title='bbox 2244 2755 2295 2792; x_wconf 88' lang='lat' dir='ltr'>ut</span> <span class='ocrx_word' id='word_1_337' title='bbox 2336 2746 2569 2797; x_wconf 73' lang='lat' dir='ltr'>diximus,</span> 
     </span>
     <span class='ocr_line' id='line_1_33' title="bbox 298 2823 2565 2888; baseline -0 -19"><span class='ocrx_word' id='word_1_338' title='bbox 298 2837 450 2886; x_wconf 86' lang='lat' dir='ltr'>nuper</span> <span class='ocrx_word' id='word_1_339' title='bbox 483 2823 637 2879; x_wconf 88' lang='lat' dir='ltr'>edito,</span> <span class='ocrx_word' id='word_1_340' title='bbox 683 2839 806 2871; x_wconf 91' lang='lat' dir='ltr'>nunc</span> <span class='ocrx_word' id='word_1_341' title='bbox 840 2824 1067 2871; x_wconf 87' lang='lat' dir='ltr'>addemus</span> <span class='ocrx_word' id='word_1_342' title='bbox 1100 2825 1354 2888; x_wconf 85' lang='lat' dir='ltr'>prologum</span> <span class='ocrx_word' id='word_1_343' title='bbox 1387 2838 1424 2885; x_wconf 29' lang='lat' dir='ltr'>a?</span> <span class='ocrx_word' id='word_1_344' title='bbox 1448 2825 1604 2872; x_wconf 88' lang='lat' dir='ltr'>nescio</span> <span class='ocrx_word' id='word_1_345' title='bbox 1637 2840 1734 2887; x_wconf 92' lang='lat' dir='ltr'>quo</span> <span class='ocrx_word' id='word_1_346' title='bbox 1774 2824 1923 2872; x_wconf 89' lang='lat' dir='ltr'>codici</span> <span class='ocrx_word' id='word_1_347' title='bbox 1965 2824 2179 2871; x_wconf 85' lang='lat' dir='ltr'>vaticano</span> <span class='ocrx_word' id='word_1_348' title='bbox 2215 2824 2565 2887; x_wconf 88' lang='lat' dir='ltr'>praepositum:</span> 
     </span>
     <span class='ocr_line' id='line_1_34' title="bbox 300 2897 1768 2965; baseline 0.003 -21"><span class='ocrx_word' id='word_1_349' title='bbox 300 2897 470 2947; x_wconf 86' lang='lat' dir='ltr'>deinde</span> <span class='ocrx_word' id='word_1_350' title='bbox 503 2909 550 2948; x_wconf 88' lang='lat' dir='ltr'>et</span> <span class='ocrx_word' id='word_1_351' title='bbox 591 2916 737 2965; x_wconf 89' lang='lat' dir='ltr'>pauca</span> <span class='ocrx_word' id='word_1_352' title='bbox 771 2903 1094 2950; x_wconf 89' lang='lat' dir='ltr'>commentarii</span> <span class='ocrx_word' id='word_1_353' title='bbox 1128 2903 1382 2965; x_wconf 90' lang='lat' dir='ltr'>specimina</span> <span class='ocrx_word' id='word_1_354' title='bbox 1417 2901 1768 2964; x_wconf 84' lang='lat' dir='ltr'>subiungemus.</span> 
     </span>
    </p>

    <p class='ocr_par' dir='ltr' id='par_1_8' title="bbox 302 2974 2576 3213">
     <span class='ocr_line' id='line_1_35' title="bbox 407 2974 2576 3047; baseline 0 -22"><span class='ocrx_word' id='word_1_355' title='bbox 407 2976 620 3034; x_wconf 83' lang='grc' dir='ltr'><strong>Ὑπο’θεσις</strong></span> <span class='ocrx_word' id='word_1_356' title='bbox 651 2978 738 3031; x_wconf 65' lang='grc' dir='ltr'>ἤτοι</span> <span class='ocrx_word' id='word_1_357' title='bbox 771 2978 961 3047; x_wconf 72' lang='grc' dir='ltr'><strong>πρὸλογες</strong></span> <span class='ocrx_word' id='word_1_358' title='bbox 989 2984 1062 3036; x_wconf 82' lang='grc' dir='ltr'><strong>τῆς</strong></span> <span class='ocrx_word' id='word_1_359' title='bbox 1087 2976 1333 3043; x_wconf 75' lang='grc' dir='ltr'><strong>ὑποκειμὲνης</strong></span> <span class='ocrx_word' id='word_1_360' title='bbox 1363 2976 1575 3030; x_wconf 81' lang='grc' dir='ltr'>Βασιλειόυ</span> <span class='ocrx_word' id='word_1_361' title='bbox 1609 2976 1898 3045; x_wconf 73' lang='grc' dir='ltr'>μητροπολῖτου</span> <span class='ocrx_word' id='word_1_362' title='bbox 1928 2976 2022 3027; x_wconf 75' lang='grc' dir='ltr'><em>νέων</em></span> <span class='ocrx_word' id='word_1_363' title='bbox 2057 2981 2227 3046; x_wconf 75' lang='grc' dir='ltr'>Πατρῶν</span> <span class='ocrx_word' id='word_1_364' title='bbox 2271 2974 2576 3044; x_wconf 73' lang='grc' dir='ltr'><strong>πραγματεῖας,</strong></span> 
     </span>
     <span class='ocr_line' id='line_1_36' title="bbox 302 3049 2576 3129; baseline -0 -22"><span class='ocrx_word' id='word_1_365' title='bbox 302 3054 342 3101; x_wconf 67' lang='grc' dir='ltr'>ἐν</span> <span class='ocrx_word' id='word_1_366' title='bbox 371 3049 398 3120; x_wconf 58' lang='grc' dir='ltr'>ἦ</span> <span class='ocrx_word' id='word_1_367' title='bbox 427 3057 492 3107; x_wconf 71' lang='grc' dir='ltr'>καὶ</span> <span class='ocrx_word' id='word_1_368' title='bbox 523 3063 580 3116; x_wconf 81' lang='grc' dir='ltr'><strong>εἷς</strong></span> <span class='ocrx_word' id='word_1_369' title='bbox 613 3059 836 3129; x_wconf 58' lang='grc' dir='ltr'>ἀποτροπὴν</span> <span class='ocrx_word' id='word_1_370' title='bbox 869 3061 1043 3112; x_wconf 76' lang='grc' dir='ltr'>ἰουδαῖων</span> <span class='ocrx_word' id='word_1_371' title='bbox 1073 3059 1140 3112; x_wconf 66' lang='grc' dir='ltr'>καὶ</span> <span class='ocrx_word' id='word_1_372' title='bbox 1173 3059 1378 3129; x_wconf 61' lang='grc' dir='ltr'>αἷρετικῶν</span> <span class='ocrx_word' id='word_1_373' title='bbox 1412 3064 1451 3110; x_wconf 81' lang='grc' dir='ltr'>ἐκ</span> <span class='ocrx_word' id='word_1_374' title='bbox 1484 3066 1553 3112; x_wconf 63' lang='grc' dir='ltr'>τεῦ</span> <span class='ocrx_word' id='word_1_375' title='bbox 1583 3065 1757 3112; x_wconf 69' lang='grc' dir='ltr'>παλαιοῦ</span> <span class='ocrx_word' id='word_1_376' title='bbox 1788 3064 1844 3117; x_wconf 75' lang='grc' dir='ltr'><strong>εἰς</strong></span> <span class='ocrx_word' id='word_1_377' title='bbox 1875 3058 2097 3123; x_wconf 74' lang='grc' dir='ltr'>βεβαίωσιν</span> <span class='ocrx_word' id='word_1_378' title='bbox 2132 3064 2203 3115; x_wconf 77' lang='grc' dir='ltr'><strong>τῆς</strong></span> <span class='ocrx_word' id='word_1_379' title='bbox 2247 3058 2356 3116; x_wconf 72' lang='grc' dir='ltr'><strong>Θείας</strong></span> <span class='ocrx_word' id='word_1_380' title='bbox 2391 3063 2576 3126; x_wconf 75' lang='grc' dir='ltr'><em>ἑνανθρω-</em></span> 
     </span>
     <span class='ocr_line' id='line_1_37' title="bbox 303 3142 2572 3213; baseline -0 -21"><span class='ocrx_word' id='word_1_381' title='bbox 303 3155 456 3192; x_wconf 69' lang='grc' dir='ltr'>πησεως</span> <span class='ocrx_word' id='word_1_382' title='bbox 487 3160 554 3188; x_wconf 75' lang='grc' dir='ltr'>τευ</span> <span class='ocrx_word' id='word_1_383' title='bbox 582 3142 753 3209; x_wconf 73' lang='grc' dir='ltr'>μεγάλου</span> <span class='ocrx_word' id='word_1_384' title='bbox 782 3150 883 3196; x_wconf 63' lang='grc' dir='ltr'>θεοῦ</span> <span class='ocrx_word' id='word_1_385' title='bbox 911 3169 979 3195; x_wconf 79' lang='grc' dir='ltr'>και</span> <span class='ocrx_word' id='word_1_386' title='bbox 1014 3168 1187 3213; x_wconf 60' lang='grc' dir='ltr'><strong>σωτῆρος</strong></span> <span class='ocrx_word' id='word_1_387' title='bbox 1217 3148 1325 3210; x_wconf 75' lang='grc' dir='ltr'>ἦμων</span> <span class='ocrx_word' id='word_1_388' title='bbox 1355 3148 1486 3199; x_wconf 73' lang='grc' dir='ltr'>Ἰησοῦ</span> <span class='ocrx_word' id='word_1_389' title='bbox 1516 3149 1671 3211; x_wconf 75' lang='grc' dir='ltr'><strong>Χρις-οῧ</strong></span> <span class='ocrx_word' id='word_1_390' title='bbox 1703 3146 1750 3194; x_wconf 75' lang='grc' dir='ltr'>δι</span> <span class='ocrx_word' id='word_1_391' title='bbox 1781 3142 2027 3210; x_wconf 63' lang='grc' dir='ltr'><strong><em>αἰνιγμάτων</em></strong></span> <span class='ocrx_word' id='word_1_392' title='bbox 2064 3148 2276 3199; x_wconf 73' lang='grc' dir='ltr'><em>πολυειδῶς</em></span> <span class='ocrx_word' id='word_1_393' title='bbox 2316 3142 2572 3207; x_wconf 76' lang='grc' dir='ltr'>ἐκλαμβανει.</span> 
     </span>
    </p>

    <p class='ocr_par' dir='ltr' id='par_1_9' title="bbox 298 3219 2578 3875">
     <span class='ocr_line' id='line_1_38' title="bbox 411 3219 2578 3296; baseline 0.003 -29.036"><span class='ocrx_word' id='word_1_394' title='bbox 411 3219 464 3267; x_wconf 89' lang='grc' dir='ltr'>Ὀ</span> <span class='ocrx_word' id='word_1_395' title='bbox 499 3223 723 3289; x_wconf 69' lang='lat' dir='ltr'>vaepoz&#39;mo3</span> <span class='ocrx_word' id='word_1_396' title='bbox 757 3250 821 3276; x_wconf 83' lang='grc' dir='ltr'>και</span> <span class='ocrx_word' id='word_1_397' title='bbox 851 3227 1042 3287; x_wconf 56' lang='grc' dir='ltr'><strong>ἀνενδεὴς</strong></span> <span class='ocrx_word' id='word_1_398' title='bbox 1078 3227 1147 3278; x_wconf 55' lang='lat' dir='ltr'>iai</span> <span class='ocrx_word' id='word_1_399' title='bbox 1184 3225 1429 3296; x_wconf 75' lang='grc' dir='ltr'><strong>ἀωροσιτος,</strong></span> <span class='ocrx_word' id='word_1_400' title='bbox 1469 3225 1688 3283; x_wconf 76' lang='grc' dir='ltr'>ου’σιοπειος</span> <span class='ocrx_word' id='word_1_401' title='bbox 1731 3250 1796 3276; x_wconf 82' lang='grc' dir='ltr'>και</span> <span class='ocrx_word' id='word_1_402' title='bbox 1835 3226 2067 3294; x_wconf 70' lang='grc' dir='ltr'><strong>ἂημιευργος</strong></span> <span class='ocrx_word' id='word_1_403' title='bbox 2104 3249 2170 3275; x_wconf 78' lang='grc' dir='ltr'>και</span> <span class='ocrx_word' id='word_1_404' title='bbox 2209 3223 2382 3289; x_wconf 76' lang='grc' dir='ltr'>κηόεμῶν</span> <span class='ocrx_word' id='word_1_405' title='bbox 2424 3229 2497 3280; x_wconf 77' lang='grc' dir='ltr'>τῆς</span> <span class='ocrx_word' id='word_1_406' title='bbox 2535 3247 2578 3276; x_wconf 86' lang='grc' dir='ltr'>τε</span> 
     </span>
     <span class='ocr_line' id='line_1_39' title="bbox 301 3306 2575 3378; baseline 0.002 -28"><span class='ocrx_word' id='word_1_407' title='bbox 301 3319 501 3362; x_wconf 73' lang='grc' dir='ltr'><strong>νοευμῑνης</strong></span> <span class='ocrx_word' id='word_1_408' title='bbox 531 3325 721 3366; x_wconf 83' lang='grc' dir='ltr'><strong>κτισεως,</strong></span> <span class='ocrx_word' id='word_1_409' title='bbox 753 3330 819 3358; x_wconf 80' lang='grc' dir='ltr'>και</span> <span class='ocrx_word' id='word_1_410' title='bbox 852 3314 965 3366; x_wconf 78' lang='grc' dir='ltr'>τῆςόε</span> <span class='ocrx_word' id='word_1_411' title='bbox 998 3316 1071 3367; x_wconf 81' lang='grc' dir='ltr'><strong>τῆς</strong></span> <span class='ocrx_word' id='word_1_412' title='bbox 1103 3332 1299 3378; x_wconf 81' lang='grc' dir='ltr'><strong>ορωμενης</strong></span> <span class='ocrx_word' id='word_1_413' title='bbox 1321 3349 1335 3371; x_wconf 84' lang='grc'><em>,</em></span> <span class='ocrx_word' id='word_1_414' title='bbox 1369 3310 1388 3359; x_wconf 71' lang='grc' dir='ltr'>ὅ</span> <span class='ocrx_word' id='word_1_415' title='bbox 1423 3332 1598 3378; x_wconf 79' lang='grc' dir='ltr'>κυριευων</span> <span class='ocrx_word' id='word_1_416' title='bbox 1631 3307 1815 3378; x_wconf 76' lang='grc' dir='ltr'>σύρανιων</span> <span class='ocrx_word' id='word_1_417' title='bbox 1854 3332 1921 3358; x_wconf 84' lang='grc' dir='ltr'>και</span> <span class='ocrx_word' id='word_1_418' title='bbox 1958 3330 2137 3374; x_wconf 77' lang='grc' dir='ltr'>επιγειων</span> <span class='ocrx_word' id='word_1_419' title='bbox 2174 3331 2241 3356; x_wconf 84' lang='grc' dir='ltr'>και</span> <span class='ocrx_word' id='word_1_420' title='bbox 2281 3306 2575 3371; x_wconf 73' lang='grc' dir='ltr'><em>καταχθονίων,</em></span> 
     </span>
     <span class='ocr_line' id='line_1_40' title="bbox 301 3378 2576 3461; baseline -0.005 -14"><span class='ocrx_word' id='word_1_421' title='bbox 301 3401 348 3430; x_wconf 66' lang='grc' dir='ltr'>το</span> <span class='ocrx_word' id='word_1_422' title='bbox 380 3378 684 3449; x_wconf 58' lang='grc' dir='ltr'><strong><em>ἀπαραῃακῖΰν</em></strong></span> <span class='ocrx_word' id='word_1_423' title='bbox 715 3392 784 3444; x_wconf 62' lang='grc' dir='ltr'>τῆς</span> <span class='ocrx_word' id='word_1_424' title='bbox 819 3394 1152 3446; x_wconf 83' lang='grc' dir='ltr'>ἀνακαταληπτου</span> <span class='ocrx_word' id='word_1_425' title='bbox 1183 3396 1375 3461; x_wconf 63' lang='grc' dir='ltr'><strong>πατρικῆς</strong></span> <span class='ocrx_word' id='word_1_426' title='bbox 1413 3392 1615 3445; x_wconf 71' lang='grc' dir='ltr'><strong>οὗσιότητσ</strong></span> <span class='ocrx_word' id='word_1_427' title='bbox 1622 3417 1639 3448; x_wconf 90' lang='grc' dir='ltr'><strong>ς</strong></span> <span class='ocrx_word' id='word_1_428' title='bbox 1678 3390 1839 3460; x_wconf 84' lang='grc' dir='ltr'><strong>ἐναργες</strong></span> <span class='ocrx_word' id='word_1_429' title='bbox 1877 3391 1950 3455; x_wconf 71' lang='grc' dir='ltr'>ἔμε</span> <span class='ocrx_word' id='word_1_430' title='bbox 1957 3414 2059 3455; x_wconf 80' lang='grc' dir='ltr'><em>ιωμα</em></span> <span class='ocrx_word' id='word_1_431' title='bbox 2081 3429 2094 3451; x_wconf 90' lang='grc'>.,</span> <span class='ocrx_word' id='word_1_432' title='bbox 2131 3414 2201 3439; x_wconf 86' lang='grc' dir='ltr'>και</span> <span class='ocrx_word' id='word_1_433' title='bbox 2238 3387 2451 3454; x_wconf 77' lang='grc' dir='ltr'>λαμπεδων</span> <span class='ocrx_word' id='word_1_434' title='bbox 2490 3390 2576 3439; x_wconf 83' lang='grc' dir='ltr'>ἰσο-</span> 
     </span>
     <span class='ocr_line' id='line_1_41' title="bbox 301 3459 2575 3543; baseline 0.006 -32"><span class='ocrx_word' id='word_1_435' title='bbox 301 3459 502 3531; x_wconf 74' lang='grc' dir='ltr'><strong>δυναμος,</strong></span> <span class='ocrx_word' id='word_1_436' title='bbox 535 3467 660 3517; x_wconf 53' lang='lat' dir='ltr'>&#39;Irim‘u</span> <span class='ocrx_word' id='word_1_437' title='bbox 622 3491 684 3522; x_wconf 88' lang='grc' dir='ltr'><strong>υς</strong></span> <span class='ocrx_word' id='word_1_438' title='bbox 718 3470 943 3536; x_wconf 72' lang='grc' dir='ltr'><strong>Χριστος“</strong></span> <span class='ocrx_word' id='word_1_439' title='bbox 923 3497 942 3522; x_wconf 86' lang='grc' dir='ltr'><em>ο</em></span> <span class='ocrx_word' id='word_1_440' title='bbox 975 3474 1071 3531; x_wconf 65' lang='grc' dir='ltr'><strong>θεας</strong></span> <span class='ocrx_word' id='word_1_441' title='bbox 1101 3477 1235 3539; x_wconf 69' lang='grc' dir='ltr'>ἦμῶν,</span> <span class='ocrx_word' id='word_1_442' title='bbox 1270 3479 1288 3525; x_wconf 83' lang='grc' dir='ltr'><em>ὃ</em></span> <span class='ocrx_word' id='word_1_443' title='bbox 1319 3472 1366 3528; x_wconf 77' lang='grc' dir='ltr'>ἦν</span> <span class='ocrx_word' id='word_1_444' title='bbox 1404 3477 1472 3527; x_wconf 79' lang='grc' dir='ltr'>ἀπ’</span> <span class='ocrx_word' id='word_1_445' title='bbox 1504 3478 1630 3543; x_wconf 77' lang='grc' dir='ltr'><strong>ἀρχης</strong></span> <span class='ocrx_word' id='word_1_446' title='bbox 1666 3498 1734 3524; x_wconf 82' lang='grc' dir='ltr'>και</span> <span class='ocrx_word' id='word_1_447' title='bbox 1767 3473 1817 3524; x_wconf 77' lang='grc' dir='ltr'>ὢν</span> <span class='ocrx_word' id='word_1_448' title='bbox 1849 3498 1918 3523; x_wconf 83' lang='grc' dir='ltr'>και</span> <span class='ocrx_word' id='word_1_449' title='bbox 1957 3471 2213 3536; x_wconf 75' lang='grc' dir='ltr'><strong>συνεσᾶμενσς</strong></span> <span class='ocrx_word' id='word_1_450' title='bbox 2239 3477 2296 3537; x_wconf 79' lang='grc' dir='ltr'><em>τῶ</em></span> <span class='ocrx_word' id='word_1_451' title='bbox 2319 3494 2466 3539; x_wconf 82' lang='grc' dir='ltr'>πατρι,</span> <span class='ocrx_word' id='word_1_452' title='bbox 2502 3469 2575 3521; x_wconf 59' lang='lat' dir='ltr'>{m</span> 
     </span>
     <span class='ocr_line' id='line_1_42' title="bbox 300 3547 2578 3625; baseline 0.003 -26"><span class='ocrx_word' id='word_1_453' title='bbox 300 3565 347 3594; x_wconf 73' lang='lat' dir='ltr'>‘to</span> <span class='ocrx_word' id='word_1_454' title='bbox 377 3549 468 3595; x_wconf 82' lang='grc' dir='ltr'><strong><em>καθ’</em></strong></span> <span class='ocrx_word' id='word_1_455' title='bbox 497 3547 603 3612; x_wconf 73' lang='grc' dir='ltr'><strong>ἦμᾶς</strong></span> <span class='ocrx_word' id='word_1_456' title='bbox 634 3548 896 3614; x_wconf 68' lang='grc' dir='ltr'><strong>ἀμεταβόλως</strong></span> <span class='ocrx_word' id='word_1_457' title='bbox 930 3556 1152 3618; x_wconf 71' lang='grc' dir='ltr'><strong>ἐληλυθὼς,</strong></span> <span class='ocrx_word' id='word_1_458' title='bbox 1184 3558 1306 3608; x_wconf 49' lang='grc' dir='ltr'>καὶ(</span> <span class='ocrx_word' id='word_1_459' title='bbox 1284 3581 1550 3614; x_wconf 81' lang='grc' dir='ltr'>υποτυπωσας</span> <span class='ocrx_word' id='word_1_460' title='bbox 1584 3561 1630 3608; x_wconf 76' lang='grc' dir='ltr'>δι’</span> <span class='ocrx_word' id='word_1_461' title='bbox 1663 3580 1907 3625; x_wconf 78' lang='grc' dir='ltr'><strong>αυτσυργιας</strong></span> <span class='ocrx_word' id='word_1_462' title='bbox 1938 3555 2006 3607; x_wconf 67' lang='grc' dir='ltr'>καὶ</span> <span class='ocrx_word' id='word_1_463' title='bbox 2040 3554 2205 3612; x_wconf 54' lang='lat' dir='ltr'>Matar,</span> <span class='ocrx_word' id='word_1_464' title='bbox 2245 3553 2392 3610; x_wconf 51' lang='lat' dir='ltr'>micat,-</span> <span class='ocrx_word' id='word_1_465' title='bbox 2424 3577 2452 3602; x_wconf 87' lang='grc' dir='ltr'><em>α</em></span> <span class='ocrx_word' id='word_1_466' title='bbox 2483 3577 2578 3605; x_wconf 70' lang='lat'>00⁷1-</span> 
     </span>
     <span class='ocr_line' id='line_1_43' title="bbox 298 3624 2578 3708; baseline -0.002 -20"><span class='ocrx_word' id='word_1_467' title='bbox 298 3624 415 3691; x_wconf 58' lang='grc' dir='ltr'><em>μέθαι</em></span> <span class='ocrx_word' id='word_1_468' title='bbox 446 3651 520 3681; x_wconf 67' lang='grc' dir='ltr'>των</span> <span class='ocrx_word' id='word_1_469' title='bbox 553 3630 772 3698; x_wconf 57' lang='grc' dir='ltr'>ανὲρωῒων</span> <span class='ocrx_word' id='word_1_470' title='bbox 803 3657 829 3686; x_wconf 77' lang='lat'>‘¹2</span> <span class='ocrx_word' id='word_1_471' title='bbox 861 3657 973 3703; x_wconf 70' lang='grc' dir='ltr'><strong>φυσις</strong></span> <span class='ocrx_word' id='word_1_472' title='bbox 1004 3640 1163 3706; x_wconf 75' lang='grc' dir='ltr'><strong>ἆβαρως</strong></span> <span class='ocrx_word' id='word_1_473' title='bbox 1196 3662 1270 3689; x_wconf 80' lang='grc' dir='ltr'>κατ</span> <span class='ocrx_word' id='word_1_474' title='bbox 1275 3643 1451 3707; x_wconf 67' lang='lat' dir='ltr'>098·choe</span> <span class='ocrx_word' id='word_1_475' title='bbox 1483 3663 1597 3704; x_wconf 86' lang='grc' dir='ltr'><em>τυχοι</em></span> <span class='ocrx_word' id='word_1_476' title='bbox 1631 3645 1707 3697; x_wconf 74' lang='grc' dir='ltr'><strong>τῆς</strong></span> <span class='ocrx_word' id='word_1_477' title='bbox 1739 3637 1945 3708; x_wconf 63' lang='grc' dir='ltr'><strong>μακαρίας</strong></span> <span class='ocrx_word' id='word_1_478' title='bbox 1977 3662 2045 3689; x_wconf 76' lang='grc' dir='ltr'>και</span> <span class='ocrx_word' id='word_1_479' title='bbox 2079 3636 2239 3695; x_wconf 76' lang='grc' dir='ltr'><em>ἀειζωευ</em></span> <span class='ocrx_word' id='word_1_480' title='bbox 2272 3661 2335 3686; x_wconf 86' lang='grc' dir='ltr'>και</span> <span class='ocrx_word' id='word_1_481' title='bbox 2370 3634 2578 3704; x_wconf 73' lang='grc' dir='ltr'><em>ἀᾶιαῤῥευ-</em></span> 
     </span>
     <span class='ocr_line' id='line_1_44' title="bbox 301 3714 2576 3792; baseline -0.003 -15"><span class='ocrx_word' id='word_1_482' title='bbox 301 3729 374 3758; x_wconf 59' lang='lat'>⁰²²</span> <span class='ocrx_word' id='word_1_483' title='bbox 376 3732 399 3758; x_wconf 68' lang='grc' dir='ltr'>υ</span> <span class='ocrx_word' id='word_1_484' title='bbox 436 3717 600 3782; x_wconf 64' lang='grc' dir='ltr'>τρυφῆς,</span> <span class='ocrx_word' id='word_1_485' title='bbox 641 3714 850 3785; x_wconf 61' lang='grc' dir='ltr'>διεσάφησε</span> <span class='ocrx_word' id='word_1_486' title='bbox 888 3716 1094 3785; x_wconf 53' lang='lat' dir='ltr'>&amp;capp-mim</span> <span class='ocrx_word' id='word_1_487' title='bbox 1131 3718 1206 3770; x_wconf 67' lang='grc' dir='ltr'>ὧδέ</span> <span class='ocrx_word' id='word_1_488' title='bbox 1243 3745 1350 3783; x_wconf 80' lang='grc' dir='ltr'>πως,</span> <span class='ocrx_word' id='word_1_489' title='bbox 1391 3725 1569 3790; x_wconf 69' lang='grc' dir='ltr'>ἓρευνᾶτε</span> <span class='ocrx_word' id='word_1_490' title='bbox 1610 3722 1682 3779; x_wconf 72' lang='grc' dir='ltr'><strong>τὰς</strong></span> <span class='ocrx_word' id='word_1_491' title='bbox 1721 3722 1897 3792; x_wconf 67' lang='grc' dir='ltr'><strong>γραφάς·</strong></span> <span class='ocrx_word' id='word_1_492' title='bbox 1934 3723 1975 3771; x_wconf 79' lang='grc' dir='ltr'>ἐν</span> <span class='ocrx_word' id='word_1_493' title='bbox 2010 3723 2153 3777; x_wconf 74' lang='grc' dir='ltr'><strong>αὗταις</strong></span> <span class='ocrx_word' id='word_1_494' title='bbox 2185 3743 2273 3786; x_wconf 77' lang='grc' dir='ltr'><strong><em>γαρ·</em></strong></span> <span class='ocrx_word' id='word_1_495' title='bbox 2294 3724 2440 3770; x_wconf 79' lang='grc' dir='ltr'>ὂεκεῖτε</span> <span class='ocrx_word' id='word_1_496' title='bbox 2472 3717 2576 3775; x_wconf 73' lang='grc' dir='ltr'><strong>ζωην</strong></span> 
     </span>
     <span class='ocr_line' id='line_1_45' title="bbox 298 3789 2573 3875; baseline 0.012 -36"><span class='ocrx_word' id='word_1_497' title='bbox 298 3789 456 3844; x_wconf 70' lang='grc' dir='ltr'><em>αἰώνιον</em></span> <span class='ocrx_word' id='word_1_498' title='bbox 487 3798 610 3863; x_wconf 78' lang='grc' dir='ltr'><em>ἔχειν·</em></span> <span class='ocrx_word' id='word_1_499' title='bbox 646 3821 795 3853; x_wconf 81' lang='grc' dir='ltr'>ταυτην</span> <span class='ocrx_word' id='word_1_500' title='bbox 827 3821 896 3851; x_wconf 78' lang='grc' dir='ltr'>την</span> <span class='ocrx_word' id='word_1_501' title='bbox 929 3798 1254 3869; x_wconf 52' lang='grc' dir='ltr'>ἓεᾶφθεγκτσν(</span> <span class='ocrx_word' id='word_1_502' title='bbox 1235 3809 1343 3872; x_wconf 78' lang='grc' dir='ltr'><em>ρῆσιν</em></span> <span class='ocrx_word' id='word_1_503' title='bbox 1381 3809 1497 3858; x_wconf 59' lang='lat' dir='ltr'>aiz-nn:</span> <span class='ocrx_word' id='word_1_504' title='bbox 1501 3805 1547 3862; x_wconf 75' lang='grc' dir='ltr'><strong>ὣς</strong></span> <span class='ocrx_word' id='word_1_505' title='bbox 1578 3802 1704 3875; x_wconf 78' lang='grc' dir='ltr'>ῥητωρ</span> <span class='ocrx_word' id='word_1_506' title='bbox 1736 3807 1754 3855; x_wconf 75' lang='grc' dir='ltr'><em>ὃ</em></span> <span class='ocrx_word' id='word_1_507' title='bbox 1788 3829 1953 3875; x_wconf 69' lang='grc' dir='ltr'>πυριπνε</span> <span class='ocrx_word' id='word_1_508' title='bbox 1937 3829 2000 3861; x_wconf 86' lang='grc' dir='ltr'><strong>υς</strong></span> <span class='ocrx_word' id='word_1_509' title='bbox 2037 3826 2242 3872; x_wconf 61' lang='grc' dir='ltr'>παρεγγυᾷ</span> <span class='ocrx_word' id='word_1_510' title='bbox 2281 3824 2350 3870; x_wconf 57' lang='grc' dir='ltr'>πρε</span> <span class='ocrx_word' id='word_1_511' title='bbox 2335 3800 2492 3865; x_wconf 57' lang='grc' dir='ltr'>σέχεῑν</span> <span class='ocrx_word' id='word_1_512' title='bbox 2525 3823 2573 3865; x_wconf 62' lang='lat'>&#39;⁸1¹</span> 
     </span>
    </p>
   </div>
  </div>
 </body>
</html>
