<?xml version="1.0" encoding="UTF-8"?>
<!DOCTYPE html PUBLIC "-//W3C//DTD XHTML 1.0 Transitional//EN"
    "http://www.w3.org/TR/xhtml1/DTD/xhtml1-transitional.dtd">
<html xmlns="http://www.w3.org/1999/xhtml" xml:lang="en" lang="en">
 <head>
  <title>
</title>
<meta http-equiv="Content-Type" content="text/html;charset=utf-8" />
  <meta name='ocr-system' content='tesseract 3.04.00' />
  <meta name='ocr-capabilities' content='ocr_page ocr_carea ocr_par ocr_line ocrx_word'/>
</head>
<body>
  <div class='ocr_page' id='page_1' title='image "./novaepatrumbibli07maiauoft/novaepatrumbibli07maiauoft_0767.png"; bbox 0 0 2996 4432; ppageno 0'>
   <div class='ocr_carea' id='block_1_1' title="bbox 1226 258 2486 305">
    <p class='ocr_par' dir='ltr' id='par_1_1' title="bbox 1226 258 2486 305">
     <span class='ocr_line' id='line_1_1' title="bbox 1226 258 2486 305; baseline 0.004 -5"><span class='ocrx_word' id='word_1_1' title='bbox 1226 268 1469 301; x_wconf 74' lang='lat' dir='ltr'><strong>nomzoms.</strong></span> <span class='ocrx_word' id='word_1_2' title='bbox 2430 258 2486 305; x_wconf 72' lang='lat'><strong>10</strong></span> 
     </span>
    </p>
   </div>
   <div class='ocr_carea' id='block_1_2' title="bbox 217 352 2494 3918">
    <p class='ocr_par' dir='ltr' id='par_1_2' title="bbox 217 352 2486 598">
     <span class='ocr_line' id='line_1_2' title="bbox 217 352 2486 432; baseline -0.002 -20"><span class='ocrx_word' id='word_1_3' title='bbox 217 380 399 414; x_wconf 78' lang='lat' dir='ltr'><strong>omncs</strong></span> <span class='ocrx_word' id='word_1_4' title='bbox 423 360 557 432; x_wconf 80' lang='lat' dir='ltr'><strong>quia</strong></span> <span class='ocrx_word' id='word_1_5' title='bbox 589 357 692 410; x_wconf 84' lang='lat' dir='ltr'><strong>mei</strong></span> <span class='ocrx_word' id='word_1_6' title='bbox 724 355 848 408; x_wconf 84' lang='lat' dir='ltr'><strong>estis</strong></span> <span class='ocrx_word' id='word_1_7' title='bbox 872 353 1162 427; x_wconf 82' lang='lat' dir='ltr'><strong>discipuli,</strong></span> <span class='ocrx_word' id='word_1_8' title='bbox 1195 353 1247 405; x_wconf 85' lang='lat' dir='ltr'><strong>si</strong></span> <span class='ocrx_word' id='word_1_9' title='bbox 1279 352 1621 404; x_wconf 81' lang='lat' dir='ltr'><strong>dilectionem</strong></span> <span class='ocrx_word' id='word_1_10' title='bbox 1656 352 1952 406; x_wconf 76' lang='lat' dir='ltr'><em>habueritis</em></span> <span class='ocrx_word' id='word_1_11' title='bbox 1989 353 2069 405; x_wconf 81' lang='lat' dir='ltr'><strong>ad</strong></span> <span class='ocrx_word' id='word_1_12' title='bbox 2100 352 2340 406; x_wconf 80' lang='lat' dir='ltr'><strong>invicem.</strong></span> <span class='ocrx_word' id='word_1_13' title='bbox 2380 355 2486 408; x_wconf 90' lang='lat' dir='ltr'><strong>Ne-</strong></span> 
     </span>
     <span class='ocr_line' id='line_1_3' title="bbox 220 434 2485 512; baseline -0.003 -15"><span class='ocrx_word' id='word_1_14' title='bbox 220 465 305 497; x_wconf 85' lang='lat' dir='ltr'><strong>mo</strong></span> <span class='ocrx_word' id='word_1_15' title='bbox 353 444 492 497; x_wconf 88' lang='lat' dir='ltr'><strong>enim</strong></span> <span class='ocrx_word' id='word_1_16' title='bbox 528 439 806 512; x_wconf 81' lang='lat' dir='ltr'>hypocrita</span> <span class='ocrx_word' id='word_1_17' title='bbox 843 439 1013 490; x_wconf 86' lang='lat' dir='ltr'><strong>Deum</strong></span> <span class='ocrx_word' id='word_1_18' title='bbox 1058 447 1111 490; x_wconf 90' lang='lat' dir='ltr'><strong>et</strong></span> <span class='ocrx_word' id='word_1_19' title='bbox 1155 435 1463 508; x_wconf 86' lang='lat' dir='ltr'><strong>proximum</strong></span> <span class='ocrx_word' id='word_1_20' title='bbox 1499 434 1694 506; x_wconf 88' lang='lat' dir='ltr'><strong>poterit</strong></span> <span class='ocrx_word' id='word_1_21' title='bbox 1730 455 1982 507; x_wconf 88' lang='lat' dir='ltr'><strong>umquam</strong></span> <span class='ocrx_word' id='word_1_22' title='bbox 2022 455 2157 508; x_wconf 88' lang='lat' dir='ltr'><strong>pura</strong></span> <span class='ocrx_word' id='word_1_23' title='bbox 2195 449 2369 491; x_wconf 91' lang='lat' dir='ltr'><strong>mente</strong></span> <span class='ocrx_word' id='word_1_24' title='bbox 2405 439 2485 491; x_wconf 87' lang='lat' dir='ltr'><strong>di-</strong></span> 
     </span>
     <span class='ocr_line' id='line_1_4' title="bbox 220 530 400 598; baseline -0.006 -18"><span class='ocrx_word' id='word_1_25' title='bbox 220 530 400 598; x_wconf 83' lang='lat' dir='ltr'><strong>ligere.</strong></span> 
     </span>
    </p>

    <p class='ocr_par' dir='ltr' id='par_1_3' title="bbox 220 601 2494 2831">
     <span class='ocr_line' id='line_1_5' title="bbox 329 601 2484 679; baseline -0.002 -17"><span class='ocrx_word' id='word_1_26' title='bbox 329 629 413 679; x_wconf 83' lang='lat'><strong>29</strong></span> <span class='ocrx_word' id='word_1_27' title='bbox 439 608 626 660; x_wconf 82' lang='lat' dir='ltr'><strong>Beatus</strong></span> <span class='ocrx_word' id='word_1_28' title='bbox 651 623 780 658; x_wconf 75' lang='lat' dir='ltr'><strong>veto</strong></span> <span class='ocrx_word' id='word_1_29' title='bbox 812 602 1008 656; x_wconf 91' lang='lat' dir='ltr'><strong>Paulus</strong></span> <span class='ocrx_word' id='word_1_30' title='bbox 1038 602 1284 673; x_wconf 84' lang='lat' dir='ltr'><strong>magister</strong></span> <span class='ocrx_word' id='word_1_31' title='bbox 1315 601 1551 673; x_wconf 85' lang='lat' dir='ltr'><strong>gentium</strong></span> <span class='ocrx_word' id='word_1_32' title='bbox 1582 602 1870 673; x_wconf 86' lang='lat' dir='ltr'><strong>prophetat</strong></span> <span class='ocrx_word' id='word_1_33' title='bbox 1904 602 2200 655; x_wconf 83' lang='lat' dir='ltr'><strong>novissimis</strong></span> <span class='ocrx_word' id='word_1_34' title='bbox 2237 607 2484 676; x_wconf 89' lang='lat' dir='ltr'><strong>tempori-</strong></span> 
     </span>
     <span class='ocr_line' id='line_1_6' title="bbox 223 685 2481 767; baseline -0.002 -23"><span class='ocrx_word' id='word_1_35' title='bbox 223 694 324 745; x_wconf 88' lang='lat' dir='ltr'><strong>bus</strong></span> <span class='ocrx_word' id='word_1_36' title='bbox 348 700 678 767; x_wconf 83' lang='lat' dir='ltr'><strong>surrecturos</strong></span> <span class='ocrx_word' id='word_1_37' title='bbox 705 687 945 739; x_wconf 91' lang='lat' dir='ltr'><strong>homines</strong></span> <span class='ocrx_word' id='word_1_38' title='bbox 971 685 1329 757; x_wconf 81' lang='lat' dir='ltr'><strong>periculosos,</strong></span> <span class='ocrx_word' id='word_1_39' title='bbox 1357 695 1590 736; x_wconf 88' lang='lat' dir='ltr'><strong>amantes</strong></span> <span class='ocrx_word' id='word_1_40' title='bbox 1615 694 1776 735; x_wconf 88' lang='lat' dir='ltr'><strong>semet</strong></span> <span class='ocrx_word' id='word_1_41' title='bbox 1799 685 1968 755; x_wconf 87' lang='lat' dir='ltr'><strong>ipsos,</strong></span> <span class='ocrx_word' id='word_1_42' title='bbox 1997 704 2210 751; x_wconf 79' lang='lat' dir='ltr'><strong>avaroS,</strong></span> <span class='ocrx_word' id='word_1_43' title='bbox 2240 687 2481 752; x_wconf 88' lang='lat' dir='ltr'><strong>invidos,</strong></span> 
     </span>
     <span class='ocr_line' id='line_1_7' title="bbox 220 767 2485 846; baseline -0.002 -18"><span class='ocrx_word' id='word_1_44' title='bbox 220 769 513 846; x_wconf 78' lang='lat' dir='ltr'><strong>superbOS,</strong></span> <span class='ocrx_word' id='word_1_45' title='bbox 553 789 648 822; x_wconf 91' lang='lat' dir='ltr'><strong>sua</strong></span> <span class='ocrx_word' id='word_1_46' title='bbox 683 780 1000 841; x_wconf 88' lang='lat' dir='ltr'><strong>quaerentes</strong></span> <span class='ocrx_word' id='word_1_47' title='bbox 1037 787 1149 821; x_wconf 89' lang='lat' dir='ltr'><strong>non</strong></span> <span class='ocrx_word' id='word_1_48' title='bbox 1185 786 1325 840; x_wconf 89' lang='lat' dir='ltr'><strong>quae</strong></span> <span class='ocrx_word' id='word_1_49' title='bbox 1359 768 1479 821; x_wconf 91' lang='lat' dir='ltr'><strong>Iesu</strong></span> <span class='ocrx_word' id='word_1_50' title='bbox 1515 767 1742 830; x_wconf 85' lang='lat' dir='ltr'><strong>Christi,</strong></span> <span class='ocrx_word' id='word_1_51' title='bbox 1771 769 2065 820; x_wconf 88' lang='lat' dir='ltr'><strong>novitatum</strong></span> <span class='ocrx_word' id='word_1_52' title='bbox 2103 770 2407 823; x_wconf 89' lang='lat' dir='ltr'><strong>inventores</strong></span> <span class='ocrx_word' id='word_1_53' title='bbox 2432 783 2485 823; x_wconf 87' lang='lat' dir='ltr'><strong>et</strong></span> 
     </span>
     <span class='ocr_line' id='line_1_8' title="bbox 223 850 2480 924; baseline -0.002 -13.969"><span class='ocrx_word' id='word_1_54' title='bbox 223 869 511 919; x_wconf 19' lang='lat' dir='ltr'><strong>mimatores</strong></span> <span class='ocrx_word' id='word_1_55' title='bbox 551 853 892 906; x_wconf 88' lang='lat' dir='ltr'><strong>cauteriatam</strong></span> <span class='ocrx_word' id='word_1_56' title='bbox 941 851 1195 905; x_wconf 89' lang='lat' dir='ltr'><strong>habentes</strong></span> <span class='ocrx_word' id='word_1_57' title='bbox 1231 851 1624 904; x_wconf 86' lang='lat' dir='ltr'><strong>conscientiam.</strong></span> <span class='ocrx_word' id='word_1_58' title='bbox 1666 850 1871 902; x_wconf 89' lang='lat' dir='ltr'><strong>Nostris</strong></span> <span class='ocrx_word' id='word_1_59' title='bbox 1908 862 2084 903; x_wconf 89' lang='lat' dir='ltr'><strong>autem</strong></span> <span class='ocrx_word' id='word_1_60' title='bbox 2118 854 2480 924; x_wconf 83' lang='lat' dir='ltr'><strong>temporibus,</strong></span> 
     </span>
     <span class='ocr_line' id='line_1_9' title="bbox 223 933 2484 1011; baseline -0 -20"><span class='ocrx_word' id='word_1_61' title='bbox 223 942 279 993; x_wconf 91' lang='lat' dir='ltr'><strong>in</strong></span> <span class='ocrx_word' id='word_1_62' title='bbox 316 958 453 1011; x_wconf 90' lang='lat' dir='ltr'><strong>quos</strong></span> <span class='ocrx_word' id='word_1_63' title='bbox 489 938 620 990; x_wconf 88' lang='lat' dir='ltr'><strong>fines</strong></span> <span class='ocrx_word' id='word_1_64' title='bbox 644 936 972 990; x_wconf 89' lang='lat' dir='ltr'><strong>saeculorum</strong></span> <span class='ocrx_word' id='word_1_65' title='bbox 998 934 1358 998; x_wconf 88' lang='lat' dir='ltr'><strong>devenerunt,</strong></span> <span class='ocrx_word' id='word_1_66' title='bbox 1389 935 1487 986; x_wconf 90' lang='lat' dir='ltr'><strong>hae</strong></span> <span class='ocrx_word' id='word_1_67' title='bbox 1511 946 1683 1006; x_wconf 90' lang='lat' dir='ltr'><strong>pestes</strong></span> <span class='ocrx_word' id='word_1_68' title='bbox 1708 933 2024 988; x_wconf 87' lang='lat' dir='ltr'><strong>validissime</strong></span> <span class='ocrx_word' id='word_1_69' title='bbox 2049 953 2320 989; x_wconf 89' lang='lat' dir='ltr'><strong>emersere.</strong></span> <span class='ocrx_word' id='word_1_70' title='bbox 2350 938 2484 990; x_wconf 87' lang='lat' dir='ltr'><strong>Nam</strong></span> 
     </span>
     <span class='ocr_line' id='line_1_10' title="bbox 222 1017 2487 1094; baseline -0.001 -19"><span class='ocrx_word' id='word_1_71' title='bbox 222 1024 352 1094; x_wconf 90' lang='lat' dir='ltr'><strong>quia</strong></span> <span class='ocrx_word' id='word_1_72' title='bbox 388 1034 624 1093; x_wconf 86' lang='lat' dir='ltr'><strong>tempora</strong></span> <span class='ocrx_word' id='word_1_73' title='bbox 660 1019 968 1072; x_wconf 85' lang='lat' dir='ltr'><strong>Antichristi</strong></span> <span class='ocrx_word' id='word_1_74' title='bbox 1003 1019 1278 1071; x_wconf 86' lang='lat' dir='ltr'><strong>imminent</strong></span> <span class='ocrx_word' id='word_1_75' title='bbox 1299 1057 1327 1082; x_wconf 87' lang='lat'><strong>,-</strong></span> <span class='ocrx_word' id='word_1_76' title='bbox 1354 1017 1648 1070; x_wconf 90' lang='lat' dir='ltr'><strong>secundum</strong></span> <span class='ocrx_word' id='word_1_77' title='bbox 1694 1017 2013 1071; x_wconf 88' lang='lat' dir='ltr'><strong>dominicam</strong></span> <span class='ocrx_word' id='word_1_78' title='bbox 2049 1029 2102 1071; x_wconf 90' lang='lat' dir='ltr'><strong>et</strong></span> <span class='ocrx_word' id='word_1_79' title='bbox 2143 1021 2487 1090; x_wconf 87' lang='lat' dir='ltr'><strong>apostolicam</strong></span> 
     </span>
     <span class='ocr_line' id='line_1_11' title="bbox 225 1101 2486 1177; baseline -0.001 -20"><span class='ocrx_word' id='word_1_80' title='bbox 225 1105 598 1177; x_wconf 83' lang='lat' dir='ltr'><strong>prophetiam,</strong></span> <span class='ocrx_word' id='word_1_81' title='bbox 638 1105 1039 1156; x_wconf 85' lang='lat' dir='ltr'><strong>insurrexerunt</strong></span> <span class='ocrx_word' id='word_1_82' title='bbox 1086 1101 1279 1154; x_wconf 90' lang='lat' dir='ltr'><strong>nostris</strong></span> <span class='ocrx_word' id='word_1_83' title='bbox 1326 1101 1656 1172; x_wconf 88' lang='lat' dir='ltr'><strong>temporibus</strong></span> <span class='ocrx_word' id='word_1_84' title='bbox 1701 1101 1906 1173; x_wconf 86' lang='lat' dir='ltr'><strong>pseudo</strong></span> <span class='ocrx_word' id='word_1_85' title='bbox 1956 1102 2152 1154; x_wconf 91' lang='lat' dir='ltr'><strong>Christi</strong></span> <span class='ocrx_word' id='word_1_86' title='bbox 2195 1113 2247 1153; x_wconf 90' lang='lat' dir='ltr'><strong>et</strong></span> <span class='ocrx_word' id='word_1_87' title='bbox 2283 1102 2486 1173; x_wconf 88' lang='lat' dir='ltr'><strong>pseudo</strong></span> 
     </span>
     <span class='ocr_line' id='line_1_12' title="bbox 224 1184 2487 1260; baseline -0.002 -20"><span class='ocrx_word' id='word_1_88' title='bbox 224 1190 543 1260; x_wconf 86' lang='lat' dir='ltr'><strong>prophetae,</strong></span> <span class='ocrx_word' id='word_1_89' title='bbox 573 1187 666 1258; x_wconf 86' lang='lat' dir='ltr'><strong>qui</strong></span> <span class='ocrx_word' id='word_1_90' title='bbox 691 1205 788 1258; x_wconf 91' lang='lat' dir='ltr'><strong>per</strong></span> <span class='ocrx_word' id='word_1_91' title='bbox 813 1184 1066 1257; x_wconf 90' lang='lat' dir='ltr'><strong>quasdam</strong></span> <span class='ocrx_word' id='word_1_92' title='bbox 1103 1185 1399 1238; x_wconf 86' lang='lat' dir='ltr'><strong>novitatum</strong></span> <span class='ocrx_word' id='word_1_93' title='bbox 1435 1185 1718 1247; x_wconf 88' lang='lat' dir='ltr'><strong>vanitates,</strong></span> <span class='ocrx_word' id='word_1_94' title='bbox 1759 1185 1998 1236; x_wconf 89' lang='lat' dir='ltr'><strong>simulata</strong></span> <span class='ocrx_word' id='word_1_95' title='bbox 2028 1185 2256 1248; x_wconf 89' lang='lat' dir='ltr'><strong>iustitia,</strong></span> <span class='ocrx_word' id='word_1_96' title='bbox 2293 1204 2487 1256; x_wconf 90' lang='lat' dir='ltr'><strong>corpus</strong></span> 
     </span>
     <span class='ocr_line' id='line_1_13' title="bbox 220 1267 2486 1343; baseline -0.002 -18"><span class='ocrx_word' id='word_1_97' title='bbox 220 1272 443 1335; x_wconf 86' lang='lat' dir='ltr'><strong>Christi,</strong></span> <span class='ocrx_word' id='word_1_98' title='bbox 484 1289 635 1343; x_wconf 88' lang='lat' dir='ltr'><strong>quae</strong></span> <span class='ocrx_word' id='word_1_99' title='bbox 659 1267 736 1323; x_wconf 84' lang='lat' dir='ltr'><strong>est</strong></span> <span class='ocrx_word' id='word_1_100' title='bbox 772 1270 988 1322; x_wconf 89' lang='lat' dir='ltr'><strong>ecclesia</strong></span> <span class='ocrx_word' id='word_1_101' title='bbox 1023 1268 1264 1322; x_wconf 86' lang='lat' dir='ltr'><strong>scindere</strong></span> <span class='ocrx_word' id='word_1_102' title='bbox 1300 1287 1413 1321; x_wconf 89' lang='lat' dir='ltr'><strong>non</strong></span> <span class='ocrx_word' id='word_1_103' title='bbox 1457 1269 1782 1331; x_wconf 89' lang='lat' dir='ltr'><strong>timuerunt,</strong></span> <span class='ocrx_word' id='word_1_104' title='bbox 1821 1267 1982 1321; x_wconf 92' lang='lat' dir='ltr'><strong>modo</strong></span> <span class='ocrx_word' id='word_1_105' title='bbox 2025 1269 2328 1339; x_wconf 84' lang='lat' dir='ltr'><strong>margaritas</strong></span> <span class='ocrx_word' id='word_1_106' title='bbox 2364 1280 2486 1321; x_wconf 88' lang='lat' dir='ltr'><strong>ante</strong></span> 
     </span>
     <span class='ocr_line' id='line_1_14' title="bbox 224 1351 2483 1427; baseline -0.002 -19"><span class='ocrx_word' id='word_1_107' title='bbox 224 1375 415 1427; x_wconf 90' lang='lat' dir='ltr'><strong>porcos</strong></span> <span class='ocrx_word' id='word_1_108' title='bbox 451 1365 739 1426; x_wconf 80' lang='lat' dir='ltr'><strong>ponenteS,</strong></span> <span class='ocrx_word' id='word_1_109' title='bbox 767 1352 927 1406; x_wconf 91' lang='lat' dir='ltr'><strong>modo</strong></span> <span class='ocrx_word' id='word_1_110' title='bbox 963 1371 1019 1406; x_wconf 88' lang='lat' dir='ltr'><strong>se</strong></span> <span class='ocrx_word' id='word_1_111' title='bbox 1043 1353 1185 1424; x_wconf 89' lang='lat' dir='ltr'><strong>ipsos</strong></span> <span class='ocrx_word' id='word_1_112' title='bbox 1210 1352 1548 1405; x_wconf 87' lang='lat' dir='ltr'><strong>iustificantes</strong></span> <span class='ocrx_word' id='word_1_113' title='bbox 1575 1363 1628 1404; x_wconf 90' lang='lat' dir='ltr'><strong>et</strong></span> <span class='ocrx_word' id='word_1_114' title='bbox 1653 1353 1782 1405; x_wconf 91' lang='lat' dir='ltr'><strong>alios</strong></span> <span class='ocrx_word' id='word_1_115' title='bbox 1807 1352 2287 1423; x_wconf 79' lang='lat' dir='ltr'><strong>condempnanteS,</strong></span> <span class='ocrx_word' id='word_1_116' title='bbox 2322 1351 2483 1405; x_wconf 92' lang='lat' dir='ltr'><strong>modo</strong></span> 
     </span>
     <span class='ocr_line' id='line_1_15' title="bbox 224 1434 2483 1510; baseline -0.002 -19"><span class='ocrx_word' id='word_1_117' title='bbox 224 1440 492 1510; x_wconf 88' lang='lat' dir='ltr'><strong>passiones</strong></span> <span class='ocrx_word' id='word_1_118' title='bbox 528 1449 830 1489; x_wconf 89' lang='lat' dir='ltr'><strong>sanctorum</strong></span> <span class='ocrx_word' id='word_1_119' title='bbox 865 1447 1077 1508; x_wconf 88' lang='lat' dir='ltr'><strong>patrum</strong></span> <span class='ocrx_word' id='word_1_120' title='bbox 1114 1436 1487 1507; x_wconf 88' lang='lat' dir='ltr'><strong>suscipientes,</strong></span> <span class='ocrx_word' id='word_1_121' title='bbox 1517 1435 1676 1487; x_wconf 90' lang='lat' dir='ltr'><strong>modo</strong></span> <span class='ocrx_word' id='word_1_122' title='bbox 1713 1437 1854 1488; x_wconf 90' lang='lat' dir='ltr'><strong>inter</strong></span> <span class='ocrx_word' id='word_1_123' title='bbox 1888 1436 2220 1507; x_wconf 87' lang='lat' dir='ltr'><strong>apocryphas</strong></span> <span class='ocrx_word' id='word_1_124' title='bbox 2246 1434 2483 1487; x_wconf 89' lang='lat' dir='ltr'><strong>iudican-</strong></span> 
     </span>
     <span class='ocr_line' id='line_1_16' title="bbox 227 1519 2486 1591; baseline -0.001 -17"><span class='ocrx_word' id='word_1_125' title='bbox 227 1535 336 1584; x_wconf 87' lang='lat' dir='ltr'><strong>tes,</strong></span> <span class='ocrx_word' id='word_1_126' title='bbox 378 1519 539 1573; x_wconf 94' lang='lat' dir='ltr'><strong>modo</strong></span> <span class='ocrx_word' id='word_1_127' title='bbox 585 1520 918 1591; x_wconf 89' lang='lat' dir='ltr'><strong>responsoria</strong></span> <span class='ocrx_word' id='word_1_128' title='bbox 957 1531 1009 1572; x_wconf 87' lang='lat' dir='ltr'><strong>et</strong></span> <span class='ocrx_word' id='word_1_129' title='bbox 1044 1519 1273 1590; x_wconf 88' lang='lat' dir='ltr'><strong>hymnos</strong></span> <span class='ocrx_word' id='word_1_130' title='bbox 1317 1519 1690 1590; x_wconf 86' lang='lat' dir='ltr'><strong>suscipientes,</strong></span> <span class='ocrx_word' id='word_1_131' title='bbox 1731 1519 1889 1572; x_wconf 91' lang='lat' dir='ltr'><strong>modo</strong></span> <span class='ocrx_word' id='word_1_132' title='bbox 1938 1519 2084 1572; x_wconf 89' lang='lat' dir='ltr'><strong>velut</strong></span> <span class='ocrx_word' id='word_1_133' title='bbox 2130 1519 2316 1571; x_wconf 89' lang='lat' dir='ltr'><strong>frivola</strong></span> <span class='ocrx_word' id='word_1_134' title='bbox 2359 1537 2486 1571; x_wconf 90' lang='lat' dir='ltr'><strong>con-</strong></span> 
     </span>
     <span class='ocr_line' id='line_1_17' title="bbox 225 1601 2492 1674; baseline -0 -19"><span class='ocrx_word' id='word_1_135' title='bbox 225 1615 575 1674; x_wconf 89' lang='lat' dir='ltr'><strong>tempnentes.</strong></span> <span class='ocrx_word' id='word_1_136' title='bbox 620 1603 690 1654; x_wconf 91' lang='lat' dir='ltr'><strong>Hi</strong></span> <span class='ocrx_word' id='word_1_137' title='bbox 733 1614 860 1654; x_wconf 88' lang='lat' dir='ltr'><strong>sunt</strong></span> <span class='ocrx_word' id='word_1_138' title='bbox 904 1603 1000 1673; x_wconf 91' lang='lat' dir='ltr'><strong>qui</strong></span> <span class='ocrx_word' id='word_1_139' title='bbox 1047 1601 1279 1673; x_wconf 90' lang='lat' dir='ltr'><strong>spoliant</strong></span> <span class='ocrx_word' id='word_1_140' title='bbox 1317 1603 1664 1655; x_wconf 75' lang='lat' dir='ltr'><strong>mulierculas</strong></span> <span class='ocrx_word' id='word_1_141' title='bbox 1699 1615 1948 1657; x_wconf 80' lang='lat' dir='ltr'><strong>oneratas</strong></span> <span class='ocrx_word' id='word_1_142' title='bbox 1976 1604 2248 1674; x_wconf 82' lang='lat' dir='ltr'><strong>peccatis,</strong></span> <span class='ocrx_word' id='word_1_143' title='bbox 2287 1622 2492 1674; x_wconf 79' lang='lat' dir='ltr'><strong>semper</strong></span> 
     </span>
     <span class='ocr_line' id='line_1_18' title="bbox 221 1686 2489 1757; baseline 0 -20"><span class='ocrx_word' id='word_1_144' title='bbox 221 1687 481 1738; x_wconf 76' lang='lat' dir='ltr'><strong>discentes</strong></span> <span class='ocrx_word' id='word_1_145' title='bbox 515 1699 566 1738; x_wconf 76' lang='lat' dir='ltr'><strong>et</strong></span> <span class='ocrx_word' id='word_1_146' title='bbox 596 1705 899 1757; x_wconf 88' lang='lat' dir='ltr'><strong>numquam</strong></span> <span class='ocrx_word' id='word_1_147' title='bbox 936 1686 1012 1738; x_wconf 84' lang='lat' dir='ltr'><strong>ad</strong></span> <span class='ocrx_word' id='word_1_148' title='bbox 1040 1686 1294 1739; x_wconf 77' lang='lat' dir='ltr'><strong>notitiam</strong></span> <span class='ocrx_word' id='word_1_149' title='bbox 1330 1687 1561 1738; x_wconf 78' lang='lat' dir='ltr'><strong>veritatis</strong></span> <span class='ocrx_word' id='word_1_150' title='bbox 1585 1686 1964 1757; x_wconf 73' lang='lat' dir='ltr'><strong>pervenientes.</strong></span> <span class='ocrx_word' id='word_1_151' title='bbox 2007 1687 2071 1738; x_wconf 86' lang='lat' dir='ltr'><strong>Et</strong></span> <span class='ocrx_word' id='word_1_152' title='bbox 2107 1686 2346 1756; x_wconf 89' lang='lat' dir='ltr'><strong>quamvis</strong></span> <span class='ocrx_word' id='word_1_153' title='bbox 2382 1705 2489 1737; x_wconf 91' lang='lat' dir='ltr'><strong>mu·</strong></span> 
     </span>
     <span class='ocr_line' id='line_1_19' title="bbox 224 1768 2489 1840; baseline 0 -20"><span class='ocrx_word' id='word_1_154' title='bbox 224 1769 464 1822; x_wconf 89' lang='lat' dir='ltr'><strong>lierculas</strong></span> <span class='ocrx_word' id='word_1_155' title='bbox 498 1769 759 1840; x_wconf 88' lang='lat' dir='ltr'><strong>simplices</strong></span> <span class='ocrx_word' id='word_1_156' title='bbox 794 1770 994 1821; x_wconf 87' lang='lat' dir='ltr'><strong>animas</strong></span> <span class='ocrx_word' id='word_1_157' title='bbox 1029 1769 1180 1822; x_wconf 93' lang='lat' dir='ltr'><strong>nullo</strong></span> <span class='ocrx_word' id='word_1_158' title='bbox 1217 1770 1355 1822; x_wconf 88' lang='lat' dir='ltr'><strong>virili</strong></span> <span class='ocrx_word' id='word_1_159' title='bbox 1391 1770 1589 1822; x_wconf 88' lang='lat' dir='ltr'><strong>robore</strong></span> <span class='ocrx_word' id='word_1_160' title='bbox 1625 1769 1855 1822; x_wconf 89' lang='lat' dir='ltr'><strong>firmatas</strong></span> <span class='ocrx_word' id='word_1_161' title='bbox 1890 1768 2108 1840; x_wconf 87' lang='lat' dir='ltr'><strong>quidam</strong></span> <span class='ocrx_word' id='word_1_162' title='bbox 2139 1770 2375 1840; x_wconf 82' lang='lat' dir='ltr'><strong>accipere</strong></span> <span class='ocrx_word' id='word_1_163' title='bbox 2401 1787 2489 1821; x_wconf 88' lang='lat' dir='ltr'><strong>ve-</strong></span> 
     </span>
     <span class='ocr_line' id='line_1_20' title="bbox 228 1852 2488 1922; baseline 0.001 -19"><span class='ocrx_word' id='word_1_164' title='bbox 228 1853 363 1917; x_wconf 84' lang='lat' dir='ltr'><strong>lint,</strong></span> <span class='ocrx_word' id='word_1_165' title='bbox 403 1872 502 1922; x_wconf 83' lang='lat' dir='ltr'><strong>ego</strong></span> <span class='ocrx_word' id='word_1_166' title='bbox 539 1865 717 1905; x_wconf 89' lang='lat' dir='ltr'><strong>autem</strong></span> <span class='ocrx_word' id='word_1_167' title='bbox 753 1853 859 1903; x_wconf 85' lang='lat' dir='ltr'><strong>vim</strong></span> <span class='ocrx_word' id='word_1_168' title='bbox 894 1852 1099 1904; x_wconf 87' lang='lat' dir='ltr'><strong>litterae</strong></span> <span class='ocrx_word' id='word_1_169' title='bbox 1134 1853 1330 1906; x_wconf 89' lang='lat' dir='ltr'><strong>inferre</strong></span> <span class='ocrx_word' id='word_1_170' title='bbox 1367 1870 1477 1904; x_wconf 91' lang='lat' dir='ltr'><strong>non</strong></span> <span class='ocrx_word' id='word_1_171' title='bbox 1517 1852 1747 1918; x_wconf 89' lang='lat' dir='ltr'><strong>audens,</strong></span> <span class='ocrx_word' id='word_1_172' title='bbox 1787 1853 2120 1909; x_wconf 85' lang='lat' dir='ltr'><strong>mulierculas</strong></span> <span class='ocrx_word' id='word_1_173' title='bbox 2169 1853 2283 1904; x_wconf 91' lang='lat' dir='ltr'><strong>illas</strong></span> <span class='ocrx_word' id='word_1_174' title='bbox 2329 1852 2488 1905; x_wconf 88' lang='lat' dir='ltr'><strong>credo</strong></span> 
     </span>
     <span class='ocr_line' id='line_1_21' title="bbox 223 1928 2487 2007; baseline 0 -20"><span class='ocrx_word' id='word_1_175' title='bbox 223 1947 471 1988; x_wconf 82' lang='lat' dir='ltr'><strong>oneratas</strong></span> <span class='ocrx_word' id='word_1_176' title='bbox 507 1935 736 2007; x_wconf 89' lang='lat' dir='ltr'><strong>peccatis</strong></span> <span class='ocrx_word' id='word_1_177' title='bbox 756 1975 771 1998; x_wconf 91' lang='lat'><strong>,</strong></span> <span class='ocrx_word' id='word_1_178' title='bbox 799 1954 931 2006; x_wconf 89' lang='lat' dir='ltr'><strong>quas</strong></span> <span class='ocrx_word' id='word_1_179' title='bbox 966 1936 1237 2006; x_wconf 86' lang='lat' dir='ltr'><strong>apostolus</strong></span> <span class='ocrx_word' id='word_1_180' title='bbox 1272 1936 1509 1988; x_wconf 87' lang='lat' dir='ltr'><strong>viventes</strong></span> <span class='ocrx_word' id='word_1_181' title='bbox 1546 1948 1778 1988; x_wconf 90' lang='lat' dir='ltr'><strong>mortuas</strong></span> <span class='ocrx_word' id='word_1_182' title='bbox 1804 1947 1954 1989; x_wconf 88' lang='lat' dir='ltr'><strong>notat</strong></span> <span class='ocrx_word' id='word_1_183' title='bbox 1992 1928 2209 1989; x_wconf 86' lang='lat' dir='ltr'><strong>dicens:</strong></span> <span class='ocrx_word' id='word_1_184' title='bbox 2241 1937 2401 1988; x_wconf 78' lang='lat' dir='ltr'><strong>vidua</strong></span> <span class='ocrx_word' id='word_1_185' title='bbox 2428 1938 2487 1988; x_wconf 85' lang='lat' dir='ltr'><strong>in</strong></span> 
     </span>
     <span class='ocr_line' id='line_1_22' title="bbox 224 2019 2489 2091; baseline 0.002 -22"><span class='ocrx_word' id='word_1_186' title='bbox 224 2019 438 2070; x_wconf 82' lang='lat' dir='ltr'><strong>deliciis</strong></span> <span class='ocrx_word' id='word_1_187' title='bbox 473 2020 670 2084; x_wconf 71' lang='lat' dir='ltr'><strong>vivens,</strong></span> <span class='ocrx_word' id='word_1_188' title='bbox 713 2031 926 2071; x_wconf 81' lang='lat' dir='ltr'><strong>mortua</strong></span> <span class='ocrx_word' id='word_1_189' title='bbox 960 2030 1055 2070; x_wconf 78' lang='lat' dir='ltr'><strong>est.</strong></span> <span class='ocrx_word' id='word_1_190' title='bbox 1096 2019 1245 2084; x_wconf 85' lang='lat' dir='ltr'><strong>Quas</strong></span> <span class='ocrx_word' id='word_1_191' title='bbox 1280 2019 1595 2091; x_wconf 88' lang='lat' dir='ltr'><strong>hypocritae</strong></span> <span class='ocrx_word' id='word_1_192' title='bbox 1631 2020 1781 2091; x_wconf 91' lang='lat' dir='ltr'><strong>prius</strong></span> <span class='ocrx_word' id='word_1_193' title='bbox 1817 2020 2047 2091; x_wconf 89' lang='lat' dir='ltr'><strong>spoliant</strong></span> <span class='ocrx_word' id='word_1_194' title='bbox 2091 2020 2357 2083; x_wconf 85' lang='lat' dir='ltr'><strong>castitate,</strong></span> <span class='ocrx_word' id='word_1_195' title='bbox 2399 2019 2489 2073; x_wconf 89' lang='lat' dir='ltr'><strong>de-</strong></span> 
     </span>
     <span class='ocr_line' id='line_1_23' title="bbox 227 2100 2488 2174; baseline 0 -20"><span class='ocrx_word' id='word_1_196' title='bbox 227 2104 355 2154; x_wconf 85' lang='lat' dir='ltr'><strong>hinc</strong></span> <span class='ocrx_word' id='word_1_197' title='bbox 391 2102 638 2154; x_wconf 90' lang='lat' dir='ltr'><strong>omnibus</strong></span> <span class='ocrx_word' id='word_1_198' title='bbox 675 2101 956 2153; x_wconf 91' lang='lat' dir='ltr'><strong>mundanis</strong></span> <span class='ocrx_word' id='word_1_199' title='bbox 992 2100 1190 2153; x_wconf 88' lang='lat' dir='ltr'><strong>divitiis</strong></span> <span class='ocrx_word' id='word_1_200' title='bbox 1228 2113 1279 2154; x_wconf 89' lang='lat' dir='ltr'><strong>et</strong></span> <span class='ocrx_word' id='word_1_201' title='bbox 1314 2102 1598 2174; x_wconf 86' lang='lat' dir='ltr'><strong>probitate.</strong></span> <span class='ocrx_word' id='word_1_202' title='bbox 1629 2101 1824 2155; x_wconf 90' lang='lat' dir='ltr'><strong>Videas</strong></span> <span class='ocrx_word' id='word_1_203' title='bbox 1860 2122 1946 2155; x_wconf 89' lang='lat' dir='ltr'><strong>eas</strong></span> <span class='ocrx_word' id='word_1_204' title='bbox 1982 2104 2292 2155; x_wconf 87' lang='lat' dir='ltr'><strong>maritorum</strong></span> <span class='ocrx_word' id='word_1_205' title='bbox 2330 2104 2488 2154; x_wconf 91' lang='lat' dir='ltr'><strong>immo</strong></span> 
     </span>
     <span class='ocr_line' id='line_1_24' title="bbox 230 2184 2489 2257; baseline 0 -21"><span class='ocrx_word' id='word_1_206' title='bbox 230 2187 572 2238; x_wconf 87' lang='lat' dir='ltr'><strong>moechorum</strong></span> <span class='ocrx_word' id='word_1_207' title='bbox 610 2196 892 2256; x_wconf 86' lang='lat' dir='ltr'><strong>sequentes</strong></span> <span class='ocrx_word' id='word_1_208' title='bbox 927 2185 1178 2255; x_wconf 85' lang='lat' dir='ltr'><strong>vestigia,</strong></span> <span class='ocrx_word' id='word_1_209' title='bbox 1218 2186 1363 2256; x_wconf 88' lang='lat' dir='ltr'><strong>alpes</strong></span> <span class='ocrx_word' id='word_1_210' title='bbox 1411 2184 1588 2238; x_wconf 87' lang='lat' dir='ltr'><strong>devias</strong></span> <span class='ocrx_word' id='word_1_211' title='bbox 1633 2204 1916 2257; x_wconf 88' lang='lat' dir='ltr'><strong>superare,</strong></span> <span class='ocrx_word' id='word_1_212' title='bbox 1957 2197 2010 2238; x_wconf 87' lang='lat' dir='ltr'><strong>et</strong></span> <span class='ocrx_word' id='word_1_213' title='bbox 2056 2186 2273 2238; x_wconf 87' lang='lat' dir='ltr'><strong>flumina</strong></span> <span class='ocrx_word' id='word_1_214' title='bbox 2318 2197 2489 2237; x_wconf 86' lang='lat' dir='ltr'><strong>trans-</strong></span> 
     </span>
     <span class='ocr_line' id='line_1_25' title="bbox 230 2268 2491 2341; baseline 0 -21"><span class='ocrx_word' id='word_1_215' title='bbox 230 2287 434 2333; x_wconf 85' lang='lat' dir='ltr'><strong>meare,</strong></span> <span class='ocrx_word' id='word_1_216' title='bbox 474 2279 526 2320; x_wconf 87' lang='lat' dir='ltr'><strong>et</strong></span> <span class='ocrx_word' id='word_1_217' title='bbox 563 2268 724 2320; x_wconf 85' lang='lat' dir='ltr'><strong>urbes</strong></span> <span class='ocrx_word' id='word_1_218' title='bbox 761 2269 965 2338; x_wconf 84' lang='lat' dir='ltr'><strong>ignotas</strong></span> <span class='ocrx_word' id='word_1_219' title='bbox 1003 2287 1259 2339; x_wconf 89' lang='lat' dir='ltr'><strong>quaerere</strong></span> <span class='ocrx_word' id='word_1_220' title='bbox 1296 2268 1473 2322; x_wconf 87' lang='lat' dir='ltr'><strong>studio</strong></span> <span class='ocrx_word' id='word_1_221' title='bbox 1511 2270 1795 2332; x_wconf 80' lang='lat' dir='ltr'><strong>orationiS,</strong></span> <span class='ocrx_word' id='word_1_222' title='bbox 1826 2282 1877 2322; x_wconf 88' lang='lat' dir='ltr'><strong>et</strong></span> <span class='ocrx_word' id='word_1_223' title='bbox 1914 2270 2016 2322; x_wconf 90' lang='lat' dir='ltr'><strong>sub</strong></span> <span class='ocrx_word' id='word_1_224' title='bbox 2053 2280 2334 2341; x_wconf 88' lang='lat' dir='ltr'><strong>praetextu</strong></span> <span class='ocrx_word' id='word_1_225' title='bbox 2371 2269 2491 2321; x_wconf 88' lang='lat' dir='ltr'><strong>reli-</strong></span> 
     </span>
     <span class='ocr_line' id='line_1_26' title="bbox 233 2351 2486 2423; baseline 0.001 -20"><span class='ocrx_word' id='word_1_226' title='bbox 233 2354 405 2422; x_wconf 81' lang='lat' dir='ltr'><strong>gionis</strong></span> <span class='ocrx_word' id='word_1_227' title='bbox 442 2363 502 2404; x_wconf 90' lang='lat' dir='ltr'><strong>ut</strong></span> <span class='ocrx_word' id='word_1_228' title='bbox 526 2369 710 2403; x_wconf 91' lang='lat' dir='ltr'><strong>eorum</strong></span> <span class='ocrx_word' id='word_1_229' title='bbox 729 2351 1035 2404; x_wconf 82' lang='lat' dir='ltr'><strong>releventur</strong></span> <span class='ocrx_word' id='word_1_230' title='bbox 1059 2351 1319 2422; x_wconf 91' lang='lat' dir='ltr'><strong>alloquio,</strong></span> <span class='ocrx_word' id='word_1_231' title='bbox 1349 2363 1400 2404; x_wconf 90' lang='lat' dir='ltr'><strong>et</strong></span> <span class='ocrx_word' id='word_1_232' title='bbox 1425 2354 1699 2405; x_wconf 87' lang='lat' dir='ltr'><strong>nocturnis</strong></span> <span class='ocrx_word' id='word_1_233' title='bbox 1724 2354 1912 2423; x_wconf 80' lang='lat' dir='ltr'><strong>vigiliis</strong></span> <span class='ocrx_word' id='word_1_234' title='bbox 1936 2353 2150 2406; x_wconf 86' lang='lat' dir='ltr'><strong>diabolo</strong></span> <span class='ocrx_word' id='word_1_235' title='bbox 2175 2354 2458 2423; x_wconf 83' lang='lat' dir='ltr'><strong>instigante</strong></span> <span class='ocrx_word' id='word_1_236' title='bbox 2473 2395 2486 2417; x_wconf 92' lang='lat'><strong>,</strong></span> 
     </span>
     <span class='ocr_line' id='line_1_27' title="bbox 227 2433 2490 2507; baseline -0 -20"><span class='ocrx_word' id='word_1_237' title='bbox 227 2433 518 2505; x_wconf 85' lang='lat' dir='ltr'><strong>aliquando</strong></span> <span class='ocrx_word' id='word_1_238' title='bbox 555 2435 695 2487; x_wconf 89' lang='lat' dir='ltr'><strong>intra</strong></span> <span class='ocrx_word' id='word_1_239' title='bbox 731 2435 919 2487; x_wconf 88' lang='lat' dir='ltr'><strong>sacella</strong></span> <span class='ocrx_word' id='word_1_240' title='bbox 963 2433 1220 2505; x_wconf 88' lang='lat' dir='ltr'><strong>inpudico</strong></span> <span class='ocrx_word' id='word_1_241' title='bbox 1266 2435 1547 2487; x_wconf 85' lang='lat' dir='ltr'><strong>foveantur</strong></span> <span class='ocrx_word' id='word_1_242' title='bbox 1594 2436 1859 2507; x_wconf 86' lang='lat' dir='ltr'><strong>amplexu.</strong></span> <span class='ocrx_word' id='word_1_243' title='bbox 1909 2435 2012 2488; x_wconf 89' lang='lat' dir='ltr'><strong>Sed</strong></span> <span class='ocrx_word' id='word_1_244' title='bbox 2055 2448 2115 2487; x_wconf 92' lang='lat' dir='ltr'><strong>ut</strong></span> <span class='ocrx_word' id='word_1_245' title='bbox 2158 2436 2333 2488; x_wconf 77' lang='lat' dir='ltr'><strong>verbis</strong></span> <span class='ocrx_word' id='word_1_246' title='bbox 2373 2447 2490 2487; x_wconf 88' lang='lat' dir='ltr'><strong>utar</strong></span> 
     </span>
     <span class='ocr_line' id='line_1_28' title="bbox 230 2518 2492 2591; baseline 0.001 -21"><span class='ocrx_word' id='word_1_247' title='bbox 230 2518 484 2589; x_wconf 86' lang='lat' dir='ltr'><strong>apostoli,</strong></span> <span class='ocrx_word' id='word_1_248' title='bbox 512 2518 707 2589; x_wconf 80' lang='lat' dir='ltr'><strong>siquis</strong></span> <span class='ocrx_word' id='word_1_249' title='bbox 744 2519 906 2571; x_wconf 80' lang='lat' dir='ltr'><strong>aliter</strong></span> <span class='ocrx_word' id='word_1_250' title='bbox 929 2519 1068 2570; x_wconf 73' lang='lat' dir='ltr'><strong>milii</strong></span> <span class='ocrx_word' id='word_1_251' title='bbox 1089 2518 1473 2590; x_wconf 75' lang='lat' dir='ltr'><strong>praedicaverit</strong></span> <span class='ocrx_word' id='word_1_252' title='bbox 1512 2538 1678 2590; x_wconf 85' lang='lat' dir='ltr'><strong>quam</strong></span> <span class='ocrx_word' id='word_1_253' title='bbox 1707 2520 2085 2591; x_wconf 78' lang='lat' dir='ltr'><strong>&#39;praedicatum</strong></span> <span class='ocrx_word' id='word_1_254' title='bbox 2121 2532 2226 2583; x_wconf 82' lang='lat' dir='ltr'><strong>est,</strong></span> <span class='ocrx_word' id='word_1_255' title='bbox 2266 2520 2492 2572; x_wconf 76' lang='lat' dir='ltr'><strong>anathe-</strong></span> 
     </span>
     <span class='ocr_line' id='line_1_29' title="bbox 232 2600 2488 2674; baseline 0 -22"><span class='ocrx_word' id='word_1_256' title='bbox 232 2621 322 2652; x_wconf 86' lang='lat' dir='ltr'><strong>ma</strong></span> <span class='ocrx_word' id='word_1_257' title='bbox 357 2601 445 2652; x_wconf 78' lang='lat' dir='ltr'><strong>sit.</strong></span> <span class='ocrx_word' id='word_1_258' title='bbox 488 2602 553 2652; x_wconf 91' lang='lat' dir='ltr'><strong>Et</strong></span> <span class='ocrx_word' id='word_1_259' title='bbox 588 2601 630 2652; x_wconf 92' lang='lat' dir='ltr'><strong>si</strong></span> <span class='ocrx_word' id='word_1_260' title='bbox 668 2602 791 2672; x_wconf 91' lang='lat' dir='ltr'><strong>quis</strong></span> <span class='ocrx_word' id='word_1_261' title='bbox 828 2603 978 2662; x_wconf 87' lang='lat' dir='ltr'><strong>aliter</strong></span> <span class='ocrx_word' id='word_1_262' title='bbox 1013 2602 1234 2654; x_wconf 87' lang='lat' dir='ltr'><strong>senserit</strong></span> <span class='ocrx_word' id='word_1_263' title='bbox 1270 2600 1336 2653; x_wconf 90' lang='lat' dir='ltr'><strong>de</strong></span> <span class='ocrx_word' id='word_1_264' title='bbox 1359 2602 1565 2655; x_wconf 88' lang='lat' dir='ltr'><strong>tenellis</strong></span> <span class='ocrx_word' id='word_1_265' title='bbox 1588 2600 1762 2654; x_wconf 86' lang='lat' dir='ltr'><strong>viduis</strong></span> <span class='ocrx_word' id='word_1_266' title='bbox 1788 2621 1947 2674; x_wconf 89' lang='lat' dir='ltr'><strong>quam</strong></span> <span class='ocrx_word' id='word_1_267' title='bbox 1973 2604 2243 2674; x_wconf 83' lang='lat' dir='ltr'><strong>apostolus</strong></span> <span class='ocrx_word' id='word_1_268' title='bbox 2275 2602 2488 2664; x_wconf 90' lang='lat' dir='ltr'><strong>docuit,</strong></span> 
     </span>
     <span class='ocr_line' id='line_1_30' title="bbox 230 2683 2494 2755; baseline 0 -19"><span class='ocrx_word' id='word_1_269' title='bbox 230 2685 509 2736; x_wconf 85' lang='lat' dir='ltr'><strong>anathema</strong></span> <span class='ocrx_word' id='word_1_270' title='bbox 534 2684 675 2735; x_wconf 80' lang='lat' dir='ltr'><strong>mihi</strong></span> <span class='ocrx_word' id='word_1_271' title='bbox 710 2696 805 2736; x_wconf 90' lang='lat' dir='ltr'><strong>est.</strong></span> <span class='ocrx_word' id='word_1_272' title='bbox 841 2686 952 2755; x_wconf 85' lang='lat' dir='ltr'><strong>Ego</strong></span> <span class='ocrx_word' id='word_1_273' title='bbox 983 2696 1155 2737; x_wconf 90' lang='lat' dir='ltr'><strong>autem</strong></span> <span class='ocrx_word' id='word_1_274' title='bbox 1181 2704 1292 2737; x_wconf 91' lang='lat' dir='ltr'><strong>non</strong></span> <span class='ocrx_word' id='word_1_275' title='bbox 1326 2704 1440 2737; x_wconf 88' lang='lat' dir='ltr'><strong>sum</strong></span> <span class='ocrx_word' id='word_1_276' title='bbox 1475 2684 1782 2738; x_wconf 89' lang='lat' dir='ltr'><strong>incredulus</strong></span> <span class='ocrx_word' id='word_1_277' title='bbox 1806 2686 2057 2738; x_wconf 86' lang='lat' dir='ltr'><strong>vicarium</strong></span> <span class='ocrx_word' id='word_1_278' title='bbox 2082 2686 2156 2738; x_wconf 88' lang='lat' dir='ltr'><strong>ibi</strong></span> <span class='ocrx_word' id='word_1_279' title='bbox 2188 2685 2364 2738; x_wconf 90' lang='lat' dir='ltr'><strong>deesse</strong></span> <span class='ocrx_word' id='word_1_280' title='bbox 2391 2683 2494 2736; x_wconf 88' lang='lat' dir='ltr'><strong>dia-</strong></span> 
     </span>
     <span class='ocr_line' id='line_1_31' title="bbox 233 2766 1916 2831; baseline 0.001 -14"><span class='ocrx_word' id='word_1_281' title='bbox 233 2767 341 2817; x_wconf 89' lang='lat' dir='ltr'><strong>boli</strong></span> <span class='ocrx_word' id='word_1_282' title='bbox 368 2807 381 2831; x_wconf 92' lang='lat'><strong>,</strong></span> <span class='ocrx_word' id='word_1_283' title='bbox 421 2766 515 2818; x_wconf 90' lang='lat' dir='ltr'><strong>ubi</strong></span> <span class='ocrx_word' id='word_1_284' title='bbox 551 2766 693 2818; x_wconf 89' lang='lat' dir='ltr'><strong>solus</strong></span> <span class='ocrx_word' id='word_1_285' title='bbox 730 2786 851 2818; x_wconf 89' lang='lat' dir='ltr'><strong>cum</strong></span> <span class='ocrx_word' id='word_1_286' title='bbox 887 2768 997 2819; x_wconf 89' lang='lat' dir='ltr'><strong>sola</strong></span> <span class='ocrx_word' id='word_1_287' title='bbox 1033 2769 1309 2819; x_wconf 90' lang='lat' dir='ltr'><strong>nocturnis</strong></span> <span class='ocrx_word' id='word_1_288' title='bbox 1345 2768 1490 2820; x_wconf 87' lang='lat' dir='ltr'><strong>horis</strong></span> <span class='ocrx_word' id='word_1_289' title='bbox 1527 2768 1916 2821; x_wconf 85' lang='lat' dir='ltr'><strong>confabulatur.</strong></span> 
     </span>
    </p>

    <p class='ocr_par' dir='ltr' id='par_1_4' title="bbox 776 2850 1941 2921">
     <span class='ocr_line' id='line_1_32' title="bbox 776 2850 1941 2921; baseline 0.002 -21"><span class='ocrx_word' id='word_1_290' title='bbox 776 2851 854 2900; x_wconf 91' lang='lat' dir='ltr'><strong>De</strong></span> <span class='ocrx_word' id='word_1_291' title='bbox 891 2850 1151 2902; x_wconf 90' lang='lat' dir='ltr'><strong>castistate</strong></span> <span class='ocrx_word' id='word_1_292' title='bbox 1187 2850 1255 2901; x_wconf 92' lang='lat' dir='ltr'><strong>ab</strong></span> <span class='ocrx_word' id='word_1_293' title='bbox 1293 2850 1554 2921; x_wconf 86' lang='lat' dir='ltr'><strong>episcopis</strong></span> <span class='ocrx_word' id='word_1_294' title='bbox 1590 2850 1941 2902; x_wconf 88' lang='lat' dir='ltr'><strong>observanda.</strong></span> 
     </span>
    </p>

    <p class='ocr_par' dir='ltr' id='par_1_5' title="bbox 231 2930 2494 3918">
     <span class='ocr_line' id='line_1_33' title="bbox 346 2930 2494 3003; baseline 0.001 -22"><span class='ocrx_word' id='word_1_295' title='bbox 346 2931 431 2982; x_wconf 80' lang='lat'><strong>30.</strong></span> <span class='ocrx_word' id='word_1_296' title='bbox 460 2930 775 2983; x_wconf 85' lang='lat' dir='ltr'><strong>Timendum</strong></span> <span class='ocrx_word' id='word_1_297' title='bbox 800 2942 878 2983; x_wconf 88' lang='lat' dir='ltr'><strong>est</strong></span> <span class='ocrx_word' id='word_1_298' title='bbox 902 2932 1152 3003; x_wconf 91' lang='lat' dir='ltr'><strong>episcopo</strong></span> <span class='ocrx_word' id='word_1_299' title='bbox 1177 2944 1230 2984; x_wconf 90' lang='lat' dir='ltr'><strong>et</strong></span> <span class='ocrx_word' id='word_1_300' title='bbox 1254 2931 1405 2985; x_wconf 85' lang='lat' dir='ltr'><strong>valde</strong></span> <span class='ocrx_word' id='word_1_301' title='bbox 1431 2933 1820 2986; x_wconf 87' lang='lat' dir='ltr'><strong>retractandum</strong></span> <span class='ocrx_word' id='word_1_302' title='bbox 1845 2933 1975 2986; x_wconf 91' lang='lat' dir='ltr'><strong>illud</strong></span> <span class='ocrx_word' id='word_1_303' title='bbox 2001 2933 2322 2986; x_wconf 87' lang='lat' dir='ltr'><strong>dominicum</strong></span> <span class='ocrx_word' id='word_1_304' title='bbox 2342 2950 2494 3003; x_wconf 86' lang='lat' dir='ltr'><strong>prae-</strong></span> 
     </span>
     <span class='ocr_line' id='line_1_34' title="bbox 232 3013 2491 3086; baseline 0 -21"><span class='ocrx_word' id='word_1_305' title='bbox 232 3024 473 3084; x_wconf 87' lang='lat' dir='ltr'><strong>ceptum:</strong></span> <span class='ocrx_word' id='word_1_306' title='bbox 513 3013 627 3065; x_wconf 81' lang='lat' dir='ltr'><strong>sint</strong></span> <span class='ocrx_word' id='word_1_307' title='bbox 666 3014 839 3065; x_wconf 79' lang='lat' dir='ltr'><strong>lumbi</strong></span> <span class='ocrx_word' id='word_1_308' title='bbox 868 3015 1019 3066; x_wconf 78' lang='lat' dir='ltr'><strong>vestri</strong></span> <span class='ocrx_word' id='word_1_309' title='bbox 1045 3014 1376 3086; x_wconf 80' lang='lat' dir='ltr'><strong>praecincti,</strong></span> <span class='ocrx_word' id='word_1_310' title='bbox 1418 3027 1467 3066; x_wconf 84' lang='lat' dir='ltr'><strong>et</strong></span> <span class='ocrx_word' id='word_1_311' title='bbox 1501 3016 1747 3067; x_wconf 85' lang='lat' dir='ltr'><strong>lucernae</strong></span> <span class='ocrx_word' id='word_1_312' title='bbox 1777 3016 2019 3068; x_wconf 80' lang='lat' dir='ltr'><strong>ardentes</strong></span> <span class='ocrx_word' id='word_1_313' title='bbox 2046 3018 2105 3068; x_wconf 89' lang='lat' dir='ltr'><strong>in</strong></span> <span class='ocrx_word' id='word_1_314' title='bbox 2142 3016 2396 3068; x_wconf 77' lang='lat' dir='ltr'><strong>manibus</strong></span> <span class='ocrx_word' id='word_1_315' title='bbox 2422 3034 2491 3067; x_wconf 74' lang='lat' dir='ltr'><strong>ve-</strong></span> 
     </span>
     <span class='ocr_line' id='line_1_35' title="bbox 231 3096 2490 3169; baseline 0.002 -23"><span class='ocrx_word' id='word_1_316' title='bbox 231 3097 374 3147; x_wconf 76' lang='lat' dir='ltr'><strong>stris.</strong></span> <span class='ocrx_word' id='word_1_317' title='bbox 404 3097 513 3161; x_wconf 85' lang='lat' dir='ltr'><strong>Qui</strong></span> <span class='ocrx_word' id='word_1_318' title='bbox 550 3097 691 3148; x_wconf 89' lang='lat' dir='ltr'><strong>enim</strong></span> <span class='ocrx_word' id='word_1_319' title='bbox 727 3097 841 3167; x_wconf 66' lang='lat' dir='ltr'><strong>vult</strong></span> <span class='ocrx_word' id='word_1_320' title='bbox 877 3117 998 3149; x_wconf 90' lang='lat' dir='ltr'><strong>cum</strong></span> <span class='ocrx_word' id='word_1_321' title='bbox 1034 3096 1390 3168; x_wconf 90' lang='lat' dir='ltr'><strong>prudentibus</strong></span> <span class='ocrx_word' id='word_1_322' title='bbox 1415 3099 1711 3169; x_wconf 82' lang='lat' dir='ltr'><strong>virginibus</strong></span> <span class='ocrx_word' id='word_1_323' title='bbox 1736 3099 1976 3151; x_wconf 89' lang='lat' dir='ltr'><strong>lucernas</strong></span> <span class='ocrx_word' id='word_1_324' title='bbox 2002 3098 2245 3151; x_wconf 89' lang='lat' dir='ltr'><strong>ardentes</strong></span> <span class='ocrx_word' id='word_1_325' title='bbox 2278 3109 2490 3169; x_wconf 85' lang='lat' dir='ltr'><strong>portare</strong></span> 
     </span>
     <span class='ocr_line' id='line_1_36' title="bbox 235 3180 2485 3252; baseline 0.002 -23"><span class='ocrx_word' id='word_1_326' title='bbox 235 3181 291 3230; x_wconf 90' lang='lat' dir='ltr'><strong>in</strong></span> <span class='ocrx_word' id='word_1_327' title='bbox 317 3180 558 3230; x_wconf 87' lang='lat' dir='ltr'><strong>manibus</strong></span> <span class='ocrx_word' id='word_1_328' title='bbox 576 3221 590 3243; x_wconf 92' lang='lat'><strong>,</strong></span> <span class='ocrx_word' id='word_1_329' title='bbox 619 3180 827 3231; x_wconf 88' lang='lat' dir='ltr'><strong>lumbos</strong></span> <span class='ocrx_word' id='word_1_330' title='bbox 863 3183 1187 3252; x_wconf 82' lang='lat' dir='ltr'><strong>praecingat.</strong></span> <span class='ocrx_word' id='word_1_331' title='bbox 1225 3181 1349 3234; x_wconf 89' lang='lat' dir='ltr'><strong>Sine</strong></span> <span class='ocrx_word' id='word_1_332' title='bbox 1374 3183 1681 3235; x_wconf 88' lang='lat' dir='ltr'><strong>castimonia</strong></span> <span class='ocrx_word' id='word_1_333' title='bbox 1717 3183 1858 3235; x_wconf 88' lang='lat' dir='ltr'><strong>enim</strong></span> <span class='ocrx_word' id='word_1_334' title='bbox 1883 3202 2038 3235; x_wconf 90' lang='lat' dir='ltr'><strong>nemo</strong></span> <span class='ocrx_word' id='word_1_335' title='bbox 2063 3183 2263 3235; x_wconf 87' lang='lat' dir='ltr'><strong>videbit</strong></span> <span class='ocrx_word' id='word_1_336' title='bbox 2288 3184 2456 3234; x_wconf 90' lang='lat' dir='ltr'><strong>Deum</strong></span> <span class='ocrx_word' id='word_1_337' title='bbox 2473 3223 2485 3246; x_wconf 90' lang='lat'>‚</span> 
     </span>
     <span class='ocr_line' id='line_1_37' title="bbox 235 3262 2489 3338; baseline 0.003 -27"><span class='ocrx_word' id='word_1_338' title='bbox 235 3273 436 3331; x_wconf 87' lang='lat' dir='ltr'><strong>quanto</strong></span> <span class='ocrx_word' id='word_1_339' title='bbox 475 3262 650 3313; x_wconf 89' lang='lat' dir='ltr'><strong>minus</strong></span> <span class='ocrx_word' id='word_1_340' title='bbox 686 3263 1004 3334; x_wconf 74' lang='lat' dir='ltr'><strong>episcopus?</strong></span> <span class='ocrx_word' id='word_1_341' title='bbox 1041 3265 1334 3336; x_wconf 89' lang='lat' dir='ltr'><strong>Episcopus</strong></span> <span class='ocrx_word' id='word_1_342' title='bbox 1370 3267 1511 3318; x_wconf 91' lang='lat' dir='ltr'><strong>enim</strong></span> <span class='ocrx_word' id='word_1_343' title='bbox 1537 3267 1631 3337; x_wconf 90' lang='lat' dir='ltr'><strong>qui</strong></span> <span class='ocrx_word' id='word_1_344' title='bbox 1657 3278 1832 3318; x_wconf 89' lang='lat' dir='ltr'><strong>mente</strong></span> <span class='ocrx_word' id='word_1_345' title='bbox 1855 3277 1909 3318; x_wconf 87' lang='lat' dir='ltr'><strong>et</strong></span> <span class='ocrx_word' id='word_1_346' title='bbox 1933 3285 2158 3338; x_wconf 89' lang='lat' dir='ltr'><strong>corpore</strong></span> <span class='ocrx_word' id='word_1_347' title='bbox 2183 3277 2355 3318; x_wconf 87' lang='lat' dir='ltr'><strong>castus</strong></span> <span class='ocrx_word' id='word_1_348' title='bbox 2380 3285 2489 3317; x_wconf 89' lang='lat' dir='ltr'><strong>non</strong></span> 
     </span>
     <span class='ocr_line' id='line_1_38' title="bbox 235 3344 2489 3419; baseline 0.002 -25"><span class='ocrx_word' id='word_1_349' title='bbox 235 3355 311 3395; x_wconf 84' lang='lat' dir='ltr'><strong>est</strong></span> <span class='ocrx_word' id='word_1_350' title='bbox 330 3384 343 3405; x_wconf 93' lang='lat'><strong>,</strong></span> <span class='ocrx_word' id='word_1_351' title='bbox 384 3345 478 3395; x_wconf 91' lang='lat' dir='ltr'><strong>etsi</strong></span> <span class='ocrx_word' id='word_1_352' title='bbox 516 3345 689 3396; x_wconf 87' lang='lat' dir='ltr'><strong>vivere</strong></span> <span class='ocrx_word' id='word_1_353' title='bbox 714 3344 986 3411; x_wconf 86' lang='lat' dir='ltr'><strong>videatur,</strong></span> <span class='ocrx_word' id='word_1_354' title='bbox 1017 3359 1256 3399; x_wconf 88' lang='lat' dir='ltr'><strong>mortuus</strong></span> <span class='ocrx_word' id='word_1_355' title='bbox 1289 3360 1462 3400; x_wconf 89' lang='lat' dir='ltr'><strong>tamen</strong></span> <span class='ocrx_word' id='word_1_356' title='bbox 1501 3360 1553 3400; x_wconf 91' lang='lat' dir='ltr'><strong>et</strong></span> <span class='ocrx_word' id='word_1_357' title='bbox 1578 3350 1814 3419; x_wconf 90' lang='lat' dir='ltr'><strong>sepultus</strong></span> <span class='ocrx_word' id='word_1_358' title='bbox 1839 3361 1948 3414; x_wconf 83' lang='lat' dir='ltr'><strong>est3</strong></span> <span class='ocrx_word' id='word_1_359' title='bbox 1977 3361 2029 3401; x_wconf 88' lang='lat' dir='ltr'><strong>et</strong></span> <span class='ocrx_word' id='word_1_360' title='bbox 2054 3348 2174 3401; x_wconf 89' lang='lat' dir='ltr'><strong>ideo</strong></span> <span class='ocrx_word' id='word_1_361' title='bbox 2209 3350 2489 3402; x_wconf 90' lang='lat' dir='ltr'><strong>mulierum</strong></span> 
     </span>
     <span class='ocr_line' id='line_1_39' title="bbox 235 3426 2491 3504; baseline 0.003 -28"><span class='ocrx_word' id='word_1_362' title='bbox 235 3427 500 3496; x_wconf 88' lang='lat' dir='ltr'><strong>colloquia</strong></span> <span class='ocrx_word' id='word_1_363' title='bbox 538 3426 730 3479; x_wconf 90' lang='lat' dir='ltr'><strong>devitet</strong></span> <span class='ocrx_word' id='word_1_364' title='bbox 765 3439 818 3479; x_wconf 89' lang='lat' dir='ltr'><strong>et</strong></span> <span class='ocrx_word' id='word_1_365' title='bbox 853 3430 1136 3500; x_wconf 89' lang='lat' dir='ltr'><strong>praecipue</strong></span> <span class='ocrx_word' id='word_1_366' title='bbox 1171 3442 1530 3501; x_wconf 85' lang='lat' dir='ltr'><strong>agapetarum.</strong></span> <span class='ocrx_word' id='word_1_367' title='bbox 1558 3431 1702 3498; x_wconf 87' lang='lat' dir='ltr'><strong>Quid</strong></span> <span class='ocrx_word' id='word_1_368' title='bbox 1740 3432 1879 3484; x_wconf 91' lang='lat' dir='ltr'><strong>enim</strong></span> <span class='ocrx_word' id='word_1_369' title='bbox 1915 3433 2194 3504; x_wconf 88' lang='lat' dir='ltr'><strong>episcopus</strong></span> <span class='ocrx_word' id='word_1_370' title='bbox 2231 3451 2352 3484; x_wconf 88' lang='lat' dir='ltr'><strong>cum</strong></span> <span class='ocrx_word' id='word_1_371' title='bbox 2385 3451 2491 3484; x_wconf 90' lang='lat' dir='ltr'><strong>mu-</strong></span> 
     </span>
     <span class='ocr_line' id='line_1_40' title="bbox 238 3508 2490 3586; baseline 0.003 -28"><span class='ocrx_word' id='word_1_372' title='bbox 238 3508 456 3560; x_wconf 89' lang='lat' dir='ltr'><strong>lieribus</strong></span> <span class='ocrx_word' id='word_1_373' title='bbox 501 3509 916 3562; x_wconf 75' lang='lat' dir='ltr'><strong>confabuletur?</strong></span> <span class='ocrx_word' id='word_1_374' title='bbox 950 3511 1119 3564; x_wconf 91' lang='lat' dir='ltr'><strong>Nemo</strong></span> <span class='ocrx_word' id='word_1_375' title='bbox 1164 3514 1265 3565; x_wconf 90' lang='lat' dir='ltr'><strong>sibi</strong></span> <span class='ocrx_word' id='word_1_376' title='bbox 1313 3513 1379 3566; x_wconf 90' lang='lat' dir='ltr'><strong>de</strong></span> <span class='ocrx_word' id='word_1_377' title='bbox 1428 3515 1832 3586; x_wconf 89' lang='lat' dir='ltr'><strong>propinquitate</strong></span> <span class='ocrx_word' id='word_1_378' title='bbox 1876 3515 2195 3568; x_wconf 88' lang='lat' dir='ltr'><strong>blandiatur.</strong></span> <span class='ocrx_word' id='word_1_379' title='bbox 2245 3514 2490 3566; x_wconf 88' lang='lat' dir='ltr'><strong>Sororem</strong></span> 
     </span>
     <span class='ocr_line' id='line_1_41' title="bbox 237 3591 2488 3669; baseline 0.003 -28"><span class='ocrx_word' id='word_1_380' title='bbox 237 3591 467 3643; x_wconf 90' lang='lat' dir='ltr'><strong>Thamar</strong></span> <span class='ocrx_word' id='word_1_381' title='bbox 503 3593 811 3663; x_wconf 89' lang='lat' dir='ltr'><strong>concupivit</strong></span> <span class='ocrx_word' id='word_1_382' title='bbox 846 3594 1040 3646; x_wconf 89' lang='lat' dir='ltr'><strong>Amon.</strong></span> <span class='ocrx_word' id='word_1_383' title='bbox 1070 3595 1193 3647; x_wconf 90' lang='lat' dir='ltr'><strong>Non</strong></span> <span class='ocrx_word' id='word_1_384' title='bbox 1230 3597 1436 3668; x_wconf 87' lang='lat' dir='ltr'><strong>quaerit</strong></span> <span class='ocrx_word' id='word_1_385' title='bbox 1472 3596 1718 3650; x_wconf 88' lang='lat' dir='ltr'><strong>diabolus</strong></span> <span class='ocrx_word' id='word_1_386' title='bbox 1752 3617 1892 3669; x_wconf 90' lang='lat' dir='ltr'><strong>quae</strong></span> <span class='ocrx_word' id='word_1_387' title='bbox 1927 3618 2021 3652; x_wconf 92' lang='lat' dir='ltr'><strong>sua</strong></span> <span class='ocrx_word' id='word_1_388' title='bbox 2057 3610 2207 3661; x_wconf 91' lang='lat' dir='ltr'><strong>sunt,</strong></span> <span class='ocrx_word' id='word_1_389' title='bbox 2236 3616 2333 3649; x_wconf 88' lang='lat' dir='ltr'><strong>nec</strong></span> <span class='ocrx_word' id='word_1_390' title='bbox 2370 3597 2488 3648; x_wconf 90' lang='lat' dir='ltr'><strong>illos</strong></span> 
     </span>
     <span class='ocr_line' id='line_1_42' title="bbox 238 3677 2485 3754; baseline 0.001 -27"><span class='ocrx_word' id='word_1_391' title='bbox 238 3695 376 3746; x_wconf 89' lang='lat' dir='ltr'><strong>quos</strong></span> <span class='ocrx_word' id='word_1_392' title='bbox 410 3677 730 3748; x_wconf 89' lang='lat' dir='ltr'><strong>babylonius</strong></span> <span class='ocrx_word' id='word_1_393' title='bbox 764 3696 860 3731; x_wconf 86' lang='lat' dir='ltr'><strong>rex</strong></span> <span class='ocrx_word' id='word_1_394' title='bbox 896 3679 1168 3732; x_wconf 88' lang='lat' dir='ltr'><strong>succendit</strong></span> <span class='ocrx_word' id='word_1_395' title='bbox 1203 3681 1259 3732; x_wconf 90' lang='lat' dir='ltr'><strong>in</strong></span> <span class='ocrx_word' id='word_1_396' title='bbox 1295 3680 1417 3733; x_wconf 89' lang='lat' dir='ltr'><strong>olla.</strong></span> <span class='ocrx_word' id='word_1_397' title='bbox 1457 3680 1553 3733; x_wconf 96' lang='lat' dir='ltr'><strong>Iob</strong></span> <span class='ocrx_word' id='word_1_398' title='bbox 1591 3681 1892 3735; x_wconf 83' lang='lat' dir='ltr'><strong>subvertere</strong></span> <span class='ocrx_word' id='word_1_399' title='bbox 1928 3683 2103 3754; x_wconf 89' lang='lat' dir='ltr'><strong>cupit;</strong></span> <span class='ocrx_word' id='word_1_400' title='bbox 2144 3694 2194 3734; x_wconf 89' lang='lat' dir='ltr'><strong>et</strong></span> <span class='ocrx_word' id='word_1_401' title='bbox 2233 3680 2485 3733; x_wconf 82' lang='lat' dir='ltr'><strong>devorato</strong></span> 
     </span>
     <span class='ocr_line' id='line_1_43' title="bbox 237 3759 2488 3835; baseline 0.002 -26"><span class='ocrx_word' id='word_1_402' title='bbox 237 3759 401 3823; x_wconf 85' lang='lat' dir='ltr'><strong>luda,</strong></span> <span class='ocrx_word' id='word_1_403' title='bbox 444 3760 712 3813; x_wconf 89' lang='lat' dir='ltr'><strong>cribrandi</strong></span> <span class='ocrx_word' id='word_1_404' title='bbox 748 3762 805 3814; x_wconf 90' lang='lat' dir='ltr'><strong>in</strong></span> <span class='ocrx_word' id='word_1_405' title='bbox 840 3763 1107 3834; x_wconf 89' lang='lat' dir='ltr'><strong>apostolos</strong></span> <span class='ocrx_word' id='word_1_406' title='bbox 1130 3764 1331 3835; x_wconf 86' lang='lat' dir='ltr'><strong>expetit</strong></span> <span class='ocrx_word' id='word_1_407' title='bbox 1354 3775 1694 3835; x_wconf 76' lang='lat' dir='ltr'><strong>potestatem..</strong></span> <span class='ocrx_word' id='word_1_408' title='bbox 1715 3765 1792 3818; x_wconf 92' lang='lat' dir='ltr'><strong>De</strong></span> <span class='ocrx_word' id='word_1_409' title='bbox 1829 3766 2044 3818; x_wconf 88' lang='lat' dir='ltr'><strong>ecclesia</strong></span> <span class='ocrx_word' id='word_1_410' title='bbox 2068 3782 2269 3835; x_wconf 89' lang='lat' dir='ltr'><strong>semper</strong></span> <span class='ocrx_word' id='word_1_411' title='bbox 2303 3781 2488 3834; x_wconf 88' lang='lat' dir='ltr'><strong>rapere</strong></span> 
     </span>
     <span class='ocr_line' id='line_1_44' title="bbox 239 3843 2485 3918; baseline 0.002 -26"><span class='ocrx_word' id='word_1_412' title='bbox 239 3843 464 3895; x_wconf 77' lang='lat' dir='ltr'><strong>festinat.</strong></span> <span class='ocrx_word' id='word_1_413' title='bbox 519 3845 648 3897; x_wconf 88' lang='lat' dir='ltr'><strong>Esca</strong></span> <span class='ocrx_word' id='word_1_414' title='bbox 697 3845 839 3911; x_wconf 78' lang='lat' dir='ltr'><strong>eiuS,</strong></span> <span class='ocrx_word' id='word_1_415' title='bbox 879 3844 1170 3900; x_wconf 88' lang='lat' dir='ltr'><strong>secundum</strong></span> <span class='ocrx_word' id='word_1_416' title='bbox 1207 3845 1453 3911; x_wconf 89' lang='lat' dir='ltr'><strong>Abacuc,</strong></span> <span class='ocrx_word' id='word_1_417' title='bbox 1496 3847 1674 3901; x_wconf 90' lang='lat' dir='ltr'><strong>electa.</strong></span> <span class='ocrx_word' id='word_1_418' title='bbox 1719 3847 2031 3904; x_wconf 88' lang='lat' dir='ltr'><strong>Monasteria</strong></span> <span class='ocrx_word' id='word_1_419' title='bbox 2066 3847 2326 3918; x_wconf 85' lang='lat' dir='ltr'><strong>virginum</strong></span> <span class='ocrx_word' id='word_1_420' title='bbox 2363 3863 2485 3897; x_wconf 87' lang='lat' dir='ltr'><strong>raro</strong></span> 
     </span>
    </p>
   </div>
  </div>
 </body>
</html>
