2996 4432
395 1083 423 1104 v.
443 1078 471 1105 4.

443 1984 468 2010 5.

279 2018 312 2047 B.
329 2017 350 2046 f.
373 2021 418 2046 50.
437 2016 467 2045 b.

267 3342 303 3376 ,0.
330 3341 352 3369 f.
384 3343 428 3369 50.
450 3339 480 3368 1).

523 257 612 304 172

514 355 623 424 σοφοὶ
661 352 721 411 οῖς
766 375 898 417 cupas:
902 349 1091 439 paveo-‘3042
1133 372 1206 419 usp:
1192 349 1428 411 τεθειται,
1473 352 1617 399 ὀνειδι-

514 449 615 491 σμον
666 449 708 474 ου
757 424 920 488 δέχεται
968 420 1038 471 ἑωι
1090 426 1174 477 τοῖς
1226 418 1445 489 ἐγγιζουσιν
1489 423 1616 485 αὐτῷ·

514 494 799 560 ὄνειδιζομένων
852 493 914 542 ἀει
967 497 1042 542 τῶν
1093 489 1265 556 ἐχᾶντων
1312 490 1449 547 κακούς
1501 489 1618 557 ἔγγι-

514 577 655 624 ζοντας
707 569 856 620 αὐτοις·
905 587 957 619 ως
1001 559 1053 612 οιῖι
1096 560 1341 626 ὑμνουμένων
1388 566 1463 613 τῶν
1507 567 1617 613 πὶη-

512 636 597 688 σι’σν
648 660 710 685 και
759 633 889 703 φίλους
936 631 1114 700 ἀγαθους
1153 630 1340 698 ἑχόντων·
1381 655 1504 696 τουτῳ
1540 634 1617 680 αὐ-

515 730 572 772 τῳ
621 704 890 774 ἀωαρὲσκεται
927 706 948 754 ὅ
998 702 1173 773 φάσκων·
1216 724 1242 751 <c
1265 701 1525 792 ωορευέμενος
1575 705 1616 750 ἐν

516 798 542 827 >)
579 779 658 843 ὄδῳ
692 775 884 843 ἀμωμῳ,
913 774 1026 831 οὗτος
1077 798 1141 839 μοι
1186 773 1431 840 ἔλειτουργει·
1480 775 1615 822 λαλῶν

517 871 544 897 1)
580 848 701 898 ἄδικα
745 850 789 897 οὗ
830 845 1079 901 narmi-Sava·
1123 844 1299 896 ἐναντιον
1336 848 1410 896 τῶν
1449 843 1618 911 ὄφθαλ-

519 941 545 968 »
580 924 663 985 μῶν
687 941 779 983 μου.
802 939 828 967 1)

584 1065 636 1112 Ει
669 1060 711 1111 δὲ
742 1058 811 1111 καῖ
843 1082 937 1111 ποτε
977 1064 1050 1108 τῶν
1087 1081 1183 1125 προς
1221 1058 1287 1112 οὓς
1319 1080 1338 1105 ο
1377 1053 1492 1121 λογος
1529 1077 1617 1118 χοι-

511 1155 594 1214 ριν,
627 1156 692 1182 και
724 1136 822 1181 θεοῦ
852 1152 1024 1196 μαρτυρο
1007 1154 1047 1185 ς
1085 1126 1202 1195 χρεία
1223 1166 1236 1188 ,
1274 1124 1507 1192 ἀπεριέργως
1550 1150 1614 1174 και

514 1227 630 1254 τουτο
662 1226 787 1263 ποιει,
820 1225 871 1256 ως
904 1202 922 1249 ὂ
956 1198 1175 1254 θεσπέσιος
1208 1196 1428 1252 ἀπόστολος
1451 1233 1463 1253 ‚
1497 1218 1617 1248 τυπον

513 1298 578 1325 και
618 1271 789 1340 ἀγωγην
812 1274 931 1337 ορκων
967 1266 1199 1321 καταλιπων·
1237 1271 1276 1317 ἐν
1322 1272 1413 1323 ταῖς
1452 1269 1618 1317 ἑσιστο-

513 1349 632 1403 λαις,
667 1347 763 1394 ὅπου
795 1340 866 1406 μὲν
899 1361 1031 1408 φησιν·
1066 1338 1214 1406 μάρτυς
1247 1362 1310 1404 μοι
1345 1341 1451 1389 ἐστιν
1484 1361 1503 1386 o
1529 1337 1617 1394 θεος

513 1415 545 1465 ὠ
582 1411 783 1501 λατρευω
803 1416 842 1461 ἐν
882 1434 937 1475 τῳ
980 1409 1194 1476 εὐαγγελιῳ
1237 1432 1305 1459 του
1347 1412 1432 1458 υιοῧ
1479 1412 1615 1460 αὐτοῦ·

513 1489 609 1536 ὅπου
634 1483 699 1542 δὲ,
726 1481 907 1549 μάρτυροι
939 1503 1006 1530 τον
1039 1481 1124 1530 θεον
1159 1484 1346 1530 ἐπικαλι
1308 1503 1422 1542 υμαι
1448 1478 1512 1531 ἐπι
1545 1501 1618 1532 την

514 1574 610 1620 εμην
647 1552 796 1619 ψυχὴν·
835 1577 902 1602 και
942 1550 1083 1602 aalma·
1122 1548 1223 1601 οἶδεν
1261 1551 1279 1600 ὅ
1317 1551 1365 1601 ὢν
1409 1549 1508 1605 ἓεος
1547 1550 1618 1600 ἒωι

513 1625 670 1680 πάντας
653 1663 698 1687 ς,
733 1647 776 1673 ου
804 1622 1008 1689 ψευδομαι
1045 1627 1145 1674 αὕτη
1183 1620 1259 1690 73⁶9
1289 1622 1315 1674 ἦ
1346 1621 1619 1677 ἀνεωιληπτος

513 1695 663 1752 πίστις·
695 1719 760 1744 και
794 1718 869 1763 γαρ
900 1697 986 1759 όρκο
970 1717 1010 1749 ς
1044 1691 1153 1743 miae-2
1187 1690 1317 1758 ἕτερόν
1357 1695 1466 1741 ἐστιν
1498 1715 1522 1744 η
1554 1689 1620 1740 )ο’-

512 1790 581 1833 γος
612 1764 716 1832 μετὰ
740 1771 828 1815 θεοῦ
859 1785 1085 1832 μαρτυριας·
1118 1787 1144 1814 η
1176 1768 1343 1831 πρᾶγμα
1374 1766 1421 1824 βε
1425 1760 1619 1825 βαιουμε-
1650 1825 1653 1827 μ

512 1860 575 1887 νον
601 1859 704 1902 μετα
727 1842 813 1885 θεου
837 1855 1077 1904 μαρτυριας·
1111 1857 1217 1889 οπως
1250 1836 1280 1883 δ
1313 1832 1361 1882 ἂν
1394 1833 1470 1899 ἐ’χῃ
1503 1837 1522 1882 0‘
1556 1836 1619 1901 ἕρ-

514 1931 609 1966 κος,
644 1912 708 1958 οὐκ
741 1905 889 1957 &fieret
918 1905 1035 1970 ὀμνυς
1069 1910 1122 1957 τῶ
1153 1903 1337 1957 πλησιον.

572 1978 720 2030 ’Έστιν
754 1981 792 2028 δὲ
818 2001 884 2027 και
910 1976 1103 2033 δανειζειν
1127 1982 1396 2039 πνευματικῶς
1426 1976 1521 2024 ἄνευ
1553 1999 1620 2027 το-

512 2072 612 2111 κου,
650 2052 746 2100 καθ’
783 2074 801 2098 ο
842 2046 1124 2113 σημαινόμενον
1172 2046 1317 2114 εἴρηται
1364 2070 1447 2102 τοις
1469 2054 1620 2146 pag-n-

514 2143 608 2176 ταις
639 2123 769 2173 Ἰησοῦ
799 2143 898 2187 ωρος
936 2142 978 2169 το
982 2123 1005 2166 ῧ
1041 2117 1293 2168 διδασκάλου·
1333 2141 1399 2166 και
1439 2140 1505 2168 τον
1540 2116 1620 2166 θέ-

513 2197 636 2241 λοντα
673 2190 751 2243 ἀπο
788 2196 859 2241 σοῧ
894 2187 1203 2248 δανείσασθαι,
1251 2212 1309 2251 μη
1347 2191 1617 2255 ἀποστραφῇς·

513 2286 594 2318 πως
632 2285 707 2328 γαρ
746 2261 791 2310 ἂν
827 2263 1033 2315 αἰσθητῶς
1071 2264 1184 2310 τοῦτο
1221 2257 1376 2346 φησειέν
1415 2282 1476 2315 τις
1514 2261 1621 2324 ειρῆ-

514 2339 616 2382 σθαι
650 2357 729 2389 τοις
764 2330 942 2398 λεγουσιν
963 2370 976 2389 .,
1016 2329 1219 2398 ἀφήκαμεν
1258 2328 1392 2381 πάντα
1429 2331 1493 2379 καὶ
1528 2352 1595 2381 ηκο
1600 2361 1622 2369 -

515 2408 559 2450 λ
543 2402 776 2467 ουὲἦσαμεν
810 2424 869 2488 σοι
892 2441 905 2462 ,
941 2424 978 2451 τι
1010 2401 1088 2468 ἄρα
1121 2400 1239 2449 ἔσται
1273 2404 1403 2486 ’ἡμῖν-
1437 2423 1504 2449 και
1542 2424 1621 2456 τοις

516 2471 724 2538 λεγουσιν,
759 2494 935 2539 αργυριον
960 2495 1028 2520 και
1054 2494 1195 2538 χρυσιο
1181 2494 1219 2520 ν
1244 2494 1319 2534 ουχ
1342 2469 1547 2537 ὗπαρχει
1542 2495 1586 2520 ιιο
1592 2494 1620 2531 ι.·,

516 2542 629 2594 Ἐπει
663 2565 789 2595 τοινυν
823 2541 1097 2610 περιγράφεται
1122 2565 1166 2593 το
1200 2543 1401 2596 αισθητῶς
1435 2535 1622 2597 δανειζειν

518 2636 610 2670 τους
642 2613 772 2681 ἇγιους
798 2615 864 2699 1),
896 2614 945 2661 ἄν
983 2636 1031 2664 πο
1035 2636 1074 2664 τε
1106 2611 1299 2679 λέγωνται
1331 2616 1444 2663 τοῦτο
1474 2617 1621 2672 ποιεῖν,

517 2690 787 2749 πκευματικῶς
813 2683 911 2733 αὐτο
938 2686 1169 2744 ἐκλαβειν
1148 2706 1229 2742 σει,
1256 2681 1499 2739 δανειζοντος
1523 2705 1621 2733 παν.

518 2777 586 2810 τος
619 2779 708 2807 νοητ
713 2761 764 2811 ῶς
798 2777 866 2805 τον
900 2752 1136 2804 διδάσκοντα
1172 2752 1329 2820 λόγον’
1317 2752 1416 2802 σ’ντα
1446 2752 1622 2841 ἀργυριον

520 2825 584 2876 ἐπι
619 2850 674 2890 τι.)
702 2830 890 2893 κερδῆσαι
917 2849 953 2876 τι
989 2822 1224 2914 σωματικὲν·
1255 2847 1285 2873 ει
1312 2821 1387 2890 γὰρ
1417 2847 1485 2873 και
1512 2823 1625 2874 σπεί-

519 2918 650 2962 ροντες
683 2920 734 2946 τα
766 2918 1013 2960 πνευματικα
1046 2898 1083 2943 ἐν
1109 2900 1164 2960 τῷ
1194 2893 1414 2954 διδάσκειν,
1442 2916 1495 2943 τα
1526 2917 1626 2963 σαρ-

519 2991 607 3016 κικα
635 2965 831 3056 Ηδὲχονται
878 2965 977 3032 πρὸς
1012 2963 1132 3030 μόνον
1170 2990 1214 3018 το
1262 2985 1481 3032 τραφπναι,
1522 2966 1626 3022 ἄξιος

519 3039 595 3103 γὰρ
628 3041 646 3088 ὅ
681 3037 845 3105 ἐργάτης
881 3042 954 3093 ῒῆς
994 3040 1130 3105 τροφῆς
1161 3040 1305 3096 αὐτου,
1339 3039 1439 3099 ὅμως
1476 3037 1520 3084 οὗ
1550 3040 1627 3086 δα-

521 3107 733 3165 νειζουσιν·
771 3111 815 3159 ου’
849 3130 925 3173 γαρ
957 3106 1000 3158 ro*
1038 3109 1123 3166 κατ’
1162 3106 1278 3164 ἀξιαν
1318 3110 1390 3158 τῶν
1422 3105 1627 3158 δοθέντων

482 3197 489 3204 ·
524 3184 719 3245 λογικῶν,
780 3177 960 3247 ἀργυριον
1013 3177 1243 3241 δέχονται,
1290 3178 1378 3225 ἀὶλ
1436 3174 1463 3230 {cl
1502 3199 1628 3240 μονην

526 3249 689 3317 τροφήν.
987 3303 989 3305 ,

595 3323 661 3370 Ον
713 3318 1025 3372 σαλευΞ-ησεται
1064 3318 1105 3368 δὲ
1153 3341 1209 3373 εις
1255 3341 1324 3368 τον
1369 3321 1520 3378 αἰῶνα,
1564 3318 1631 3366 διὰ

525 3386 613 3451 βιου
659 3412 789 3452 μενων
835 3414 902 3445 αις
945 3389 1208 3458 κατωρὲωσεν
1252 3386 1432 3456 ἀρεταις·
1482 3386 1629 3438 ταυτδν

526 3483 603 3547 γαρ
648 3459 692 3510 ‘cox
737 3460 948 3546 λεγόμενΝον
993 3464 1165 3509 ἐνταῦθα
1209 3464 1297 3544 τῶν,
1343 3461 1385 3507 οὗ
1426 3456 1483 3523 μῆ
1521 3481 1631 3540 φαγω

526 3552 620 3598 κρεα
653 3534 708 3585 εἰς
743 3554 809 3580 τον
843 3534 984 3579 αἰῶνα·
1019 3531 1204 3585 ἅσειστος
1237 3552 1294 3585 εις
1321 3551 1389 3580 τον
1412 3531 1537 3578 αἰῶνα
1560 3550 1632 3592 με·

516 3624 582 3651 ,νει
613 3602 632 3649 o‘
673 3600 844 3656 ἁκουσας
888 3605 960 3650 τῶν
996 3602 1124 3654 Ἰησοῧ
1169 3599 1299 3666 λογων
1344 3623 1411 3649 και
1453 3598 1632 3656 ωοιτῖσας

527 3669 686 3726 αὐτους·
727 3671 812 3735 ἔχει
848 3694 924 3737 γαρ
961 3694 1031 3725 της
1070 3673 1212 3721 ἑαυτοῦ
1247 3669 1473 3729 πολιτείας,
1507 3669 1632 3729 σῖκῖας

529 3741 818 3807 ονομαζομένης
840 3781 853 3804 ,
888 3765 977 3796 τους
1010 3740 1177 3805 ἓεμεὶι
1163 3765 1225 3798 υς
1258 3740 1321 3793 ἐπὶ
1354 3764 1422 3793 τον
1455 3748 1584 3808 Χριστ
1589 3763 1631 3791 ον

1516 266 1520 273 “
1565 263 1724 296 monn

1687 351 1892 407 sapientes
1904 351 2009 395 boni
2025 356 2146 406 sunt,
2171 349 2426 407 quibuscum
2448 353 2601 396 versari
2622 354 2781 397 consti-
2794 349 2804 358 “

1689 424 1788 476 1011,
1804 425 1995 479 sequitur
2009 428 2058 466 ut
2074 418 2358 479 opprobrium
2373 435 2496 467 causa
2510 425 2592 467 sibi
2607 427 2785 480 propin-

1689 485 1910 549 quantium
1939 507 2027 538 non
2057 495 2269 551 suscipiat.
2298 496 2423 538 Secus
2452 495 2585 549 enim,
2617 508 2785 551 semper

1688 565 1843 608 accidit
1861 571 1910 608 ut
1927 567 2118 610 1111111313
2143 567 2256 610 fama
2276 566 2473 609 laborent
2489 597 2502 620 ,
2529 568 2605 621 qui
2620 568 2784 622 impro-

1689 635 1769 678 bos
1786 636 1978 680 homines
1993 638 2073 680 sibi
2084 639 2435 694 propinquantes,
2454 637 2501 680 id
2517 641 2580 680 est
2603 638 2784 680 familia·
2819 684 2827 689 ,3

1688 719 1756 748 res
1768 740 1781 762 ,
1799 707 1974 750 habent:
1988 710 2018 750 ii
2035 722 2138 752 vero
2160 714 2310 753 contra
2328 709 2551 752 laudentur
2570 710 2644 763 qui
2657 710 2786 751 fami·-

1688 779 1811 820 liares
1826 779 2069 835 amicosque
2085 780 2223 824 bonos
2239 781 2415 824 habent.
2431 782 2664 823 Sententiae
2681 780 2786 823 huie

1689 854 1895 892 consonat
1904 850 1975 892 ille
1988 852 2062 906 qui
2076 851 2196 895 dicit:
2211 853 2430 896 ambulans
2441 853 2485 894 in
2497 852 2567 894 via
2579 853 2783 895 immacu-

1688 921 1791 976 lata,
1807 921 1876 963 bic
1893 922 1998 964 mihi
2019 918 2298 972 ministrabat.
2318 923 2398 976 Qui
2409 924 2603 979 loquitur
2618 922 2781 979 iniqua,

1690 1003 1779 1032 non
1810 991 1963 1034 direxit
1992 992 2037 1034 in
2065 998 2296 1048 conspectu
2326 995 2548 1038 oculorum
2572 1006 2782 1038 meorum.

1749 1063 1789 1103 Si
1811 1061 2040 1116 aliquando
2060 1063 2176 1117 apud
2198 1075 2272 1106 eos
2293 1063 2547 1118 quibuscum
2568 1066 2785 1120 loquimur
2813 1055 2817 1057 ’

1692 1145 1801 1187 opus
1824 1138 1886 1175 est
1903 1133 1983 1175 Dei
2001 1145 2175 1188 quoque
2191 1135 2436 1178 testimonio
2453 1166 2465 1188 ‚
2490 1142 2578 1178 non
2600 1137 2786 1178 incurio-

1690 1217 1734 1246 se
1758 1204 1844 1246 hoc
1870 1216 2044 1259 quoque
2067 1204 2244 1248 facimus
2259 1238 2271 1260 ,
2294 1206 2403 1248 sicut
2420 1206 2542 1248 divus
2562 1207 2783 1262 apostolus

1690 1279 1843 1330 typum
1874 1267 2223 1332 disciplinamque
2244 1277 2409 1320 iurandi
2432 1271 2604 1333 reliquit
2632 1280 2676 1321 in
2695 1281 2786 1335 epi-

1691 1347 1810 1388 stolis
1838 1346 1915 1389 ubi
1940 1348 2019 1390 ait:
2053 1348 2172 1390 testis
2195 1344 2299 1390 mihi
2322 1349 2462 1402 Deus,
2484 1349 2554 1390 cui
2582 1351 2723 1392 servio.
2742 1351 2788 1393 in

1693 1419 1913 1472 evangelio
1941 1418 2017 1461 filii
2047 1417 2129 1461 sui.
2161 1421 2214 1461 Et
2236 1419 2357 1462 alibi:
2384 1424 2536 1462 testem
2562 1422 2698 1472 Deum
2718 1421 2788 1464 in-

1691 1501 1805 1532 voco·
1839 1489 1886 1531 111
1915 1491 2094 1532 animam
2121 1503 2273 1533 meam.
2302 1492 2356 1532 Et
2385 1503 2556 1533 rursus:
2588 1492 2667 1533 scit
2690 1504 2788 1534 om-

1691 1561 1809 1603 nium
1838 1562 1977 1615 Deus⁴;
2009 1574 2101 1604 non
2125 1562 2324 1604 mentior.
2349 1562 2466 1604 Haec
2494 1566 2557 1604 est
2584 1564 2696 1604 enim
2726 1564 2789 1606 ir-

1691 1633 2030 1687 reprehensibilis
2059 1632 2181 1675 fides.
2212 1634 2318 1676 Nam
2354 1633 2649 1677 iusiurandum-
2681 1635 2788 1678 nihil

1693 1703 1807 1746 aliud
1842 1709 1905 1746 est
1941 1716 2068 1759 quam
2100 1717 2237 1747 sermo
2277 1717 2374 1747 cum
2406 1705 2489 1759 Dei
2514 1706 2788 1759 testimonio,

1692 1774 1762 1816 vel
1786 1787 1854 1817 res
1876 1775 2124 1818 testimonio.
2154 1775 2235 1817 Dei
2256 1775 2524 1818 confirmata.
2553 1776 2633 1818 Sed
2662 1775 2789 1831 quid-

1693 1846 1797 1901 quid
1830 1847 1883 1889 sit
1906 1846 2196 1889 iusiurandum
2215 1878 2226 1900 ‚
2259 1847 2381 1902 quo-d>
2407 1847 2563 1890 iuravit
2593 1848 2790 1902 proximo
2843 1849 2846 1857 '

1693 1931 1771 1960 suo
1802 1930 1927 1960 nemo
1958 1914 2130 1979 irritum
2156 1918 2274 1960 facit.

1750 1992 1979 2032 Possumus
1999 1990 2126 2032 etiam
2155 1989 2401 2044 spiritaliter
2427 1990 2607 2032 fenerari
2630 1990 2792 2044 absque

1692 2074 1832 2104 usura.
1857 2061 1951 2113 Quo
1969 2073 2092 2103 sensu
2116 2060 2278 2103 dictum
2301 2060 2382 2103 fuit
2407 2060 2620 2115 discipulis
2650 2073 2675 2102 a
2694 2062 2792 2103 Iesu

1693 2133 1924 2187 magistro:
1965 2137 2007 2174 et
2042 2133 2116 2187 qui
2145 2132 2331 2174 voluerit
2361 2145 2386 2174 a
2420 2136 2463 2174 te
2480 2132 2695 2184 mutuari,
2738 2144 2793 2174 ne

1695 2205 1911 2246 averseris
1943 2205 2047 2246 Nam
2080 2203 2305 2258 quomodo
2336 2203 2389 2245 dc
2424 2216 2472 2246 re
2503 2203 2692 2245 sensibili
2723 2202 2792 2245 di-

1694 2282 1809 2320 ctum
1826 2278 1909 2319 hoc
1930 2278 2025 2332 quis
2041 2277 2170 2319 fuisse
2195 2276 2403 2318 existimet
2423 2275 2658 2319 aientibus:
2686 2275 2792 2317 reli-

1695 2349 1864 2404 quimus
1888 2349 2030 2390 01111113
2051 2353 2093 2390 01
2115 2348 2248 2390 secuti
2281 2360 2424 2390 sumus
2445 2352 2517 2400 te;
2549 2347 2655 2401 quid
2687 2359 2791 2400 ergo

1695 2421 1774 2462 erit
1795 2419 1954 2462 nobis?
1985 2420 2178 2473 Itemque
2206 2418 2364 2460 aienti:
2398 2422 2617 2472 argentum
2642 2422 2684 2459 01
2711 2429 2791 2459 au-

1695 2504 1791 2534 rum
1812 2503 1899 2533 non
1919 2495 1982 2532 est
2000 2490 2116 2531 mihi.
2143 2490 2250 2542 Quia
2269 2489 2400 2544 igitur
2418 2490 2594 2531 vetitum
2617 2493 2678 2532 est
2697 2501 2793 2533 ma-

1695 2562 1897 2604 terialiter
1931 2561 2055 2603 fenus
2081 2572 2275 2602 exercere
2309 2560 2456 2613 iustis,
2493 2559 2703 2614 siquando
2743 2559 2792 2602 id

1697 2645 1820 2688 agere
1848 2633 1961 2675 forte
1981 2632 2208 2684 dicuntur,
2233 2631 2410 2686 spiritali
2428 2644 2553 2674 sensu
2582 2632 2792 2687 accipien-

1698 2705 1801 2747 dum
1829 2708 1919 2758 est,
1949 2716 2101 2758 nempe
2127 2703 2375 2758 spiritaliter
2400 2702 2583 2745 fenerari
2612 2703 2796 2757 quemli-

1696 2775 1774 2819 het*
1800 2775 2020 2818 doctrinae
2055 2779 2273 2817 auctorem
2292 2804 2304 2828 ,
2340 2786 2447 2829 quae
2470 2775 2605 2816 insta-r
2633 2775 2795 2828 argenti

1699 2853 1762 2890 cst
1793 2859 1881 2902 quo
1913 2847 2143 2889 materialia
2171 2846 2290 2888 lucra
2320 2844 2447 2909 fiupt.
2480 2846 2532 2887 Et
2562 2845 2733 2899 quidem
2764 2844 2796 2886 ii
2857 2885 2880 2889 ..

1699 2919 1773 2974 qni
1806 2917 2001 2960 docendo
2031 2917 2234 2972 spiritalia
2263 2921 2434 2970 serunt,
2470 2916 2656 2958 carnalia
2685 2916 2796 2957 reci-

1699 2991 1822 3045 piunt
1835 3021 1847 3043 ,
1874 2993 2084 3044 quatenus
2101 2989 2301 3031 alimento
2330 2987 2431 3030 satis
2449 2992 2512 3030 est
2530 2985 2713 3044 (dignus
2733 2982 2798 3030 est.

1699 3062 1811 3103 enim
1837 3061 2054 3115 operarius
2069 3060 2269 3102 alimento
2291 3062 2387 3112 suo)
2405 3071 2544 3114 neque
2567 3063 2798 3114 propterea

1699 3134 1974 3185 fenerantur.
2018 3119 2107 3175 n¹on
2139 3133 2251 3174 enim
2279 3144 2361 3187 pro
2398 3130 2596 3174 datorum
2626 3131 2798 3186 spirita—

1699 3205 1803 3247 lium
1833 3205 2015 3258 merito,
2046 3208 2265 3258 argentum
2289 3202 2530 3258 accipiunt,
2553 3201 2633 3244 sed
2649 3201 2799 3244 alimo-

1701 3275 1817 3317 niam
1844 3268 2160 3317 tantummodo.
2797 3328 2801 3331 ἡ

1748 3347 1841 3388 'Hic
1864 3350 2006 3388 autem
2024 3357 2113 3387 non
2137 3344 2477 3387 commovebitur
2492 3344 2537 3386 in
2556 3318 2796 3396 aeternum,

1703 3417 1776 3460 sed
1790 3429 1866 3472 per
1882 3429 2050 3459 omnem
2063 3418 2194 3459 vitam
2207 3416 2252 3458 in
2266 3414 2474 3457 virtutum
2491 3414 2694 3460 exercitio
2707 3425 2800 3468 per-

1703 3488 1906 3531 manebit.
1931 3488 2037 3530 Nam
2064 3498 2260 3542 praesens
2285 3486 2452 3528 locutio
2466 3486 2611 3528 similis
2626 3483 2687 3526 illi
2704 3487 2793 3525 est:

1704 3572 1794 3602 non
1807 3557 2071 3601 manducabo
2086 3570 2253 3600 carnem
2269 3557 2315 3599 in
2339 3561 2573 3599 aeternum.
2592 3556 2799 3597 Immotus

1705 3631 1867 3674 scilicet
1880 3630 1927 3672 10
1945 3632 2163 3672 aeternum
2185 3632 2328 3671 manet
2343 3659 2355 3682 ,
2379 3627 2456 3683 qui
2473 3628 2573 3670 Iesu.
2582 3636 2800 3668 sermones

1706 3702 1850 3756 audit,
1884 3712 2042 3756 eosque
2077 3699 2333 3755 exsequitur.
2369 3698 2510 3742 Habet
2543 3696 2655 3738 enim
2686 3695 2801 3738 vitae

1707 3786 1804 3817 suae
1817 3803 1829 3827 ,
1851 3784 1960 3828 quae
1978 3768 2131 3814 domus
2145 3770 2354 3814 vocabulo
2373 3769 2626 3824 denotatur,
2645 3766 2805 3810 funda-

626 3860 655 3901 1)
679 3862 726 3892 En
753 3861 851 3893 etiam
874 3859 1035 3901 Didymus
1059 3859 1152 3892 senus
1176 3859 1355 3902 improbat,
1378 3859 1413 3894 id
1437 3862 1486 3895 est
1506 3869 1525 3894 3
1546 3861 1642 3896 iustis
1664 3861 1858 3896 hominibus.
1874 3868 1941 3893 non
1962 3868 2032 3894 esse
2052 3857 2270 3894 exercendum
2291 3857 2399 3891 dccet*
