2944 4426
466 214 529 261 80
1276 227 1565 260 notaminis
1599 217 1653 261 nr
1689 228 1918 260 vamonuu

162 315 237 353 Cap.
258 314 367 344 xxix.
388 317 414 342 1.

209 351 246 380 A·
262 350 284 380 5
303 353 363 379 ,33
383 348 413 377 h·
526 316 579 364 Ὁ
611 310 682 376 μὲν
705 310 782 380 γὰρ
806 310 984 378 ἐλέγχων
1023 314 1151 362 ἰᾶται·
1190 311 1210 362 ὅ
1244 311 1288 364 δὲ
1321 310 1563 400 σκληρστρά-
1691 316 1773 369 Qui
1787 314 2081 382 reprehendit,
2101 318 2245 358 sanat:
2267 318 2429 359 atvero
2450 327 2523 370 qm
2539 315 2676 359 dure
2663 328 2728 360 m-

457 388 582 449 χηλος
619 381 814 448 ὑβριζων,
854 405 919 433 ουκ
956 384 1066 432 ἰᾶται
1088 421 1101 445 ,
1141 381 1246 433 ἀλλὰ
1281 381 1557 449 καταισχύνων
1634 390 1806 442 crepat,
1839 398 1935 429 non
1966 390 2111 440 sanat,
2151 385 2226 428 sed
2262 386 2464 441 imposita
2497 387 2729 441 ignominia

460 452 646 541 ἒρεθίζει.
1632 461 1867 512 exasperat.

206 562 231 592 Α
266 560 279 592 t
310 528 404 591 1³¹2:ss
517 522 598 579 ΟΕ
630 521 823 588 πθιμαῖνεῑ
857 526 1064 587 ἕμπαθεις
1098 525 1328 591 λογισμους,
1362 525 1558 577 ἀπόλλυσι
1690 528 1773 580 Qui
1807 528 1982 571 vitiosas
2011 528 2130 571 fovet
2172 528 2450 582 cogitationes
2469 559 2481 583 ,
2525 529 2730 583 spiritales

460 617 528 646 τον
560 593 823 658 πνενματικὲν
847 592 1034 648 πλουτον.
1632 611 1736 653 opes
1766 599 2020 653 pessumdat.

243 703 278 732 A.
306 673 351 731 tv
354 668 415 732 133
527 664 672 716 Ῥέπων
707 663 784 750 γὰρ
820 663 921 731 ωρὸς
956 685 1098 716 κακιαν
1117 705 1131 724 ,
1170 669 1244 731 οὐχ
1287 664 1560 717 ὑωακσνσεται
1691 668 1771 720 Qui
1801 667 1855 711 ad
1879 670 2108 724 nequitiam
2137 670 2348 723 declinat,
2379 669 2522 712 verbis
2546 682 2635 712 non
2657 682 2730 712 ce-

460 733 588 802 λᾶγοις
619 736 709 785 ἀλλ’
737 731 764 785 -ὶῗ
795 758 980 803 τιμωριων
1014 735 1065 791 ὥς
1096 738 1258 803 Φαραω.
1633 739 1732 791 det,
1765 739 1840 781 sed
1870 741 2163 794 punitionibus
2195 745 2243 783 ut
2278 742 2462 784 Pharao.

320 810 417 872 vgbffij
528 809 582 856 Ὁ
615 810 831 859 σπαταλῶν
857 805 1103 873 αμαρτάνει,
1128 830 1196 856 και
1220 808 1393 862 ὂσνλος’
1381 828 1466 857 εστι
1494 809 1563 860 τῆς
1691 810 1774 862 Qui
1800 810 1904 852 luxu
1923 816 2071 866 peccat
2086 844 2098 866 ,
2122 816 2165 854 et
2187 814 2348 868 peccati
2369 825 2515 855 servus
2538 816 2624 865 est,
2647 824 2734 867 po·-

227 1044 234 1051 .
248 1022 355 1052 xxxl.
374 1025 416 1050 10.

142 1024 266 1089 vnlgA.
285 1059 308 1088 s.
325 1062 371 1087 37.
386 1056 418 1086 b.

326 1242 357 1263 v.
412 1256 420 1265 .

231 1272 264 1301 Β.
287 1270 373 1301 f.38.
413 1292 421 1300 .

141 1807 174 1835 B
194 1805 215 1835 f.
237 1811 280 1835 10
300 1805 331 1834 b.
362 1791 388 1841 ‘q

145 1843 191 1871 est
228 1841 336 1872 Ottob.
363 1845 423 1870 ιι.

459 874 691 943 ἁμαρτιας,
728 879 884 945 ὕστερον
921 876 963 926 δὲ
1001 880 1039 925 ἐν
1084 875 1277 928 aco-&neec
1321 875 1525 943 γενὸαενσς
1548 912 1561 936 ,

458 970 492 997 σι
526 970 653 997 κακων
686 951 819 1007 ἐστιν,
856 946 1173 1001 ὂόυνηθῆσεται.-

531 1017 679 1070 Γυνῆ’
665 1039 705 1068 εν
736 1016 948 1106 παροιμίᾳ,
980 1042 1008 1069 τ,
1039 1039 1179 1085 σεφια,
1205 1040 1269 1065 και
1292 1018 1318 1068 ἦ
1352 1014 1563 1075 ὲκκλησια,

461 1110 528 1137 και
553 1111 579 1141 η
611 1091 699 1140 κατ’
731 1087 871 1157 &per-m
903 1085 1032 1152 ψυχή·
1065 1086 1225 1154 ἀνδρεία
1249 1085 1315 1144 δὲ,
1339 1108 1365 1137 τι
1389 1091 1464 1135 τῶν
1497 1089 1568 1135 ἀν-

463 1157 683 1223 τικειμένων
716 1163 933 1225 κρατοῦσα.

535 1232 590 1280 Οἱ
623 1227 697 1296 γὰρ
728 1227 805 1279 ὑπο
836 1233 906 1284 τῆς
933 1249 1067 1296 σοφιας
1091 1224 1425 1283 κατασταθέντες
1457 1226 1569 1278 διδοί-

464 1306 644 1358 σκαλσιζ
659 1298 744 1354 τούς
775 1295 1009 1363 πολυτίμους
1048 1297 1326 1364 ἑμπορευονται
1364 1296 1568 1365 μαργαρί-

465 1393 559 1430 τας,
585 1373 650 1419 οὐκ
673 1373 714 1418 ἐκ
737 1367 865 1433 μα’νων
897 1374 972 1419 τῶν
1003 1389 1134 1418 κοινων
1159 1371 1335 1429 ἐννοιῶν,
1366 1366 1476 1418 ἀλλὰ
1497 1371 1571 1430 κᾴκ

465 1445 540 1491 τῶν
565 1438 766 1490 ἐναντῖων.

1633 886 1720 924 stea
1740 894 1908 924 sensum
1923 884 1985 924 rei
2005 883 2176 938 capiens
2192 914 2205 937 ,
2226 885 2271 926 in
2291 889 2499 939 quantum
2520 883 2731 926 malorum

1635 952 1880 1006 devenerit,
1913 952 2170 1007 deplorabit.
2355 960 2359 965 ’

1695 1024 1847 1066 Mulier
1875 1025 1917 1066 in
1949 1024 2028 1066 hac
2054 1024 2272 1084 parabola,
2306 1025 2507 1079 sapientia
2541 1030 2603 1067 est
2618 1057 2631 1080 ,
2665 1025 2734 1068 vel

1638 1093 1813 1136 ecclesia
1829 1125 1840 1145 ,
1873 1094 1941 1136 vel
1976 1093 2118 1136 dedita
2149 1094 2297 1137 virtuti
2325 1095 2476 1136 anima.
2510 1093 2733 1137 Fortitudo
2764 1104 2767 1105 ’

1640 1168 1781 1206 autem
1810 1164 1882 1206 illa
1912 1170 2000 1218 est,
2036 1177 2143 1220 quae
2175 1164 2435 1207 adversarios
2466 1167 2654 1219 superat.

1699 1234 1780 1287 Qui
1798 1239 1896 1277 sunt
1915 1248 1939 1278 a
1957 1236 2160 1291 sapientia
2178 1235 2397 1277 constituti
2411 1226 2623 1289 magistri,
2636 1238 2736 1289 p're-

1640 1306 1768 1348 tiosas
1797 1311 2038 1349 mercantur
2068 1307 2314 1361 margaritas
2343 1317 2432 1348 non
2461 1317 2512 1347 ex
2547 1316 2736 1349 commu-

1641 1376 1768 1419 nibus
1796 1377 1934 1420 solum
1954 1377 2224 1432 notionibus,
2249 1388 2397 1419 verum
2417 1376 2542 1418 etiam
2559 1387 2611 1418 ex
2631 1387 2736 1418 cou-

1641 1448 1798 1491 trariis.

1369 1540 1485 1571 FINIS
1513 1540 1825 1575 APOLmAms.

743 1678 990 1714 ῙΟΥΛΙΑΝΟΥ
1016 1679 1259 1714 ΔΙΑΚΟΝΟΥ.

536 1737 690 1803 Παιδίῳ
722 1738 764 1788 δὲ
798 1737 869 1805 νὲῳ
901 1737 1042 1807 φησιν,
1077 1740 1119 1788 οὗ
1142 1742 1211 1789 τοῦ
1238 1740 1312 1795 ’ἔξω
1344 1736 1570 1805 ἀνθρώπου,

466 1807 573 1858 ἀλλὰ
610 1813 676 1860 τσῧ
715 1808 822 1866 ἑντὲς
843 1849 856 1871 ,
890 1808 1120 1873 σωματικὴν
1159 1807 1318 1859 δίδωσιν
1352 1808 1570 1862 αἴσθησιν·

468 1885 821 1947 συνεωιγεννῶνται
851 1880 925 1948 γὰρ
952 1882 1053 1948 ’ἦμῗν
1091 1879 1133 1929 αἶ
1165 1878 1392 1944 σωματικαὶ
1422 1877 1572 1931 αἰσθή-

468 1972 561 2007 σεις·
602 1949 732 2004 ἐπειδὴ
763 1949 803 2000 δὲ
836 1954 995 2007 διπλοῦς
1028 1952 1046 2000 ὃ
1080 1950 1281 2019 ἄνθρωπος
1313 1948 1420 2000 κατὰ
1451 1953 1574 2000 Παῦ-

467 2026 560 2084 λον,
593 2044 656 2071 και
691 2019 854 2075 παιδικη
888 2045 948 2078 τις
982 2021 1070 2074 ἐστι
1102 2043 1353 2077 καταστασις
1385 2043 1458 2076 της
1489 2027 1572 2087 ψυ-

468 2096 547 2157 χῆς
568 2132 581 2151 ,
620 2115 687 2142 και
724 2091 977 2156 ἁκματιστη,
1011 2116 1079 2142 και
1092 2090 1373 2181 πρεσβυτικῇ·
1410 2093 1446 2140 εἶ
1478 2089 1572 2158 γοῧν

469 2167 507 2213 ἐν
538 2164 716 2229 Κσρίνθῳ
746 2187 813 2213 οια
846 2187 970 2216 νηπιοι
1003 2185 1062 2212 ετι
1087 2165 1236 2214 {demto
1267 2160 1468 2228 γαλακτος
1501 2185 1573 2220 της

470 2237 727 2300 εἱσαγωγικης
766 2237 834 2286 τεῧ
876 2232 1102 2300 εὖαγγελιου,
1139 2232 1420 2287 διδασκαλίας.
1462 2237 1574 2282 Νεα-

467 2327 597 2359 νισκος
626 2303 733 2364 ὂὲ,”
716 2327 734 2353 o
762 2309 842 2359 τέῖς
875 2305 996 2355 εἰὂεσι
1030 2328 1102 2359 της
1134 2306 1273 2370 ἀρετῆς
1304 2325 1400 2369 προς
1434 2324 1477 2351 το
1509 2301 1574 2352 τέ-

469 2380 569 2425 λειον
607 2372 906 2442 ἀπηρτισμένος·
944 2375 1032 2428 η’τει
1068 2398 1086 2423 o
1128 2373 1224 2430 ζέων
1261 2376 1315 2438 τῷ
1350 2370 1573 2460 ’πνευματῃ

470 2448 519 2500 ὦς
544 2450 722 2513 σφρυγῶν
748 2467 843 2512 προς
868 2450 946 2497 πᾶν
971 2445 1079 2512 ἕργεν
1105 2467 1180 2499 της
1203 2440 1425 2506 εὐσεβείας.
1445 2450 1578 2508 Πρεσ-

470 2515 631 2583 βύτερος
665 2537 766 2565 κατα
798 2538 868 2568 την
903 2516 1062 2580 ψυχην,
1096 2515 1114 2563 o‘
1150 2512 1298 2570 τέλειος
1330 2535 1403 2565 την
1434 2511 1578 2600 φρένη-

418 2600 420 2605 ’
472 2608 582 2639 νησιν
619 2609 727 2636 κατα
763 2584 930 2639 Δανιήλ·
968 2610 1032 2635 και
1071 2591 1136 2634 νῦν
1174 2585 1251 2652 ἄρα
1293 2582 1449 2636 παιδίον
1494 2582 1579 2635 νέον

471 2679 566 2724 φησι
587 2696 600 2716 .,
641 2678 710 2708 τον
747 2654 814 2706 δια
850 2662 918 2708 τοῦ
928 2660 1115 2747 Ιΐλουτρ
1093 2680 1116 2704 υ
1153 2660 1224 2711 τῆς
1261 2652 1579 2721 ωαλιγγενεσιας

472 2728 520 2783 ὧς
551 2724 680 2778 παιόιε
667 2747 704 2775 ν
737 2749 820 2777 νεον
851 2728 1077 2793 γενέμενον,
1113 2750 1182 2776 και
1215 2725 1384 2776 εὔθετον
1418 2727 1475 2781 εἷς
1508 2747 1581 2778 την

471 2795 686 2859 βασιλείαν
713 2820 787 2847 των
812 2798 983 2886 οὗρανων
1001 2799 1064 2863 1)·
1093 2801 1149 2862 τῷ
1171 2793 1213 2847 δε
1238 2797 1356 2851 οὕτως
1383 2798 1582 2863 ἁρτιγενεῗ

473 2871 615 2933 παιόιῳ
652 2891 694 2918 το
734 2868 887 2934 λογικον
923 2893 988 2918 και
1024 2869 1167 2920 αόηλον
1216 2865 1256 2916 τι’
1300 2864 1410 2933 γάλα
1445 2866 1470 2918 ἦ
1508 2887 1582 2916 των

475 2958 687 3006 παρειμιων
719 2937 853 2990 ὂιόωσι
878 2937 1045 3003 βίβλος,
1074 2941 1118 2987 δι’
1141 2941 1270 2992 αὐτῆς
1302 2934 1584 3003 γεγυμνασμέ-

477 3033 560 3094 νοΝ),
608 3007 807 3062 αισὲησιν
851 3031 894 3060 τε
932 3032 1007 3060 των
1044 3029 1284 3075 παροντων,
1320 3031 1390 3057 και
1434 3007 1584 3057 ἔννοιαν

477 3084 551 3130 τῶν
581 3079 832 3143 μελλόντων,
865 3083 916 3135 ὦς
952 3104 1008 3144 μη
1042 3082 1180 3132 ἔπιπτε
1165 3082 1325 3129 eto-&oa
1363 3098 1462 3144 προς
1493 3078 1587 3129 ηδε-

476 3149 547 3205 νᾶς
568 3189 581 3208 .,
615 3148 640 3203 ἦ
674 3175 741 3202 rw
774 3147 865 3210 βιου
898 3173 942 3201 το
980 3147 1166 3215 μάταιον.
1204 3151 1279 3204 Ὡς
1318 3146 1362 3197 δε
1400 3169 1442 3198 τε
1446 3151 1470 3195 ῧ
1505 3147 1587 3197 ἔσω

479 3219 662 3285 ἀνθρωπε
665 3244 687 3269 υ
726 3219 990 3286 τυγχάνουσιν
1034 3219 1220 3277 ηλικιαι,
1267 3221 1368 3268 οὕτω
1411 3240 1478 3266 και
1517 3219 1586 3266 αἷ-

449 3288 642 3349 ,σθησεις
675 3295 748 3346 τῆς
781 3294 916 3354 ψυχῆς
948 3314 1015 3341 και
1050 3289 1257 3354 δυνάμεις·
1289 3291 1395 3339 ὥστε
1429 3284 1587 3352 λέγων,

481 3363 587 3424 ἑμοις
629 3358 760 3425 λογεις
808 3359 1028 3428 ωαράβαλε
1076 3383 1147 3410 σον
1192 3364 1290 3420 οὖς,
1347 3380 1392 3408 το
1438 3355 1589 3410 εὖηκοον

480 3427 711 3515 ὑπεμφαινει
747 3434 814 3485 τῆς
845 3436 999 3495 ψυχῆς·
1036 3434 1134 3481 ὅταν
1167 3427 1309 3496 λεγει,
1340 3429 1379 3478 οἷ
1419 3429 1590 3497 ὀφθαλ-

481 3498 550 3564 μοι’
584 3523 652 3551 σου
687 3498 956 3562 βλεωέτωσαν
1000 3500 1137 3569 ὄρθα,
1183 3523 1256 3552 την
1298 3501 1435 3567 ὅρασιν
1481 3501 1593 3551 δηλοῖ

483 3575 555 3626 τῆς
582 3575 731 3636 ψυχῆς·
765 3593 830 3619 και
865 3575 963 3622 ὅταν
988 3575 1162 3638 παραινῇ
1186 3568 1337 3637 λεγων,
1373 3568 1474 3638 φάγε
1498 3566 1593 3633 με’λι

483 3639 568 3703 υἷε,
598 3642 670 3690 ινα
701 3645 903 3707 γλυκανθῇ
933 3665 1002 3692 σευ
1033 3644 1052 3691 o‘
1088 3639 1264 3710 emptast,
1293 3643 1478 3708 τροπικῶς
1502 3637 1593 3703 μελι

1995 1682 2173 1714 rumim
2202 1680 2404 1713 nucom.

1701 1744 1840 1785 Puero
1870 1742 2042 1784 novello
2059 1772 2071 1795 ,
2104 1741 2242 1796 inquit
2258 1771 2270 1794 ,
2301 1752 2391 1782 non
2420 1738 2637 1782 exterioris
2666 1735 2740 1780 sed

1642 1814 1856 1856 interioris
1883 1812 2093 1866 hominis,
2136 1810 2403 1867 corporalem
2447 1809 2520 1852 dat
2555 1820 2739 1852 sensum.

1644 1886 1748 1928 Sunt
1777 1885 1886 1928 enim
1910 1884 2034 1926 nobis
2064 1882 2280 1937 congeniti
2310 1881 2554 1936 corporales
2579 1891 2738 1923 sensus.

1645 1956 1726 1999 Sed
1756 1958 1854 2011 quia
1877 1955 2032 2011 duplex
2052 1959 2114 1997 est
2143 1954 2274 1996 homo
2295 1983 2308 2007 ,
2326 1953 2440 1995 iuxta
2470 1951 2650 1994 Paulum
2664 1981 2677 2004 ‚
2699 1954 2742 1993 et

1645 2033 1707 2071 est
1738 2028 1865 2071 etiam
1894 2026 2070 2082 quidam
2097 2025 2269 2081 puerilis
2298 2027 2432 2066 status
2455 2023 2639 2076 animae,
2662 2033 2741 2064 nec

1644 2114 1733 2144 non
1761 2103 2034 2144 iuvenescens
2055 2130 2068 2152 ,
2090 2103 2133 2142 et
2150 2098 2330 2153 denique
2347 2096 2512 2151 senilis;
2531 2095 2629 2139 ideo
2659 2093 2743 2138 Co-

1645 2172 1791 2215 rinthii
1822 2171 1944 2228 quasi
1966 2170 2144 2212 infantes
2165 2168 2305 2211 adhuc
2325 2167 2435 2210 lacte
2457 2166 2639 2221 egebant
2660 2164 2744 2207 ele·

1646 2244 1843 2286 menteris
1872 2241 2092 2285 doctrinae
2113 2239 2334 2294 evangelii.
2348 2236 2645 2280 Adolelescens
2669 2248 2743 2278 au-

1645 2319 1730 2357 tem
1752 2345 1764 2367 ,
1797 2314 1872 2369 qui
1905 2304 2075 2355 virtutis
2104 2310 2254 2353 formis
2286 2308 2473 2364 perfecte
2508 2308 2742 2350 instructus

1647 2390 1738 2440 est,
1769 2386 1855 2427 sive
1883 2383 2050 2426 fervens
2079 2382 2256 2437 spiritu,
2282 2384 2324 2422 et
2345 2378 2401 2421 ad
2423 2390 2549 2420 omne
2576 2377 2744 2432 pietatis

1651 2468 1759 2511 opus
1791 2456 1940 2498 alacer.
1969 2455 2102 2497 Senex
2124 2453 2292 2505 animo,
2325 2450 2400 2505 qui
2419 2448 2649 2504 perfectam
2668 2446 2745 2489 ha-

1648 2528 1724 2571 bet
1752 2526 2050 2583 prudentiam,
2082 2524 2206 2566 sicuti
2229 2521 2391 2564 Daniel.
2418 2522 2472 2563 Et
2500 2531 2614 2562 nune
2643 2518 2743 2573 qui-

1651 2599 1749 2645 dem
1788 2599 1899 2641 forte
1941 2597 2045 2640 dicit
2084 2599 2298 2639 recentem
2335 2592 2550 2649 puellum,
2591 2589 2748 2632 seilicet

1650 2684 1728 2728 per
1749 2668 2095 2725 ‘regenerationis
2132 2667 2344 2710 lavacrum
2359 2694 2371 2718 ‚
2411 2663 2574 2706 factum
2615 2659 2748 2703 veluti

1651 2754 1859 2800 puerum,
1893 2744 1936 2783 et
1955 2751 2089 2795 regno
2113 2737 2327 2782 caelorum
2347 2734 2565 2779 idoneum.
2589 2731 2747 2775 Huius-

1653 2813 1771 2856 modi
1810 2816 1952 2855 autem
1989 2822 2128 2866 nuper
2166 2808 2312 2864 genito
2354 2805 2506 2849 infanti
2543 2801 2748 2847 rationale

1655 2882 1873 2940 quoddam
1903 2886 1946 2925 et
1976 2881 2229 2924 absconsum
2262 2878 2327 2921 lac
2365 2875 2608 2932 suppeditat
2636 2873 2745 2916 liber

1653 2954 1982 3012 proverbiorum
1998 2983 2009 3005 ‚
2045 2951 2103 3004 (si
2134 2949 2266 2993 modo
2289 2949 2450 3005 inipso
2479 2946 2746 2999 exerceatur)

1656 3037 1909 3080 sensumque
1939 3022 2227 3080 praesentium
2256 3018 2422 3074 rerum,
2444 3023 2487 3062 et
2514 3018 2752 3060 futurarum

1656 3097 1970 3151 intelligentiam
1988 3127 2001 3149 ‚
2034 3106 2087 3136 ne
2121 3091 2416 3147 voluptatibus
2447 3090 2642 3143 vitaeque
2671 3097 2751 3128 va·

1656 3169 1779 3212 nitati
1796 3165 2058 3209 succumbat.
2082 3165 2196 3207 Sicut
2218 3168 2356 3206 autem
2382 3159 2597 3203 interioris
2616 3155 2754 3200 homi·
2790 3148 2798 3160 ⁴

1657 3240 1723 3283 nis
1752 3244 1850 3288 sunt
1881 3241 2037 3281 aetates
2056 3266 2068 3290 ,
2100 3236 2162 3278 ita
2191 3235 2316 3276 etiam
2347 3231 2524 3275 animae
2538 3239 2683 3273 sensus
2704 3236 2753 3268 ae

1652 3302 1786 3353 vires.
1821 3310 1960 3363 Quare
1990 3318 2088 3350 cum
2109 3305 2237 3349 dicit:
2261 3302 2528 3347 sermonibus
2553 3299 2658 3343 meis
2675 3304 2753 3340 au·-

1659 3395 1752 3426 rem
1778 3387 1898 3425 tuam
1936 3378 2093 3436 praebe
2107 3409 2121 3432 ,
2166 3376 2329 3420 animae
2366 3372 2643 3418 attentionem
2669 3359 2750 3408 in-

1661 3454 1771 3497 nuit.
1804 3453 1910 3496 Cum
1938 3462 2041 3493 vero
2073 3448 2203 3492 dicit.
2237 3446 2352 3490 oculi
2379 3445 2444 3488 tui
2471 3440 2642 3485 videant
2676 3448 2748 3479 ae-

1664 3525 1896 3581 quitatem,
1930 3521 2093 3564 animae
2121 3520 2261 3562 visum
2299 3516 2490 3560 denotat.
2531 3511 2752 3552 Postremo

1665 3608 1762 3640 cum
1790 3595 2014 3646 hortatur,
2047 3590 2220 3634 dicens.
2256 3585 2430 3631 comede
2458 3579 2567 3633 mel,
2602 3591 2629 3621 o
2658 3576 2720 3620 fili
2738 3610 2751 3632 ‚

1664 3671 1714 3710 ut
1736 3665 2011 3710 dulcorentur
2029 3662 2174 3706 fauces
2195 3664 2311 3711 tuae,
2334 3653 2500 3710 tropice
2519 3649 2656 3694 mellis
2677 3660 2756 3690 vo-

561 3776 590 3817 1)
613 3777 665 3809 Sic
686 3776 719 3808 in
743 3775 887 3808 homiliis
906 3776 1036 3816 patrum
1055 3775 1249 3816 latinorum,
1272 3784 1306 3808 v.
1330 3784 1378 3816 gr.
1396 3776 1429 3808 S.
1447 3772 1636 3816 Augustini,
1654 3769 1811 3812 infantes
1829 3768 1983 3802 dicuutur
1998 3767 2096 3802 etiam
2112 3764 2206 3808 iissqui
2223 3762 2334 3817 adulta
2348 3760 2415 3792 iam
2432 3756 2537 3791 aetate
2552 3754 2756 3797 bapti-mum

487 3830 731 3872 suscipiebant,
765 3830 934 3871 tamquam
955 3828 1041 3861 vitae
1058 3828 1215 3870 spiritalis
1233 3829 1377 3861 initium.
