2996 4432
417 3272 491 3297 v.6.

336 3305 489 3334 Affliffl

529 262 621 309 164-

1573 272 1732 303 mnYMt

520 354 729 426 σωτηρίας·
763 354 870 405 ἀλλὰ
899 379 967 405 και
999 353 1062 406 ἐπι
1096 377 1182 410 τους
1211 353 1469 422 ἁμαρτωλοὺς
1492 355 1618 446 ιπριγὶ-
1683 358 2014 402 substantialiter
2052 359 2187 406 iustus
2233 362 2325 414 est,
2364 372 2453 403 non
2486 366 2627 405 autem
2649 363 2785 408 iusti-

521 434 595 485 δας
629 426 874 490 ἑωιωὲμωει·
909 449 952 475 ευ
979 424 1056 493 γὰρ
1086 427 1135 481 ὦς
1159 425 1300 491 ἔτυχεν
1337 429 1422 479 εικῆ
1458 449 1620 514 γινεται
1683 430 1768 472 tiae
1796 431 2038 486 particeps:

520 521 573 549 τα
609 502 684 553 τῆς
715 519 792 582 τῡρο
775 518 905 552 νοιοις
941 495 1005 545 κοιὶ
1042 499 1140 546 θεοῦ
1174 495 1349 564 κρίσεῳς·
1388 495 1541 553 ὂικαιος
1574 495 1620 546 δε

518 591 644 655 κυριος
676 569 763 618 κατ’
795 565 964 627 οὐσιαν,
998 567 1088 614 ἀλλ’
1119 568 1162 616 οὗ
1189 589 1344 631 μετοχη
1376 565 1619 623 δικαιοσυνης

519 637 643 690 ἐστίν·
670 637 780 690 πλην
806 639 837 686 εἶ
869 660 935 686 κοιι
967 639 1089 693 οὕτως
1113 637 1200 702 ἔχει
1230 660 1405 704 φυσεως,
1431 639 1524 686 ἀλλ
1555 632 1619 686 οὐν

520 712 661 776 ἀγαπᾷ
684 706 758 763 τοὶς
791 709 829 756 ἐν
861 731 944 763 τοις
975 711 1135 763 πολλοις
1159 705 1323 763 δικαιοις
1351 705 1619 766 ὃικοιιοσυνας,

521 801 595 833 την
632 777 800 829 ἕκαστον
834 777 1024 846 προθεσιν
1061 775 1361 842 ἀποδεχόμενος·
1408 776 1515 828 ἔστιν
1551 776 1620 826 καὶ

521 851 657 905 ἄλλως
695 851 822 899 εἶωεῖν
859 851 1024 915 ἀγαωᾷν
1061 846 1183 897 αὐτον
1227 846 1489 903 δικαιοσύνας·
1529 846 1622 897 ὲωει

476 928 482 942 ¹
523 919 692 971 ἑκάστου
728 941 919 986 κριματος
964 916 1071 970 ἐστίν
1108 940 1167 973 τις
1207 916 1444 970 δικαιοσυνη·
1482 916 1624 968 σολλοι

524 989 566 1040 δὲ
600 1013 664 1045 τα
667 1012 852 1057 κριματοι
882 993 951 1041 τοῦ
982 993 1085 1048 θεοῦ,
1111 1009 1197 1076 περι
1219 984 1273 1037 ὡν
1296 985 1536 1056 γεγραπτοιι·
1569 986 1624 1037 τὰ

523 1060 698 1129 κρίματα
721 1064 789 1111 τοῦ
812 1058 940 1150 κυρίου
963 1056 1154 1116 ἀληθινα,
1180 1057 1502 1122 ὂεδικαιωμενοι’
1488 1078 1551 1109 επι
1578 1055 1623 1108 τὸ

525 1131 638 1181 αὐτό·
670 1129 822 1196 ἀνάγκη
847 1153 911 1179 και
945 1127 1018 1184 τοὶς
1042 1126 1288 1183 ἃικαιοσυνοις
1319 1125 1472 1182 πολλᾶς
1504 1125 1621 1176 εἶναι·

523 1205 651 1270 ὥσπερ
683 1201 721 1250 δὲ
755 1198 902 1254 ὂικαιᾶς
935 1202 1039 1258 ἐςιν,
1072 1200 1170 1248 οὕτω
1200 1219 1266 1246 και
1299 1195 1497 1250 εὗθυτητοι
1527 1197 1624 1257 βλέ-

523 1293 622 1322 πων·
655 1269 855 1323 εὐθυτητα
886 1267 974 1318 ὂε’
962 1273 1060 1334 ερέῖς
1075 1288 1244 1356 γνωμην
1276 1289 1348 1320 την
1384 1289 1482 1334 προς
1512 1269 1624 1334 ὀρθὸν

525 1340 639 1407 λέγον
663 1339 972 1404 κανονιζομὲνην·
1007 1360 1155 1390 ταυτην
1180 1338 1254 1405 5ρᾷ
1283 1337 1431 1405 χαίρων
1456 1336 1520 1389 ἐπὶ
1544 1361 1624 1394 τοις

527 1413 700 1475 ἔχουσιν·
733 1410 866 1478 ῥηθείη
897 1432 964 1457 και
996 1429 1085 1475 περι
1108 1431 1177 1463 της
1203 1406 1412 1464 εὖθυτητος
1437 1404 1625 1475 ἇρμονιως

525 1485 577 1547 τῇ
602 1503 685 1550 περι
711 1503 784 1532 των
811 1483 1055 1530 δικαιοσυνῶν
1077 1475 1239 1547 δευτέρᾳ
1257 1500 1404 1540 νοησει,
1425 1500 1626 1545 υπαρχου-

525 1574 575 1615 σῃ
601 1555 640 1600 ἐν
666 1555 747 1608 τοῖς
770 1572 955 1617 κριμασιν
982 1572 1061 1604 τοις
1084 1546 1422 1620 ἀνεξερευνητοις
1413 1550 1551 1598 αυτοῦ·
1573 1571 1623 1602 ην

526 1619 590 1669 ὂιοὶ
619 1645 664 1674 το
695 1644 796 1673 πανυ
833 1618 1141 1685 ἀποδεχεσθοιι,
1181 1618 1226 1669 τὸ
1264 1619 1465 1685 πρόσωπον
1505 1617 1630 1671 αὐτου

525 1692 608 1758 ὁρᾷ·
633 1692 876 1760 ἑπιφοιινεται
895 1689 971 1757 γὰρ
990 1688 1120 1756 παρῶν
1141 1690 1160 1739 ὃ
1180 1688 1268 1746 θεός
1292 1694 1375 1746 τοῖς
1399 1688 1527 1757 ἔργοις
1553 1694 1625 1747 τῆς

524 1761 704 1829 προνοίας
726 1785 793 1812 και
819 1766 902 1817 τὸἶς
925 1761 1247 1826 ἀποτελέσμασιν
1272 1783 1347 1812 των
1371 1758 1582 1824 κριμοὶτων.

2087 432 2163 486 qui
2200 444 2301 474 cum
2329 432 2388 474 ita
2425 437 2577 477 natura
2616 437 2788 491 propria

1691 500 1746 541 sit
1774 506 2073 556 comparatus,
2107 502 2246 557 diligit
2275 503 2439 558 pariter
2466 505 2512 547 in
2546 506 2689 550 multis
2716 509 2786 551 iu-

1692 570 1767 612 stis
1798 583 1886 614 esse
1915 573 2143 627 iustitiam,
2185 575 2349 618 bonum
2380 577 2585 633 cuiusque
2620 592 2787 637 propo-

1693 641 1822 687 situm
1853 642 2111 698 adprobans.
2153 647 2382 690 Possumus
2412 652 2455 691 et
2490 648 2611 692 aliter
2638 651 2788 706 expla-

1695 724 1796 754 nare
1818 714 2039 767 quomodo
2060 716 2174 758 Deus
2194 717 2373 760 iustitias
2394 718 2567 774 diligat3
2590 723 2790 776 quoniam

1694 781 1961 835 singulorum
1990 783 2249 829 iudiciorum
2271 792 2334 830 cst
2364 789 2570 844 quaedam
2598 792 2785 835 iustitia:

1695 852 1831 894 multa
1860 865 1962 895 vero
1993 859 2092 897 sunt
2120 855 2273 899 iudicia
2301 858 2407 913 Dei,
2430 859 2483 902 de
2506 861 2661 915 quibus
2680 865 2788 906 scri-

1695 926 1818 978 ptum
1847 927 1933 965 est:
1967 923 2124 968 iudicia
2153 927 2325 970 Domini
2346 941 2447 972 vera
2461 961 2474 984 ,
2495 931 2723 976 iustificata
2742 934 2788 977 in

1695 992 1741 1035 id
1761 993 1917 1048 ipsum.
1945 995 1997 1036 Et
2019 995 2194 1050 quidem
2220 1009 2329 1052 opus
2351 1004 2415 1042 est
2430 1001 2582 1044 multas
2603 1015 2693 1047 esse
2721 1004 2790 1047 iu-

1697 1063 1846 1106 stitias.
1869 1064 1922 1106 Et
1944 1066 2163 1119 quomodo
2183 1067 2319 1111 iustus
2338 1074 2415 1125 est,
2437 1071 2498 1115 ita
2518 1074 2645 1116 etiam
2664 1076 2792 1118 recti-

1696 1133 1888 1187 tudinem
1911 1147 1999 1177 esse
2023 1135 2136 1178 dices
2163 1138 2428 1183 voluntatem
2456 1142 2571 1186 illam
2601 1157 2710 1200 quae
2737 1145 2793 1189 ad

1697 1209 1858 1248 rectam
1887 1207 2097 1249 rationem
2130 1209 2328 1263 exigitur.
2370 1212 2475 1254 Eam
2510 1215 2623 1258 Deus
2639 1216 2791 1260 liben-

1696 1280 1762 1318 ter
1790 1277 1835 1319 in
1864 1277 1916 1319 iis
1946 1278 2020 1332 qui
2040 1278 2198 1322 habent
2219 1285 2397 1335 spectat.
2429 1283 2665 1334 Dicendum
2686 1299 2790 1331 vero

1699 1352 1762 1390 est
1791 1347 1844 1390 de
1872 1349 2123 1392 rectitudine
2139 1380 2151 1403 ‚
2193 1362 2319 1394 sensu
2358 1362 2550 1408 congruo
2585 1358 2794 1402 secundae

1697 1418 1759 1461 illi
1789 1418 1842 1461 de
1869 1419 2043 1462 iustitiis
2060 1421 2267 1475 notioni,
2301 1434 2430 1477 quam
2458 1424 2505 1467 in
2534 1426 2791 1472 inscrutabi-

1697 1490 1810 1533 libus
1840 1491 1918 1532 Dei
1946 1487 2114 1533 i’udiciis
2144 1494 2465 1537 constituimus:
2492 1508 2704 1554 quamque
2735 1499 2792 1542 ob

1700 1561 1989 1604 omnimodam
2028 1561 2384 1617 adprobationem
2419 1564 2548 1609 facies
2577 1569 2666 1612 eius
2694 1582 2792 1626 spe·-

1699 1636 1813 1674 ctare
1843 1631 2015 1674 dicitur.
2047 1633 2155 1675 Nam
2191 1634 2270 1676 Dei
2299 1637 2536 1690 praesentia
2553 1669 2566 1692 ‚
2606 1651 2657 1682 ex
2676 1651 2793 1696 ,pro-

1699 1703 1906 1746 videntiae
1935 1703 2102 1746 actibus
2130 1708 2173 1748 et
2201 1717 2252 1748 ex
2275 1705 2531 1752 iudiciorum
2551 1709 2789 1766 effectibus,

1697 1775 1938 1817 innotescit.

1384 1881 1802 1925 PSALMUS
1861 1881 1937 1923 XI.

532 2019 637 2110 On
647 2059 741 2160 270sp
773 2060 823 2112 τοὶ
851 2057 982 2124 μέλη
989 2083 1057 2110 του
1088 2081 1270 2125 σωματος
1302 2057 1628 2148 εξολοθρευόμενοι

478 2169 484 2176 -
525 2134 716 2197 ηγεισὲαι
750 2135 831 2191 δεῖ,
865 2128 973 2180 ἄλλοι
1005 2151 1076 2183 την
1107 2134 1246 2197 χρῆσιν
1278 2152 1349 2181 την
1381 2128 1520 2179 δολιαν
1551 2153 1624 2179 αυ-

477 2204 485 2248 J
527 2208 601 2253 τῶν
636 2224 703 2251 και
737 2223 805 2253 τον
849 2200 1155 2287 μεγαλορίμονα
1199 2199 1330 2267 λόγον·
1367 2223 1434 2248 και
1472 2197 1548 2268 γὰρ
1585 2201 1625 2249 ἐν

529 2294 756 2340 παροιμιαις
789 2295 938 2340 ειρηται
966 2269 1154 2337 ((περῖελε
1185 2294 1352 2322 σεαυτου
1377 2269 1531 2321 σκολιον
1563 2268 1630 2328 <b-

534 2364 558 2391 »
594 2368 687 2408 μοι,
726 2367 794 2394 και
831 2343 948 2392 ἄδικα
991 2342 1109 2407 χειλη
1142 2365 1295 2410 μακραν
1341 2340 1507 2392 ἅωωσοιι
1544 2339 1627 2391 οἰῶ-ο

534 2436 559 2462 ))
596 2418 682 2466 σεῦ·
696 2438 713 2458 Ὦ

571 2506 596 2532 (τ
638 2484 706 2533 To}
729 2483 854 2549 χειλη
870 2484 979 2548 ημῶν
1012 2505 1093 2571 παρ
1134 2486 1243 2547 ’ἧμῶν
1276 2485 1398 2533 ἐστιν·
1433 2504 1492 2537 τις
1522 2484 1630 2544 ἡμῶν

534 2576 559 2604 ))
593 2577 717 2621 κυριος
756 2553 886 2613 ἓστινς
919 2579 936 2598 υ
984 2553 1084 2605 Ἀπὲ
1124 2576 1273 2608 ταυτης
1313 2556 1382 2608 τῆς
1423 2550 1631 2642 θρασύτη-

531 2649 597 2682 τος
639 2628 659 2674 o‘
703 2625 857 2688 ἀσεβὴς
898 2624 1026 2675 εὐοᾶὅ
987 2646 1138 2687 υμενος
1176 2626 1217 2671 ἐν
1250 2627 1305 2688 τῷ
1335 2643 1547 2688 τυγχανειν
1579 2619 1630 2671 ὡν

530 2699 736 2760 ἑπιθυμει,
770 2694 954 2764 προφέρει
969 2715 1096 2764 φωνην
1130 2692 1199 2746 τῆν
1233 2697 1271 2742 ἒν
1303 2697 1360 2757 τῷ
1387 2691 1490 2754 Ἰωβ·
1525 2691 1630 2759 λέγει

532 2765 575 2816 δὲ
604 2786 734 2833 κυριῳ·
772 2766 971 2818 ((ἀποστοι
1002 2767 1069 2817 ἀπ’
1102 2767 1168 2829 ἑμο
1152 2768 1208 2813 ῧ·
1241 2762 1350 2818 ἕδους
1381 2786 1451 2814 σου
1483 2762 1630 2813 εἷόἔνοιι

596 2841 639 2887 οὐ
666 2836 872 2901 βουλομοιι·
907 2860 968 2891 τις
1001 2834 1156 2896 ἷκανος,
1183 2837 1244 2885 ὅτι
1277 2833 1534 2920 δουλευσόμεν
1558 2837 1632 2883 αὖ·

540 2932 557 2952 »
596 2913 663 2972 τῷ.
676 2931 693 2951 n
722 2906 804 2957 Και
829 2930 904 2974 γαρ
927 2904 1029 2958 οὑτοι
1054 2912 1127 2962 τῆς
1154 2927 1372 2983 προσουσης
1402 2908 1537 2961 αὐτοις
1561 2926 1631 2955 ευ-

533 3001 705 3045 πραγιας
738 2978 856 3028 αἴτιοι
889 2975 1116 3041 νομιζοντες
1154 2997 1280 3035 εινοιι,
1307 2974 1466 3042 λέγουσι
1495 2973 1626 3042 κυρίῳ·

532 3047 717 3106 ἀποστ-α,
752 3073 810 3112 μη
836 3070 1000 3137 φανερου
1028 3071 1093 3112 μοι
1124 3046 1199 3104 τὰς
1230 3045 1320 3097 ὄδο
1280 3070 1341 3102 υς
1372 3065 1457 3097 σου·
1484 3045 1629 3096 εἰδέναι

529 3118 603 3187 γάρ
637 3118 761 3174 αὐτας
798 3144 839 3168 ου
870 3117 1001 3168 θέλω·
1041 3142 1077 3169 τι
1111 3116 1206 3185 γάρ
1219 3116 1343 3169 ωλέον
1378 3115 1487 3180 γῗμων
1524 3116 1629 3182 ἔχων

533 3211 664 3244 ικανος
697 3187 762 3249 εἰ,
791 3192 863 3239 ἰ’νοι
895 3185 1162 3253 δουλευσωμεν
1201 3211 1295 3247 σοις

602 3257 695 3310 Ἐπι
729 3263 802 3309 τῶν
836 3259 988 3321 ἀσεβων
1019 3259 1125 3327 μέγα
1144 3280 1388 3345 φρονουντων
1418 3281 1469 3313 ως
1502 3281 1631 3326 {asyon-

534 3328 729 3396 λορημονα
764 3334 947 3395 γλωτταν
983 3354 1049 3380 και
1087 3327 1204 3396 χειλη
1241 3328 1355 3380 ὂολιοι
1385 3350 1524 3393 αυχειν
1545 3368 1558 3390 ,
1597 3333 1628 3379 οἱ

534 3423 689 3464 πτωχοι
721 3405 1065 3467 ταλαιπωροῦσιν,
1098 3425 1163 3450 και
1198 3398 1449 3457 στεναζουσιν
1482 3403 1519 3450 οἵ
1549 3398 1629 3451 al:-

534 3492 666 3531 νητες,
701 3491 744 3518 το
777 3492 1001 3536 τυραννικον
1032 3494 1161 3521 αυτων
1193 3474 1237 3522 οὗ
1267 3469 1460 3539 φέροντες·
1496 3493 1630 3522 τουτου

536 3539 653 3630 χάριν
697 3562 812 3626 φησιν
858 3562 877 3588 o
917 3564 1014 3608 κυριο
998 3562 1049 3597 ς·
1098 3540 1380 3606 ἀναστήσομοιι
1417 3563 1518 3598 νυν,
1560 3544 1630 3591 ἵνα

537 3609 706 3675 ones-opat
740 3632 810 3661 την
842 3611 987 3670 βουλην
1021 3614 1060 3661 ἐν
1094 3612 1280 3703 σωτηρίῳ·
1316 3609 1632 3680 παρρησιάσομαι

536 3686 576 3732 ἐν
601 3685 710 3747 αὐτῷ
728 3678 832 3732 κατὰ
855 3686 928 3730 τῶν
953 3681 1302 3771 ἐναβρυνομένων”
1282 3681 1531 3751 υπερηφάνως
1557 3704 1632 3731 των

535 3752 836 3818 υποδεεστέρων·
875 3749 1069 3801 ἀπολύσω
1100 3754 1142 3801 δὲ
1175 3777 1243 3804 του
1271 3758 1536 3820 ταλαιπωρειν
1565 3776 1632 3802 και

539 3821 741 3879 στενάζειν
773 3844 862 3877 τους
893 3843 1083 3886 ωτωχους
1114 3846 1179 3872 και
1216 3822 1409 3879 πένητας·
1447 3845 1634 3887 ωτωχους

1698 2016 2013 2116 Nequaquam
2033 2063 2356 2107 existimandum
2370 2068 2433 2107 est
2448 2067 2642 2121 corporis
2661 2078 2796 2111 mem-

1694 2130 1774 2174 bra
1802 2132 1899 2175 heic
1929 2133 2185 2177 destruenda
2214 2134 2298 2178 dici
2314 2168 2326 2190 ‚
2358 2135 2435 2179 sed
2462 2136 2636 2180 illorum
2665 2137 2793 2182 dolo-

1697 2214 1789 2244 sum
1829 2215 1952 2246 usum
1969 2235 1983 2259 ‚
2018 2209 2061 2247 et
2093 2210 2363 2261 arrogantem
2400 2212 2660 2251 sermonem:
2686 2209 2797 2252 Nam

1697 2278 1740 2316 et
1759 2275 1804 2316 in
1825 2275 2064 2330 proverbiis
2094 2270 2250 2320 dicitur
2270 2291 2281 2319 ε
2319 2296 2337 2314 «ι
2359 2278 2478 2321 aufer
2500 2291 2525 2321 a
2545 2283 2590 2321 te
2612 2291 2660 2322 os
2690 2291 2793 2336 per-

1705 2364 1722 2380 »
1756 2358 1926 2388 versum
1944 2377 1956 2400 ‚
1990 2351 2033 2389 et
2067 2348 2212 2404 iniqua
2245 2348 2362 2397 *labia
2395 2361 2420 2392 a
2450 2354 2495 2392 te
2532 2350 2685 2406 procul
2719 2364 2792 2394 rc-

1707 2434 1723 2451 »
1757 2416 1886 2472 pelle.
1910 2437 1927 2454 υ

1787 2510 1803 2527 α
1828 2491 1958 2535 Labia
2005 2497 2152 2536 nostra
2184 2506 2208 2536 a
2249 2493 2373 2537 nobis
2407 2499 2532 2548 sunt;
2571 2495 2666 2551 quis
2709 2508 2794 2539 no-

1707 2580 1725 2597 »
1757 2566 1847 2605 ster
1889 2562 2086 2606 dominus
2104 2620 2107 2623 ·
2122 2567 2185 2606 est
2200 2563 2222 2606 ’.Ρ
2241 2582 2258 2599 »
2303 2565 2393 2607 Hac
2427 2564 2603 2608 audacia
2639 2565 2796 2622 impius

1701 2633 1834 2680 elatus
1864 2635 1966 2685 dum
1996 2636 2180 2691 expetita
2209 2648 2256 2678 re
2279 2636 2470 2691 potitur,
2494 2648 2646 2679 vocem
2668 2637 2796 2680 emit-

1700 2706 1779 2759 tit,
1804 2707 2041 2750 cuiusmodi
2063 2706 2178 2762 apud
2197 2707 2351 2750 Iobum
2373 2712 2438 2750 est
2455 2738 2467 2761 ‚
2494 2700 2796 2764 dicitque'Do-

1700 2778 1844 2820 mino:
1889 2796 1906 2814 «
1927 2777 2078 2821 recede
2109 2790 2134 2820 a
2163 2782 2261 2830 nie,
2291 2778 2380 2820 vias
2409 2781 2504 2821 tuas
2537 2779 2644 2820 scire
2672 2777 2796 2821 nolo.

1708 2869 1724 2886 »
1760 2849 1872 2903 Quid
1903 2847 2105 2904 prodest,
2128 2848 2164 2891 si
2195 2849 2233 2891 ei
2252 2860 2332 2891 nos
2355 2849 2634 2892 serviamus?·›
2661 2848 2797 2891 Nimi-

1701 2933 1796 2964 rum
1826 2921 1872 2963 hi
1911 2920 2109 2976 propriae
2147 2918 2359 2962 felicitatis
2401 2923 2598 2975 putantes
2632 2931 2680 2962 se
2708 2930 2799 2961 esse

1702 2996 1897 3035 auctores
1914 3022 1926 3045 ,
1959 2991 2105 3033 dicunt
2133 2990 2350 3033 Domino:
2393 2989 2570 3043 recede,
2609 3001 2662 3032 ne
2690 2987 2799 3035 mihi

1699 3064 1787 3106 vias
1815 3067 1909 3105 tuas
1937 3061 2202 3104 manifestare
2230 3061 2368 3114 velis3
2389 3072 2573 3116 namque
2592 3071 2659 3103 eas
2688 3071 2797 3114 eog-

1700 3146 1874 3176 noscere
1905 3133 2025 3175 nolo.
2058 3131 2171 3185 Quid
2200 3131 2313 3174 enim
2341 3123 2467 3174 nobis
2501 3130 2704 3174 utilitatis·
2721 3132 2795 3173 ac-

1702 3204 1826 3247 cedet
1840 3236 1852 3258 ,
1886 3205 1920 3246 si
1949 3204 2030 3247 tibi
2056 3203 2310 3246 famulemur
2324 3201 2347 3244 ⁸?
2724 3216 2727 3219 ·
2776 3216 2780 3219 ¹

1760 3279 1873 3320 Dum
1898 3276 2019 3332 impii
2053 3275 2217 3318 tumida
2245 3278 2388 3317 mente
2417 3278 2542 3328 sunt,
2565 3274 2796 3329 linguaque

1686 3340 1975 3403 magniloqua
1996 3351 2038 3390 et
2062 3346 2224 3389 dolosis
2243 3345 2370 3389 labiis
2389 3346 2648 3389 insolescunt
2663 3377 2675 3400 ,
2695 3356 2800 3401 pau-

1701 3430 1825 3473 peres
1854 3421 2071 3470 moerent,
2111 3417 2260 3472 inopes
2289 3420 2489 3473 gemunt,
2530 3415 2798 3471 tyrannicum

1701 3489 1872 3532 illorum
1889 3500 2052 3532 morem
2072 3488 2244 3531 minime
2262 3487 2458 3530 ferentes.
2477 3488 2708 3541 Propterea
2730 3483 2798 3526 di-

1704 3560 1761 3602 cit
1783 3559 2014 3602 Dominus:
2032 3571 2162 3601 -nunc
2182 3551 2402 3611 exsurgam
2417 3588 2429 3611 ,
2446 3562 2494 3600 ut
2516 3567 2671 3613 ponam
2693 3567 2798 3598 con-

1704 3631 1844 3673 silium
1878 3631 1923 3673 in
1941 3656 1943 3659 .
1959 3630 2157 3672 salutari:
2191 3628 2446 3671 fiducialiter
2483 3638 2607 3690 agam
2636 3625 2682 3667 in
2719 3637 2770 3667 eo
2784 3656 2796 3678 ,

1705 3707 1855 3745 contra
1891 3701 1988 3743 illos
2022 3700 2098 3756 qui
2131 3699 2314 3754 superbe
2348 3711 2393 3741 se
2431 3696 2640 3740 extollunt
2672 3707 2800 3751 supra

1705 3772 1974 3815 infirmiores.
2003 3773 2066 3813 En
2095 3771 2308 3821 solvama
2331 3781 2406 3812 sua
2427 3767 2613 3821 miseria,
2642 3778 2696 3810 ne
2723 3778 2799 3821 ge-

1707 3848 1848 3897 mant,
1880 3854 2089 3897 pauperes
2104 3854 2153 3885 ac
2166 3842 2331 3897 inopes.
2357 3841 2494 3883 Porro
2513 3850 2718 3895 pauperes
2737 3842 2804 3880 at·-

2298 3969 2301 3989 l
