2996 4432
1187 277 1423 310 nomzoms.
1789 285 1792 289 >
2368 272 2426 316 17

629 361 708 413 De
743 359 879 414 bene
914 360 1235 430 morigerato>
1260 361 1370 413 eius
1406 379 1644 414 sermone
1680 374 1731 415 et
1766 365 1989 416 incessu.

308 444 392 506 34.
422 443 499 495 Sit
525 443 642 495 -eius
667 461 836 495 sermo
864 443 1007 494 omni
1035 443 1285 497 suavitate
1311 442 1608 514 dulcoratus
1633 456 1684 496 et
1712 447 1814 498 sale
1842 449 2124 518 sapientiae
2154 448 2414 502 conditus,

203 526 326 578 Non
363 527 580 579 nutibus
619 526 868 596 loquatur
906 526 1208 592 oculorum,
1247 545 1357 579 non
1398 527 1584 578 innuat
1619 526 1818 597 digitis3
1868 529 1958 581 sed
2001 543 2168 582 sermo
2209 532 2320 584 eius
2357 534 2422 584 sit

203 627 404 681 semper
432 608 667 680 placidus
699 619 750 661 et
784 609 1099 679 tranquillus
1117 651 1129 674 ,
1158 610 1312 662 facies
1342 610 1451 662 eius
1482 610 1624 662 nulla
1658 610 1723 662 sit
1751 612 1997 663 varietate
2031 614 2301 680 notabili53
2331 615 2422 667 sed

199 691 456 763 siquando
489 692 683 756 laetuS,
717 710 826 743 non
848 690 1106 743 dissoluto
1136 693 1269 756 risu,
1297 711 1407 745 non
1420 693 1697 744 'cachinnis
1727 713 1818 745 ora
1848 693 2186 766 distorqueat.
2215 696 2269 748 Si
2294 716 2420 749 vero

199 794 440 837 severus,
479 775 522 826 si
548 775 791 838 'ieiunu5‚
825 775 1032 827 tristitia
1068 775 1252 827 faciem
1287 794 1397 827 non
1432 776 1752 827 exterminet.
1787 775 1862 826 Sit
1898 777 2007 828 eius
2045 779 2274 830 incessus
2310 780 2421 849 pla-

200 856 373 918 cidus,
402 875 502 909 nec
526 857 744 908 multum
763 858 896 910 citus
915 875 1011 910 nec
1036 858 1255 909 multum
1280 857 1488 921 tardus,
1511 876 1621 909 non
1645 857 1863 914 elumbis
1887 858 1966 909 vel
1992 858 2166 911 fluxus
2189 861 2414 913 incedat.

201 940 319 992 Huc
360 959 530 1011 usque
574 939 857 992 secundum
899 941 1193 1011 apostolum
1232 941 1400 1011 qualis
1433 939 1620 992 debeat
1662 941 1780 1010 eligi
1817 943 2123 1012 episcopm,
2165 955 2217 995 et
2253 963 2419 1014 quan-

199 1021 269 1074 do
291 1062 305 1085 ‚
343 1034 394 1074 et
423 1042 452 1074 a
485 1023 709 1094 quibuS,
743 1034 796 1075 et
834 1023 1056 1093 qualiter
1099 1034 1220 1093 post
1256 1023 1695 1075 consecrationem
1735 1022 1923 1075 debeat
1957 1025 2157 1090 vivere,
2203 1027 2298 1078 Dei
2341 1029 2420 1077 iu-
2478 1071 2481 1074 ,

199 1117 354 1157 vante
378 1106 540 1174 gratia
558 1147 572 1170 ,
599 1104 968 1176 compendiose
994 1107 1333 1157 narravimus.
1361 1105 1610 1176 Superest
1641 1125 1783 1158 nunc
1817 1117 1876 1157 ut
1906 1107 2131 1176 qualiter
2156 1127 2210 1158 1n
2244 1108 2418 1160 missa-

198 1206 314 1249 rum
350 1188 697 1259 sollempniis,
735 1189 791 1239 in
825 1189 1071 1258 privatis,
1109 1189 1164 1240 in
1195 1188 1420 1251 festivis,
1454 1190 1512 1240 in
1547 1189 1876 1240 confectione
1901 1190 2217 1253 chrismatis,
2258 1191 2418 1243 inire-

199 1271 560 1323 eonciliatione
601 1272 1006 1342 paenitentium,
1043 1283 1095 1323 et
1134 1272 1359 1343 qualiter
1400 1271 1608 1332 ordines
1646 1271 1932 1324 secundum
1967 1291 2192 1324 canones
2232 1273 2418 1326 debeat

200 1353 462 1406 celebrare
479 1394 492 1416 ,
533 1353 776 1406 breviter
792 1354 1153 1406 dilucidemus.

484 1455 487 1458 ·
661 1500 664 1503 ῃ
1011 1441 1090 1490 De
1126 1440 1278 1491 missa
1314 1439 1604 1510 sollempni.

304 1521 389 1572 35.
413 1522 474 1572 In
495 1523 766 1573 missarum
791 1522 1003 1593 quidem
1029 1522 1346 1593 sollempniis
1372 1522 1542 1592 aliqua
1568 1521 1724 1573 debet
1749 1539 1856 1573 esse
1885 1520 2170 1573 diversitas.
2201 1524 2332 1575 Nam
2359 1526 2414 1577 in

199 1603 482 1655 maioribus
518 1605 1018 1675 sollempnitatibus,
1058 1617 1117 1657 ut
1152 1606 1208 1656 in
1243 1606 1509 1656 nativitate
1545 1604 1753 1655 Domini
1790 1615 1842 1655 et
1876 1605 1988 1655 eius
2024 1605 2329 1675 epiphania,
2366 1620 2417 1660 et

198 1686 253 1737 in
288 1698 466 1738 sancto
502 1689 695 1758 pascha
730 1699 782 1739 et
816 1688 1149 1749 ascensione,
1177 1701 1228 1740 et
1264 1688 1347 1740 die
1372 1698 1725 1758 pentecostes,
1749 1688 1877 1738 etin
1913 1687 2291 1757 sollempnitate
2316 1709 2417 1742 om-

198 1769 346 1820 nium
371 1781 703 1832 sanctorum,
733 1782 784 1822 et
820 1772 875 1822 in
911 1771 1051 1823 festis
1087 1783 1293 1823 sanctae
1328 1771 1548 1834 Mariae,
1577 1781 1627 1822 et
1664 1771 1720 1821 in
1756 1771 2019 1822 nativitate
2055 1772 2302 1824 Iohannis
2335 1775 2417 1827 ba-

195 1857 407 1927 ptistae,
453 1866 504 1906 et
538 1855 594 1905 in
629 1855 798 1906 natale
833 1856 1187 1926 apostolorum
1223 1856 1550 1926 principum,
1592 1866 1643 1906 et
1679 1856 1746 1905 in·
1771 1853 2097 1913 dedicatione
2140 1858 2411 1921 ecclesiae,

123 1931 127 1935 ⁸
198 1950 249 1990 et
283 1940 339 1989 in
374 1939 588 2009 propria
625 1938 788 2008 ipsius
825 1939 1055 2009 episcopi
1091 1939 1396 2000 festivitate,
1442 1938 1484 1989 si
1521 1937 1833 2007 possibilitas
1875 1938 2114 1989 ecclesiae
2159 1941 2411 2009 requirit,

198 2032 473 2092 postquam
509 2033 692 2072 cantor
728 2021 1068 2091 antiphonam
1104 2021 1436 2091 imposuerit,
1464 2019 1712 2090 procedat
1735 2021 1974 2091 pontifex
2000 2020 2312 2073 duodecium
2339 2043 2416 2075 sa-

196 2102 470 2155 cerdotum
506 2105 723 2155 vallatus
759 2103 1050 2166 adiutorio,
1079 2115 1131 2155 et
1166 2115 1361 2175 septem
1398 2103 1766 2166 diaconorum,
1801 2104 1946 2155 iuxta
1970 2103 2177 2156 decreta
2213 2118 2415 2158 sancto-

197 2206 313 2238 rum
348 2198 557 2257 patrum
592 2187 752 2256 fultus
788 2187 1086 2238 testimonio
1107 2227 1120 2248 ,
1149 2187 1316 2238 tribus
1352 2185 1728 2257 hypodiaconis
1769 2185 1833 2238 ad
1861 2187 2171 2257 obsequium
2201 2190 2410 2258 paratis.

197 2271 263 2321 Et
298 2270 511 2321 veniens
548 2268 614 2320 ad
658 2269 851 2334 altare,
902 2269 979 2320 his
1023 2267 1207 2321 dextra
1243 2270 1492 2339 laevaque
1539 2268 1868 2338 compositiS,
1918 2270 2174 2339 acolythis
2219 2283 2416 2341 septem

195 2363 480 2404 cereostata
513 2351 840 2413 tenentibus,
882 2363 934 2403 et
969 2351 1011 2402 si
1046 2371 1155 2403 non
1190 2353 1361 2404 minus
1397 2371 1553 2423 quam
1590 2351 1830 2413 duobus,
1871 2353 2309 2422 exhomologesim
2346 2356 2417 2406 in-

196 2437 382 2507 cipiat:
424 2455 531 2506 qua
565 2435 740 2496 finita,
790 2434 918 2500 dans
961 2453 1142 2505 pacem
1186 2435 1430 2486 omnibus
1476 2447 1580 2486 tam
1617 2434 1971 2486 sacerdotibus
2015 2455 2172 2506 quam
2217 2437 2410 2500 levitis,

197 2517 441 2570 ascendat
475 2519 531 2569 in
566 2517 739 2577 sedem
774 2517 830 2568 in
867 2536 974 2588 qua
1010 2529 1277 2587 spectante
1313 2518 1451 2569 clero
1487 2529 1538 2569 et
1572 2518 1771 2588 populo
1809 2517 2070 2581 resedeat,
2116 2519 2284 2572 donec
2319 2520 2416 2591 ky-

197 2605 272 2654 rie
300 2603 496 2654 eleison
520 2622 550 2653 a
574 2603 712 2654 clero
742 2602 1094 2672 sollempniter
1119 2601 1424 2653 decantetur
1441 2641 1454 2664 ,
1482 2612 1534 2652 et
1558 2600 1806 2670 quamdiu
1833 2587 2012 2653 laudes
2036 2621 2253 2655 romano
2279 2623 2415 2673 pon-

198 2685 354 2748 tiflci,
394 2696 445 2737 et
480 2682 725 2737 omnibus
761 2685 1045 2755 episcopis,
1073 2684 1373 2756 imperatori
1409 2703 1625 2755 quoque
1661 2695 1713 2735 et
1747 2676 2094 2754 imperatrici,
2123 2676 2411 2749 iudicibus,

198 2782 250 2821 et
285 2781 476 2821 cuncto
514 2769 765 2821 exerc-itui
802 2768 1085 2820 christiano
1122 2767 1394 2838 sollempni
1419 2787 1536 2819 cum
1562 2768 1854 2819 reverentia*
1874 2768 2070 2835 fuerint
2094 2767 2408 2821 decantatae.

194 2852 280 2904 Sic
315 2863 454 2904 stans
491 2852 546 2902 in
582 2851 761 2910 eadem
797 2849 916 2902 sede
953 2851 1205 2919 hymnum
1231 2850 1433 2919 intonat
1457 2850 1771 2919 angelicum.'
1791 2850 1914 2915 Quo
1939 2849 2120 2912 finito,
2149 2850 2415 2903 collectam

198 2935 327 2986 inibi
366 2935 555 2986 offerat
580 2952 751 3003 ,super
787 2932 1061 3003 populum.

304 3019 386 3070 36.
411 3019 535 3069 Post
557 3018 748 3068 lectum
775 3034 902 3067 vero
931 3015 1223 3085 apostolum
1240 3054 1253 3076 ‚
1283 3026 1335 3066 et
1357 3014 1602 3084 graduale
1626 3034 1744 3066 cum
1762 3015 1965 3067 alleluia
1990 3027 2040 3067 et
2064 3016 2176 3067 eius
2202 3035 2416 3087 sequen-

197 3105 268 3154 tia
287 3100 663 3163 ‘decantatum,
694 3110 812 3170 post
837 3099 1104 3150 recitatum
1120 3097 1450 3166 *evangelium
1469 3136 1484 3159 ,
1512 3096 1792 3149 descendat
1815 3096 1880 3148 ad
1916 3098 2179 3168 pulpitum
2198 3138 2212 3160 ‚
2242 3110 2293 3150 et
2318 3117 2414 3151 ser-

199 3202 354 3236 mone
389 3184 462 3235 ibi
511 3182 756 3234 decenter
798 3179 976 3232 habito
1019 3179 1086 3231 ad
1127 3180 1418 3251 populum,
1466 3179 1689 3234 eundem
1730 3180 2098 3244 benedictione
2145 3182 2416 3234 confirmet

196 3265 506 3336 episcopali:
548 3277 599 3315 et
633 3275 762 3314 tunc
800 3262 1011 3317 demum
1044 3260 1294 3313 accedens
1328 3260 1395 3313 acl
1431 3261 1618 3326 altare,
1655 3263 1757 3315 alta
1791 3282 1921 3315 voce
1956 3264 2250 3335 symbolum
2285 3265 2415 3317 inci-

198 3351 337 3419 piat,
366 3368 396 3400 a
431 3349 570 3400 clero
607 3358 657 3399 et
691 3365 721 3398 a
755 3343 956 3416 populo
993 3343 1390 3396 decantandum.
1433 3347 1714 3416 Postquam
1749 3366 1872 3399 vero
1909 3358 1962 3399 et
1995 3347 2255 3419 populum
2290 3349 2421 3407 salu<

198 3433 414 3496 tavei-it,
455 3442 507 3482 et
541 3449 630 3482 eos
666 3428 732 3481 ad
769 3427 1027 3490 orandum
1063 3427 1383 3492 invitaverit,
1414 3427 1540 3480 dum
1562 3429 1901 3494 ⁴offertorium
1937 3449 1966 3482 a
2002 3430 2142 3483 clero
2178 3430 2416 3483 decanta-

198 3527 285 3566 tur
303 3555 315 3576 ,
346 3513 634 3565 oblationes
670 3511 913 3581 suscipiat
947 3510 1282 3581 populorum.
1311 3509 1449 3561 Dein
1483 3510 1690 3563 rediens
1724 3510 1792 3563 ad
1816 3512 2004 3575 altare,
2032 3513 2152 3564 lotis
2176 3513 2414 3564 manibus

198 3595 395 3648 nitidus
431 3608 483 3648 et
517 3606 800 3666 purgatus»
829 3593 1003 3645 oblata
1039 3591 1104 3644 de
1140 3611 1296 3646 manu
1334 3593 1578 3664 suscipiat
1611 3592 1847 3659 diaconi,
1873 3606 1926 3646 et
1948 3613 2007 3647 ea
2043 3613 2414 3666 supercorpo-

198 3681 304 3732 rale
343 3677 596 3741 nitidum,
636 3696 747 3728 non
783 3695 847 3729 ex
884 3677 1047 3728 serico
1084 3694 1179 3728 nec
1213 3675 1377 3728 tincto
1412 3694 1623 3747 pann0,
1661 3675 1755 3729 sed
1787 3695 1850 3729 ex
1897 3677 2097 3729 mundo
2142 3677 2251 3728 lino
2288 3695 2413 3728 con-

199 3775 427 3826 textum,
468 3761 712 3813 decenter
747 3760 803 3812 in
840 3758 1051 3812 modum
1087 3759 1254 3812 crucis
1289 3759 1540 3830 imponat.
1580 3760 1864 3832 Postquam
1887 3778 2011 3813 vero
2037 3778 2224 3831 aquam
2247 3759 2303 3810 in
2328 3779 2413 3811 ca-

163 3849 171 3854 '
198 3847 293 3898 lice
318 3844 639 3898 subdiacono
666 3843 745 3896 vel
764 3842 1008 3914 acolytho
1033 3841 1454 3896 subministrante
1478 3842 1810 3896 immiscuerit
1825 3883 1838 3907 ,
1865 3854 1993 3897 tunc
2017 3842 2270 3896 diaconus
2293 3861 2410 3894 cum

260 3927 265 3931 .
1880 3930 1883 3933 ,
2239 3925 2266 3962 C

2464 1537 2530 1567 cod.
2545 1538 2565 1567 s.
2586 1543 2625 1569 ιτ.
2638 1546 2670 1567 a.
