2996 4432
476 259 493 296 -‘
542 261 633 307 160

534 356 792 410 ταλέλειπται
823 361 842 406 0‘
877 353 1061 421 πτωχός·
1087 378 1136 406 συ
1160 377 1216 405 τα
1237 354 1324 424 περι
1350 379 1423 446 της
1449 379 1639 446 σωτηριας

294 432 654 482 11.1.1ο.ι).αὐτοῧ
683 452 758 477 οικο
762 426 942 492 νομῆσεις
965 466 978 487 ,
1008 429 1076 476 ινα
1108 424 1291 477 πλουσιον
1322 426 1443 479 αὐτον
1480 451 1640 496 ποιησῃς

356 1459 389 1488 B.

397 884 426 906 v.
449 879 492 905 15.

409 1445 430 1487 f}
449 1444 494 1487 412

410 3156 438 3176 v.
453 3153 493 3177 17.

534 496 681 566 οἶγα9ἂ
715 496 929 564 οὐρανο9εν
968 518 1210 564 ωαρασχων·
1249 500 1350 547 οὕτω
1385 521 1456 548 και
1489 501 1641 567 ὀρφανῷ

533 569 654 626 αὐτος
687 572 863 629 βοηωει
899 566 1183 635 προὶστάμενος
1214 591 1281 637 και
1314 567 1538 636 ἀνατρέφων
1562 575 1640 619 αὐ-

534 638 601 690 τὸν
636 642 694 696 εἷς
725 642 812 688 υἷοῧ
841 637 970 696 τάξιν·
1006 637 1172 725 ὄρφανον
1207 640 1246 687 ἐν
1273 656 1422 695 τουτοις
1455 641 1639 699 ἐκλαβειν

534 714 594 760 δεῖ
628 733 694 761 τον
731 709 827 761 ποτὲ
867 712 1018 774 ἔχοντα
1057 732 1124 760 τον
1160 706 1320 792 πατέρα
1351 731 1418 758 τον
1456 708 1639 770 διάβολον

535 781 603 831 ὂια
629 801 789 830 κακιαν·
815 785 884 831 νῧν
918 780 960 830 δὲ
990 777 1110 831 αὐτον
1141 777 1399 840 ἀποβαλοντα
1421 779 1637 843 μετανοίας

539 873 684 920 τροπῳ·
717 849 953 937 ἄμαρτωλος
985 849 1027 900 δε
1059 874 1119 906 τις
1140 873 1205 898 και
1233 873 1280 901 πο
1265 847 1419 932 νηριῖς,7
1443 873 1547 914 μετα
1570 856 1639 902 τοῦ

537 922 661 991 ἄρθρο
664 947 687 972 υ
720 921 914 990 εἱρημενος
937 960 949 982 ,
983 919 1009 975 ἦ
1041 925 1059 970 ὃ
1087 919 1298 980 ὃιάβολοςε,
1334 942 1468 969 τουτου
1493 944 1511 969 ο
1537 925 1638 990 βρα-

536 1017 634 1059 χιων
666 991 743 1044 ὑπο
766 991 900 1060 Ἂυρῖου
924 990 1200 1079 συντριβεται
1226 1013 1292 1038 και
1316 991 1341 1042 ἦ
1364 990 1542 1056 ἁμαρτία
1567 995 1639 1040 αὖ·

535 1068 606 1116 τοῧ
643 1061 856 1128 ζητουμένη
901 1064 976 1126 οὐχ
1020 1059 1270 1130 εὑρίσκεται,
1315 1060 1465 1124 ἔχουσα
1503 1063 1547 1109 ἐν
1586 1067 1642 1128 τῷ

538 1138 813 1188 ἐπιτελεισὲαι
851 1157 895 1185 το
934 1132 1045 1188 τέλος
1086 1134 1285 1192 λαβοῦσα
1326 1133 1369 1179 οὗ
1407 1130 1483 1196 γὰρ
1523 1131 1639 1182 οὐσια

538 1204 602 1262 τίς
641 1208 749 1255 ἐστιν
793 1202 835 1255 τό
872 1202 1015 1262 κακον,
1053 1200 1165 1250 ἀλλὰ
1198 1199 1375 1255 ποιότης·
1413 1198 1482 1251 καὶ
1517 1203 1639 1258 οὕτως

540 1276 772 1328 ἐνστήσεται
805 1273 847 1326 τό
882 1271 944 1325 ἐπὶ
978 1277 1076 1324 πᾶσι
1100 1270 1232 1330 τέλος,
1264 1267 1309 1319 οὗ
1340 1268 1455 1336 χάριν
1488 1270 1543 1325 τὰ
1563 1272 1640 1321 ἄλ..

541 1353 595 1396 λα
627 1345 759 1397 πάντα
789 1343 958 1410 γέγονεν·
985 1340 1101 1397 αὐτὸς
1126 1340 1170 1391 δὲ
1202 1341 1354 1396 οὐδενὸς
1378 1342 1492 1391 ἕνεκά
1515 1345 1638 1393 ἐστιν.

620 1440 638 1460 n
674 1413 911 1465 Βασιλεῦσει
942 1411 1068 1480 κύριος
1101 1414 1158 1468 εἷς
1191 1411 1259 1462 τὸν
1297 1415 1445 1473 αἰῶνα,
1482 1410 1552 1461 καὶ
1583 1417 1638 1470 εἷς

550 1511 567 1531 »
605 1486 671 1534 τὸν
705 1489 829 1534 αἰῶνα
867 1488 934 1534 τοῦ
968 1484 1124 1539 αἰῶνος·
1155 1508 1174 1530 n
1216 1484 1267 1537 ὦς
1311 1487 1383 1538 τῆς
1424 1483 1640 1545 βασιλεὶας

540 1558 664 1606 αὐτοῦ
692 1553 748 1619 μὴ
778 1552 876 1605 εἶναι
901 1552 1035 1609 τέλος·
1060 1557 1103 1603 οὗ
1132 1553 1208 1621 γὰρ
1238 1551 1318 1601 o'fo'v
1352 1575 1395 1603 τε
1427 1552 1493 1604 τὶν
1517 1552 1639 1605 αὐτον

538 1624 612 1678 15πό
644 1623 709 1676 clu'c
739 1625 888 1693 κυρίους
919 1622 986 1673 καὶ
1016 1629 1198 1686 βασιλεῖς
1224 1622 1337 1673 εἶναι·
1363 1627 1429 1674 ὅτε
1450 1621 1640 1691 ἐκυριέυεν

540 1719 607 1746 και
647 1694 929 1757 ιξβασιλευεν<
908 1719 934 1748 η
965 1693 1171 1762 ἅμαρτια,

540 1789 633 1828 τος,
667 1790 686 1815 ο
714 1766 813 1823 9εος
845 1769 889 1815 οὐ
915 1764 1042 1832 κύριος
1062 1804 1076 1825 ,
1110 1768 1152 1814 οὐ
1183 1763 1373 1825 βασιλεὺς
1400 1787 1448 1814 το
1451 1770 1475 1813 ’ὗ
1504 1789 1641 1834 αμαρ-

539 1859 722 1893 τανοντος
754 1836 818 1890 ἦν·
853 1835 988 1888 επειδη
1018 1834 1056 1885 ὂε
1092 1840 1317 1891 ζ·ητη.9εισα
1346 1859 1372 1888 η
1400 1835 1585 1922 ρἰμαρτῖα
1615 1839 1643 1888 11

538 1907 805 1970 βασιλεύουσα
837 1912 905 1958 τοῧ
935 1907 1060 1973 ἒνεργο
1045 1929 1179 1962 υντος
1212 1903 1339 1963 αὐτην
1372 1909 1446 1970 οὐχ
1476 1904 1638 1973 εὑρέθη,

544 2003 563 2024 α
589 1976 714 2045 κύριος
748 1983 804 2035 εἷς
831 1978 895 2029 τὸν
921 1981 1046 2027 αἰῶνα
1070 1975 1276 2037 βασιλεύει
1299 1974 1365 2025 καὶ
1392 1979 1448 2032 εἷς
1480 1976 1550 2028 τὸν
1575 1980 1640 2026 αἷ-

547 2073 567 2094 »
604 2053 685 2098 ῶνα
717 2054 784 2099 τοῦ
817 2051 976 2104 αἰῶνος·
1008 2051 1226 2099 ἀπολεῖσθε
1259 2046 1360 2100 ’ἔθνη
1395 2051 1436 2096 ἐκ
1468 2052 1538 2104 τῆς
1570 2052 1641 2112 γῆς

548 2144 566 2164 »
602 2121 773 2170 αὐτοῦ.»
800 2127 836 2170 Γ
840 2124 866 2172 ἢ
899 2117 967 2170 rog
1000 2123 1101 2178 θεοῦ,
1133 2122 1160 2170 ἦ
1189 2116 1332 2184 ἀγαθὴ
1363 2115 1509 2185 καρδία
1535 2117 1642 2185 εἴρη-

541 2211 622 2239 ται·
657 2193 699 2239 ἐκ
731 2189 882 2246 ταύτης
916 2194 986 2244 τῆς
1019 2193 1095 2254 γῆς
1130 2188 1228 2242 ἔθνη
1266 2186 1514 2239 ἀπᾶλλυνται
1537 2227 1550 2249 ,
1583 2191 1640 2240 ὅτ’

538 2260 587 2308 ἂν
620 2263 794 2326 ἐκβληθῇ
825 2265 903 2311 πᾶν
938 2259 1149 2323 ἑνθυμημα
1181 2264 1305 2327 φαυλο
1309 2280 1328 2307 ν
1358 2283 1423 2308 και
1449 2258 1639 2326 λογισμος

537 2352 716 2398 πονηρος·
755 2333 856 2384 ἔθνη
893 2331 968 2397 γὰρ
1005 2354 1057 2380 τα
1090 2335 1224 2398 φαῦλα
1260 2327 1535 2392 ἒνΞυμ-ιιματα
1572 2353 1642 2379 και

538 2399 719 2469 λογισμοι
753 2399 951 2467 εὖεργεσιᾳ
987 2404 1084 2449 ,9εοῦ
1121 2397 1391 2464 ἀπολλυμενα·
1427 2403 1460 2450 εἶ
1496 2398 1539 2448 δε
1575 2423 1640 2449 και

1211 1717 1279 1744 2¹02)
1315 1716 1441 1747 αυῗην
1478 1717 1640 1745 UO‘OUV-

538 2492 610 2525 την
643 2475 716 2522 τῶν
749 2470 904 2537 (πραέων
942 2475 1016 2535 γῆν
1056 2469 1280 2522 ὃηλοῧσ9αι
1319 2493 1379 2526 τις
1415 2469 1602 2531 βουλεται
1627 2509 1639 2531 ‚

535 2564 662 2608 κυριου
699 2565 775 2609 γαρ
809 2565 875 2592 και
915 2541 1050 2601 αὕτη,
1090 2538 1343 2590 ἀωόλλυνται
1382 2543 1422 2588 ἐκ
1460 2544 1531 2596 τῆς
1569 2545 1640 2605 γῆς

542 2635 684 2667 ταυτης
719 2613 834 2663 {ev-n
871 2635 946 2667 πας
970 2634 1045 2678 γαρ
1069 2614 1091 2660 o‘
1120 2633 1354 2677 αμαρτανων
1387 2634 1450 2659 ow.
1483 2614 1640 2677 ἐπιτρε-

539 2705 714 2746 ωομενος
753 2684 811 2737 εἷς
856 2681 981 2735 αὐτην
1019 2684 1234 2742 ἀναβηναι·
1275 2679 1382 2745 μόνοι
1427 2703 1502 2747 γαρ
1538 2684 1641 2746 ἅγιοι

539 2751 888 2819 κληρονομήσουσιν
927 2752 1068 2805 αὐτήν·
1108 2774 1257 2820 ειρητοιι
1288 2751 1365 2819 γὰρ
1402 2773 1499 2818 προς
1537 2774 1642 2807 τινος

539 2822 653 2889 ocyc'cv
675 2864 687 2884 ‚
726 2845 902 2874 σιστευω
939 2828 1006 2871 tei]
1044 2826 1138 2871 ιόειν
1176 2823 1226 2873 τὰ
1262 2820 1408 2887 αγαθα
1441 2844 1565 2887 κυριου
1602 2825 1641 2870 ἓν

510 2916 592 2960 »γῃ
623 2893 792 2950 ζώντων·
828 2918 894 2943 και
926 2915 1019 2980 προς
1052 2895 1149 2943 ἄλλο
1135 2915 1172 2941 ν
1206 2894 1224 2942 o‘
1259 2892 1346 2949 Θεος
1380 2898 1501 2945 ε’·ιπεν
1541 2896 1642 2942 ἀνα-

537 2963 699 3026 βιβασω
731 2988 775 3015 σε
809 2963 872 3017 ἐπι
910 2963 963 3014 τοέ
991 2962 1138 3029 ἀγα9α
1169 2968 1250 3019 τῆς
1265 2967 1358 3029 γῆς-

621 3146 638 3166 «
669 3121 753 3173 Την
788 3119 1028 3184 ὲωιθυμιαν
1042 3126 1116 3169 τῶν
1155 3119 1328 3172 πενήτων
1366 3144 1640 3180 εισηκουσας,

547 3217 566 3236 ι
601 3213 717 3257 κυριε,
740 3215 810 3242 την
837 3213 1067 3254 ετοιμασιαν
1093 3196 1164 3245 τῆς
1165 3190 1353 3289 Οκαρόἷας
1372 3195 1501 3242 αὐτων
1522 3214 1642 3279 προσ-

549 3286 566 3306 »
604 3283 698 3325 ίσχε
744 3285 787 3311 TO
827 3285 891 3315 eug
927 3282 1008 3311 GOU‘
1031 3285 1048 3303 ὶ)
1097 3267 1295 3324 ΕΤίΑυμῑα
1342 3283 1416 3311 των
1460 3284 1640 3347 UCV'IJ‘CG'W
1694 3293 1736 3308 »11

491 3364 494 3367 ’
539 3353 713 3397 υπὪρχῑ-Ξν
755 3355 797 3380 'CO
841 3353 983 3381 wem—:tv
1022 3355 1088 3381 τον
1131 3352 1356 3398 τυραννίκως
1397 3355 1641 3399 καταγυρευ-

541 3424 674 3451 σαντα
715 3405 858 3451 αὐτων
907 3400 988 3452 ἐπει
1032 3425 1094 3450 ουν
1136 3425 1326 3468 υπηρκται
1375 3425 1500 3461 ocum,
1545 3423 1639 3453 συν-

541 3471 740 3539 τριβεντος
774 3477 841 3520 τοῧ
871 3472 1080 3540 βραχιονος
1115 3496 1183 3523 του
1205 3473 1441 3539 αμαρτωλοῧ
1463 3471 1532 3521 και1
1565 3497 1640 3525 πο-

540 3546 652 3630 νὴροῧ
675 3581 687 3599 ‚
722 3541 878 3596 εἰκότως
909 3547 995 3607 ,9εῷ
1028 3547 1082 3606 τῷ
1113 3565 1186 3598 τας
1218 3541 1428 3607 καρδιας’
1415 3542 1670 3608 επιςαμένῳ,

538 3636 607 3662 και
639 3635 682 3662 το
714 3634 883 3678 κρυπτον
917 3612 1070 3671 εἷόοτι,
1103 3614 1128 3665 ἦ
1162 3611 1361 3677 ὲπ19υμῖα
1398 3616 1525 3662 αὑτων
1563 3637 1639 3664 πε-

540 3704 794 3750 φανερωται,
828 3682 980 3747 ἐνεργὴς
1018 3680 1117 3732 οὖσα
1154 3704 1374 3750 ωροσευχη·
1416 3705 1638 3735 εισηκουσεν

539 3752 579 3801 δὲ
611 3756 736 3802 αὐτων
769 3753 788 3800 o‘
820 3775 945 3819 κυριος
967 3791 980 3810 .,
1016 3775 1258 3818 προσχοντος
1293 3777 1362 3803 του
1390 3751 1487 3821 ὦτος
1519 3757 1641 3803 αὐτοῦ

541 3828 589 3889 τῇ
620 3845 825 3887 ετοιμασιᾳ
850 3826 920 3873 τοῧ
942 3826 1165 3888 ἡγεμονικοῦ
1187 3827 1333 3876 αυτῶν·
1361 3829 1439 3879 πῶς
1463 3846 1538 3889 γαρ
1565 3827 1639 3887 οὐχ

1594 273 1755 304 mmm}

1711 359 1907 414 curabis,
1938 364 1987 402 ut
2016 372 2114 403 cnm
2144 359 2318 402 divitem
2336 361 2528 415 supernis
2557 360 2682 404 bonis
2704 361 2802 404 effi·
2843 369 2844 373 ’

1709 433 1811 474 cias.
1831 432 1899 474 Sic
1918 432 2041 474 etiam
2065 432 2261 487 orphano
2274 431 2375 486 ipse
2395 432 2638 486 auxiliatur,
2661 431 2807 487 patro-

1711 503 1857 545 cinans
1873 507 2001 558 atque
2017 503 2131 546 alens
2148 504 2191 545 in
2214 503 2289 545 filii
2308 502 2421 546 loco.
2445 503 2693 558 Orphanum
2713 504 2809 547 heic

1710 574 1944 628 intelligere
1970 579 2142 629 oportet
2163 574 2405 628 hominem,
2431 574 2505 629 qui
2525 574 2627 617 olim
2648 575 2809 618 diabo-

1709 643 1799 686 lum
1827 644 1975 686 habuit
1998 649 2171 699 *patrem
2196 645 2252 687 ob
2284 657 2403 686 suam
2437 644 2665 698 malitiam;
2691 657 2810 687 nunc

1711 727 1813 757 vero
1831 715 1955 757 illum·
1964 727 2043 770 per
2063 716 2344 770 paenitentiae
2363 727 2502 757 mores
2522 714 2694 757 abiecit.
2714 716 2811 757 Iam:

1713 786 1885 840 quinam
1914 790 2113 841 peccator
2142 788 2196 829 sit
2214 791 2256 829 et
2277 787 2527 842 improbus,
2561 786 2812 841 praesertim·

1711 857 1746 898 si
1771 857 1782 908 (
1799 868 1918 907 more
1938 868 2092 911 graeco
2117 861 2159 899 et
2181 856 2353 914 italico)
2375 870 2471 900 cum
2495 857 2674 899 articulo
2697 869 2807 911 pro-

1688 919 1689 922 ’
1710 927 1870 970 feratur
1885 959 1897 981 ,
1929 927 2009 969 nisi
2025 927 2250 970 diabolus?
2272 929 2407 972 Hu'ius
2425 928 2647 970 brachium
2668 939 2692 969 a
2714 929 2808 969 Do-

1711 998 1829 1040 mino
1860 999 2113 1051 conteritur;
2147 1002 2190 1040 et
2217 1003 2439 1052 peccatum
2462 999 2550 1040 eius
2579 997 2798 1051 conquisi-

1711 1074 1804 1112 tum
1826 1081 1915 1111 non
1937 1069 2176 1122 invenitur,
2206 1069 2306 1124 quia
2334 1070 2378 1111 in
2397 1081 2484 1124 quo
2515 1073 2709 1124 patratur
2732 1080 2805 1110 ar-

1711 1140 1867 1193 ticulo,
1891 1139 1936 1182 in
1956 1139 2107 1182 eodem
2137 1139 2309 1182 desinit:
2329 1151 2415 1181 non
2439 1140 2548 1182 enim
2577 1139 2811 1182 substantia

1711 1212 1850 1267 aliqua
1871 1215 1933 1253 est
1957 1215 2176 1266 peccatum
2187 1242 2201 1263 ,
2233 1209 2307 1253 sed
2332 1210 2522 1265 qualitas.
2548 1211 2614 1252 lta
2643 1210 2808 1252 eveniet

1712 1288 1761 1325 ut
1802 1284 1856 1325 sit
1900 1283 2073 1338 quidam
2106 1294 2326 1337 supremus
2362 1281 2457 1323 finis
2478 1312 2490 1333 ,
2526 1282 2643 1323 euius
2686 1293 2809 1323 causa

1714 1356 1856 1396 omnia
1885 1354 2020 1407 fiunt3
2054 1354 2147 1408 ipse
2178 1357 2319 1395 autem
2349 1365 2374 1394 a
2397 1351 2512 1393 nulla
2541 1364 2667 1394 causa
2695 1355 2776 1393 est.

1778 1444 1794 1460 n
1811 1425 2018 1479 Regnabit
2034 1424 2303 1466 Dominusin
2326 1426 2542 1465 aeternum
2557 1453 2570 1476 ‚
2593 1422 2695 1464 etin
2718 1434 2807 1464 sae-

1719 1516 1737 1534 »
1774 1497 1915 1539 culum
1947 1495 2102 1539 saeculi
2125 1514 2142 1531 n
2176 1495 2236 1537 ita
2264 1499 2314 1536 ut
2333 1495 2452 1548 regni
2482 1495 2570 1536 eius
2591 1493 2732 1535 nullus
2752 1491 2809 1550 vsit

1713 1567 1828 1609 finis.
1863 1569 2011 1622 Neque
2035 1567 2146 1608 enim
2174 1566 2267 1608 fieri
2286 1569 2455 1620 potest,
2476 1569 2525 1606 ut
2545 1563 2657 1606 idem
2677 1564 2813 1607 homo

1713 1638 1794 1681 sub
1815 1638 1983 1680 duobus
2002 1637 2186 1680 dominis
2205 1636 2429 1690 regibusve
2448 1636 2517 1678 sit.
2540 1636 2645 1677 Cum
2667 1634 2807 1677 domi-

1713 1709 1896 1752 nabatur
1917 1708 2209 1763 regnabatque
2230 1711 2452 1762 peccatum
2468 1737 2480 1759 ‚
2505 1707 2593 1748 eius
2611 1707 2687 1760 qui
2704 1705 2811 1748 illud

1713 1780 1910 1836 patrabat
1940 1792 2028 1821 non
2059 1782 2147 1821 erat
2175 1779 2290 1820 Deus
2321 1777 2544 1829 dominae,
2579 1778 2717 1831 neque
2735 1789 2808 1819 rex

1714 1851 1948 1907 peccatoris
1969 1849 2183 1892 audiebat.
2208 1850 2440 1903 Postquam
2459 1859 2561 1889 vero
2585 1847 2805 1901 conquisi-
2862 1838 2863 1842 ’

1713 1927 1806 1965 tum
1826 1921 1944 1977 quod
1965 1920 2262 1979 dominabatur
2278 1920 2442 1961 auctori
2460 1931 2538 1961 suo
2560 1921 2806 1973 peceatum,

1713 1994 1933 2036 inventum
1973 2005 2060 2034 non
2102 1996 2166 2034 est
2185 2022 2196 2044 ‚
2235 2010 2251 2026 (ι
2272 1990 2479 2034 Dominus
2517 1990 2562 2031 in
2593 1994 2815 2031 aeternum.

1713 2069 1863 2119 regnat
1890 2065 1996 2106 etin
2028 2063 2242 2106 saeculum
2274 2061 2666 2104 saeculi.zPeribitis
2700 2072 2808 2114 gen-

1720 2155 1737 2172 »
1771 2139 1836 2177 tes
1859 2135 1911 2177 de
1930 2139 2046 2187 terra
2065 2134 2211 2189 ipsius.
2232 2152 2249 2169 n
2276 2134 2403 2188 Terra
2425 2133 2531 2185 Dei,
2553 2144 2628 2174 cor
2647 2131 2811 2173 bonum

1714 2205 1892 2249 dicitur:
1921 2205 1973 2248 de
1994 2210 2107 2247 terra
2133 2205 2214 2247 hac
2237 2208 2380 2258 gentes
2405 2207 2583 2259 pereunt
2600 2233 2612 2256 ‚
2634 2201 2816 2257 quando-

1714 2278 1872 2320 scilicet
1891 2289 2022 2332 prava
2044 2275 2256 2331 quaelibet
2272 2277 2400 2318 animi
2421 2275 2585 2317 molitio
2611 2279 2654 2316 et
2671 2274 2816 2316 omnis

1714 2348 1824 2390 mala
1845 2347 2049 2403 cogitatio
2073 2346 2311 2400 expellitur.
2335 2347 2438 2388 Nam
2458 2345 2645 2399 gentium
2664 2345 2808 2387 nomi-

1714 2432 1768 2461 ne
1799 2419 2057 2461 denotantur
2077 2429 2207 2472 prava
2229 2417 2357 2458 animi
2384 2416 2603 2458 molimina
2625 2420 2667 2458 et
2689 2417 2817 2470 cogi-

1714 2493 1896 2534 tationes
1915 2522 1927 2544 ‚
1961 2503 2070 2546 quae
2099 2491 2191 2532 Deo
2210 2479 2375 2531 favente
2405 2484 2599 2542 pereunt.
2631 2487 2756 2540 Quod
2776 2489 2811 2529 si

1716 2564 1811 2618 quis
1829 2567 1988 2604 terram
2008 2565 2325 2603 mansuetorum
2348 2560 2444 2601 heic
2467 2558 2676 2612 designari
2698 2559 2810 2613 vult,

1715 2646 1814 2676 nam
1839 2639 1880 2676 et
1899 2634 2003 2676 baec
2024 2633 2192 2675 Domini
2214 2636 2278 2674 est
2294 2662 2306 2683 ‚
2330 2634 2512 2686 pereunt
2531 2643 2581 2672 ex
2598 2630 2678 2672 hac
2698 2634 2809 2673 terra
2831 2664 2833 2666 -

1717 2709 1874 2758 gentes:
1895 2703 2102 2761 siquidem
2120 2714 2246 2744 nemo
2263 2706 2464 2757 peccator
2479 2703 2523 2743 in
2540 2701 2651 2743 hanc
2665 2701 2835 2756 ingre--

1716 2776 1759 2818 di
1780 2777 1951 2820 sinitur:
1976 2787 2075 2817 nam
2092 2775 2225 2816 sancti
2248 2772 2544 2816 tantummodo
2579 2784 2669 2814 eam
2700 2784 2808 2829 pos7

1715 2847 1927 2889 sidebunt.
1946 2846 2116 2888 Dictum
2135 2849 2197 2887 est
2213 2845 2323 2886 enim
2341 2857 2365 2886 a
2381 2844 2567 2899 quodam
2583 2846 2731 2885 saneto
2747 2843 2815 2885 vi-

1715 2930 1765 2960 ro
1783 2932 1794 2959 2
1811 2917 1948 2960 credo
1970 2916 2111 2959 videre
2132 2916 2246 2958 bona
2264 2915 2440 2957 Domini
2461 2915 2643 2966 interra
2658 2910 2807 2957 viven-

1714 2990 1838 3031 tium.
1860 2990 1998 3043 Atque
2014 2987 2084 3029 alii
2103 2988 2215 3029 Deus
2235 2986 2362 3028 dixit:
2382 2986 2583 3028 extollam
2601 2989 2642 3027 te
2654 2984 2709 3028 ad
2725 2984 2814 3027 ho·

1715 3074 1769 3102 na
1798 3065 1952 3102 terrae.

1779 3151 1795 3167 «
1814 3130 2075 3173 Desiderium
2094 3141 2328 3184 pauperum
2351 3128 2582 3183 exaudisti,
2606 3127 2808 3170 Domine:-

1720 3221 1736 3238 ιι
1772 3202 2088 3258 praeparationi
2104 3200 2246 3243 cordis
2266 3213 2414 3243 eorum
2434 3198 2614 3240 intendit
2633 3211 2677 3240 se
2695 3197 2813 3240 auris

1773 3278 1863 3315 tua.
1887 3292 1903 3308 »
1928 3272 2191 3315 Desiderium
2209 3282 2444 3325 pauperum
2474 3269 2558 3311 fuit
2575 3300 2587 3321 ‚
2611 3273 2660 3311 ut
2688 3269 2724 3310 is
2744 3280 2817 3320 cag,

1715 3343 1864 3395 d'eret',
1908 3345 1982 3398 qui
2014 3341 2240 3397 tyrannide
2273 3341 2390 3395 ipsos
2429 3339 2665 3395 premebat.
2701 3338 2810 3390 Quia

1682 3450 1686 3459 ,
1713 3427 1816 3456 vero
1847 3413 1893 3456 id
1923 3413 2102 3472 contigit
2117 3442 2129 3465 ⁷
2153 3412 2294 3454 fracto
2312 3411 2547 3466 peccatoris
2574 3414 2700 3464 atque
2729 3410 2813 3450 im-

1713 3484 1841 3540 probi
1869 3483 2073 3536 brachie,
2109 3487 2224 3524 recte
2257 3483 2349 3537 Deo
2382 3481 2575 3539 cordium
2608 3479 2806 3533 cognito-

1711 3555 1750 3597 ri
1781 3559 1823 3596 et
1853 3565 2104 3596 arcanorum
2136 3553 2332 3606 conscio,
2366 3551 2618 3611 desiderium
2647 3562 2813 3604 paupe-

1711 3637 1807 3667 rum
1828 3623 2086 3679 patefactum
2109 3627 2171 3665 est
2191 3622 2352 3666 efficaci
2372 3619 2713 3676 precesAudivit,
2730 3633 2811 3662 au-

1711 3700 1798 3737 tem
1821 3707 1895 3737 eos
1923 3695 2158 3753 Dominus,
2192 3693 2399 3736 voluntati
2436 3693 2629 3746 ipsorum
2647 3702 2810 3732 aurem

1711 3764 1933 3820 praebens.
1966 3765 2078 3817 Quid
2108 3765 2153 3806 ni
2192 3765 2303 3806 enim
2341 3767 2534 3817 paratum
2565 3773 2645 3803 cor
2666 3760 2812 3803 -habe-

1711 3840 1806 3885 rent
1835 3836 2033 3891 propriae
2067 3835 2190 3877 saluti
2212 3864 2224 3888 ‚
2267 3834 2342 3888 qui
2381 3831 2696 3891 praedictorum
2725 3831 2811 3876 bo.-
