2944 4426
458 273 488 319 4
1169 297 1171 299 ·
1489 283 1688 321 caremus

788 364 922 387 noea·

455 375 527 426 τῆς
544 373 668 425 κακῆς
686 372 830 431 βουλης
847 390 944 435 ημιν
970 368 1211 436 διαλέγεται.
1225 369 1285 423 H
1310 374 1379 422 νῦν
1403 370 1553 433 βουλην

452 461 575 494 noea-ma
607 442 676 490 τὸν
703 438 884 502 διάβολον
910 439 1030 508 λέγει·
1057 439 1170 498 οὗτος
1193 441 1268 512 γὰρ
1291 465 1419 499 κακως
1444 444 1554 505 ἐβου-

452 501 651 571 λενσατο,
687 509 823 562 εἱπῶν·
863 510 999 562 ἐπάνω
1035 517 1111 563 τῶν
1143 512 1301 599 ἄστρων
1337 510 1453 565 θησω
1484 535 1553 564 τον

316 1082 410 1109 v.l9.

181 1114 251 1145 eod.
273 1115 295 1147 ι’.
317 1119 360 1144 14.
380 1121 408 1144 a.

311 1457 340 1480 V.
360 1454 404 1480 19.

335 2587 406 2612 v..8

173 2618 406 2649 -οοᾱηῐῐῖὴίλ

177 3596 252 3626 cod.
271 3595 294 3626 f.
316 3564 409 3627 13:¹3

450 580 592 646 θρόνον
624 604 732 644 μου,
765 605 835 630 και
867 582 1010 648 ἔσομαι
1033 605 1165 667 ομοιος
1189 607 1245 648 τῳ
1221 580 1432 648 ὑψίστῳ·
1458 585 1553 635 ἔπε-

450 649 604 701 intecto
638 649 680 701 δὲ
712 674 785 707 της
816 650 938 709 θείας
968 651 1148 719 γνώσεως
1170 691 1183 713 ,
1221 651 1450 705 καταλιπων
1481 674 1555 705 την

450 720 721 773 διδασκαλίαν
746 726 813 779 τῆς
844 723 1036 780 νεότητος·
1068 724 1157 779 ἥτις
1187 722 1321 780 νεότης
1354 721 1425 776 τὴν
1457 744 1554 789 προ-

452 790 570 857 τέραν
601 795 724 843 αὐτοῦ
751 792 1002 845 κατάστασιν
1033 797 1164 856 δηλοῖ,
1189 794 1274 842 καθ’
1305 790 1354 847 ἦν
1385 791 1454 843 καὶ
1486 801 1555 849 ζη-

449 861 580 920 λωτδς
610 858 678 917 ἦν·
711 865 745 913 εἷ
778 862 820 913 δὲ
851 862 961 921 νέους
991 862 1157 916 δύναται
1193 862 1410 920 συνετῖζειν
1449 862 1555 912 ἔνθα

451 932 555 984 πολι)
586 932 631 983 to*
665 931 868 996 ὂυσῆνιον,
900 934 956 1000 μὴ
985 932 1212 1003 παροῦσης,
1237 938 1370 999 πολλῷ
1398 937 1553 998 μᾶλλον

452 1003 656 1072 πρεσβύτῃ
688 1003 891 1073 ὠφέλιμος.

510 1078 633 1125 Ὅσοι
662 1073 1095 1140 καταλαμβανονται“
1077 1074 1151 1126 υπὸ
1188 1078 1375 1123 ἐνιαυτῶν
1412 1077 1515 1129 ζωῆς
1536 1112 1550 1133 ,

451 1143 520 1194 διὰ
565 1167 639 1197 των
675 1145 795 1213 ἔργων
841 1150 910 1201 τῆς
953 1144 1176 1209 μελλουσης
1215 1142 1374 1199 ἀειζώου
1417 1146 1515 1199 ζωης
1537 1182 1550 1205 ,

448 1213 554 1264 οὗτοι
582 1217 938 1280 καταλαμβάνουσι
972 1214 1126 1282 τριβους
1156 1212 1321 1269 ευθειας
1353 1217 1425 1269 τῆς
1449 1216 1552 1264 ἀτα-

447 1285 574 1352 ράχου
603 1309 670 1335 κοιι
705 1283 946 1336 ἀδιαστάτου
977 1290 1097 1341 ζωῆς·
1139 1288 1182 1334 οὐ
1213 1283 1552 1348 καταλαμβανον-

451 1378 519 1406 ται
550 1355 624 1408 {anci
659 1362 734 1406 τῶν
770 1360 992 1421 οἱκτειρμῶν
1030 1358 1151 1407 αὐτοῦ’
1187 1359 1239 1410 εἷς
1278 1352 1351 1410 τοὶς
1390 1353 1550 1421 τρῖβους

448 1449 524 1482 της
544 1424 690 1481 ευθεῖοις
710 1423 909 1483 ἀειζωιας.
912 1424 1205 1481 -Διωκοντας
1221 1446 1296 1492 γαρ
1311 1424 1551 1477 δικαιοσύνην

447 1499 589 1562 ἀγαπᾷ
608 1516 747 1564 κυριος·
779 1520 847 1547 και
873 1499 917 1546 οὐ
939 1520 997 1562 μη
1020 1494 1381 1579 σνγκαταλαβηται
1404 1517 1548 1552 αυτευς

444 1589 470 1619 η
493 1589 561 1616 του
582 1589 751 1634 ωονηρου
773 1566 916 1628 βουλή
942 1591 984 1618 ου
1007 1563 1367 1631 καταλαμβανουσι
1398 1563 1442 1615 δε
1467 1564 1551 1632 τρί-

444 1640 549 1697 βους
569 1635 720 1694 ευθειας
742 1643 866 1694 ζωῆς·
875 1637 964 1688 οὐδὲ
984 1661 1039 1702 μη
1058 1635 1383 1703 ἀντιστρέψουσιν
1403 1639 1461 1691 εἱς
1479 1658 1551 1687 την

446 1706 659 1769 βασιλειαν
684 1711 752 1758 τοῧ
782 1711 903 1769 θεοῦ,
939 1732 973 1759 οι
1007 1712 1061 1773 τῷ
1082 1705 1254 1772 διαβόλῳ
1289 1704 1547 1762 πεποιθότες.

1421 1850 1603 1894 GAP.

176 2047 250 2077 vood.
270 2046 291 2075 1.
313 2018 359 2077 ,11
373 2014 405 2076 ἐξ
451 1980 628 2069 Οὗτος
662 2010 966 2064 ἐπιλανθάνεται
991 2016 1058 2063 τοῦ
1082 2009 1223 2074 νόμον,
1251 2009 1271 2058 o‘
1294 2008 1350 2073 μη
1378 2007 1548 2073 νομίμως

446 2084 570 2147 βιους·
598 2081 711 2139 οὗτος
738 2082 779 2132 δὲ
811 2080 1005 2147 μέμνηται
1037 2106 1107 2134 του
1130 2079 1271 2144 νόμον,
1305 2086 1325 2129 o‘
1351 2084 1428 2136 ζων
1459 2102 1536 2130 κατ

446 2155 584 2207 αυτὲν·
623 2177 687 2203 και
729 2176 844 2209 ουτος
883 2176 987 2221 τηρει
1022 2175 1075 2204 τα
1108 2149 1273 2237 ῥηματα
1310 2173 1380 2202 του
1416 2154 1548 2209 θεοῦ,

447 2231 467 2276 o‘
519 2249 574 2291 μη
622 2224 736 2289 μόνον
786 2246 900 2275 ποιων
950 2222 1088 2282 αὐτα,
1140 2219 1248 2269 ἄλλα
1295 2243 1359 2269 και
1410 2220 1547 2275 ἄλλοις

449 2302 578 2360 συμβο
582 2293 834 2359 υλευόμενος.
869 2292 984 2349 οὗτος
1018 2292 1061 2343 δὲ
1098 2289 1318 2343 ἀπόλλυσιν
1355 2312 1495 2350 αντα,
1527 2290 1545 2339 ὅ

446 2391 504 2430 μη
537 2365 777 2433 βουλομενος
811 2363 997 2431 πράττειν
1030 2361 1161 2420 αὐτας
1186 2361 1253 2410 καὶ
1288 2359 1437 2428 ἑτέρους
1468 2383 1548 2410 κω-

446 2435 562 2487 λυων·
596 2461 639 2486 ου
669 2458 743 2502 γαρ
775 2459 808 2484 οι
842 2432 1030 2503 ἀκροαται
1065 2456 1134 2484 τευ
1172 2431 1288 2496 νόμου
1329 2429 1548 2483 δικαιωθη-

450 2531 606 2583 σονται.

512 2579 642 2633 Ἴασις
676 2576 786 2628 ἐστιν
817 2600 842 2630 η
874 2579 917 2632 ἐξ
948 2578 1088 2663 αρετῆς
1119 2594 1249 2638 υγιεια
1286 2575 1335 2638 τῇ
1371 2568 1551 2632 πολιτειᾳ

448 2668 533 2701 σου·
571 2652 597 2700 ἦ
633 2647 676 2697 δὲ
716 2671 784 2698 του
824 2650 921 2696 ,θεον
956 2667 1068 2731 χοιρις
1103 2668 1168 2692 και
1210 2641 1424 2706 ἐωιμέλεια
1460 2663 1550 2698 τοις

448 2723 650 2786 λογισμοῖς
682 2740 751 2768 σου
783 2742 849 2767 και
885 2714 1152 2779 διανοήμασιν·
1178 2717 1276 2764 ὅταν
1303 2736 1344 2762 αι
1338 2709 1551 2775 “δυνοἰμεις

448 2794 521 2845 τῆς
552 2793 690 2855 ψυχης
711 2827 724 2846 ‚
757 2787 873 2855 ἤγουν
911 2788 956 2837 αἱ
994 2783 1137 2852 ἀρετ-αι
1158 2823 1172 2845 ,
1207 2782 1440 2848 ἐωιμελειας
1479 2804 1552 2833 τυ-

447 2884 574 2926 χωσι
603 2883 646 2910 το
672 2862 888 2911 τηνικαῦτα
923 2861 978 2925 ἐρι
965 2860 1048 2907 ῧσι
1082 2876 1212 2908 παντα
1244 2853 1297 2906 τοὶ
1326 2856 1428 2904 σ’στᾶ
1457 2871 1547 2916 μου·

447 2954 549 2998 κυριε
580 2952 703 2996 κυριε,
738 2927 800 2985 τίς
832 2926 959 2992 ομοιᾶς
992 2949 1075 2986 σοις,
1105 2923 1333 2989 ἐπιμελειας
1371 2945 1446 2991 γαρ
1479 2945 1552 2971 τυ-

447 3025 581 3066 χουσα
612 3026 637 3054 η
669 3022 954 3064 μνημονευτικη
987 2995 1150 3061 δυ’ναμις
1175 3001 1244 3051 τῆς
1269 2998 1424 3059 ψυχης,
1451 3015 1553 3044 παν-

448 3093 524 3128 τως
558 3074 635 3139 ἐρει
660 3093 730 3131 το,
758 3069 962 3133 ἑμνησθην
995 3073 1063 3119 τοῦ
1093 3072 1192 3116 θεον
1220 3090 1289 3115 και
1322 3062 1550 3151 ευφρανθην·

447 3165 587 3205 ομοιως
621 3139 664 3190 δὲ
696 3163 762 3189 και
793 3143 819 3191 ἦ
849 3163 989 3191 οπτικη
1015 3138 1116 3194 λέξει
1142 3136 1211 3195 τό,
1245 3135 1469 3187 κατενόησα
1502 3155 1554 3182 τα

450 3213 549 3277 ἔργα
583 3233 672 3269 σου,
709 3233 774 3259 και
809 3208 987 3266 ἐξέστην
1022 3231 1206 3262 ωσαυτως
1239 3204 1279 3255 δὲ
1312 3229 1380 3254 και
1413 3228 1439 3256 η
1465 3207 1554 3254 ἐπι-

451 3279 664 3344 Βυμητικη·
699 3302 801 3347 κυριε
824 3317 836 3339 .,
871 3276 1046 3329 ἐναντιον
1079 3300 1148 3328 σου
1179 3281 1292 3328 πᾶσα
1314 3298 1340 3328 η
1362 3272 1553 3337 ἐσιθυμια

452 3371 540 3415 μου·
576 3354 653 3419 ἐρει
684 3350 726 3399 δὲ
757 3373 823 3399 και
853 3372 879 3401 η
910 3346 1059 3415 λογικη·
1095 3343 1375 3434 διελογισάμην
1405 3342 1553 3433 ημέρας

453 3421 644 3488 ἀρχαιας·
679 3443 780 3472 κατα
816 3425 948 3471 ταῦτα
986 3415 1236 3482 συμβήσεται
1274 3438 1337 3465 και
1377 3414 1440 3466 ἐπὶ
1479 3435 1553 3465 των

454 3493 588 3549 ἄλλων
626 3489 836 3554 ὂνναμεων.

524 3560 718 3612 Τουτεστι
738 3584 820 3616 τοις
840 3557 1090 3622 βουλομένοις
1112 3558 1219 3608 ουδὲν
1239 3555 1468 3608 decanea*
1452 3578 1554 3620 εχοι,

452 3630 636 3699 καθάπερ
666 3655 692 3684 η
726 3637 799 3682 τῶν
832 3652 1042 3695 χρηματων
1069 3626 1278 3693 ἐπιθυμια·
1305 3632 1393 3683 νοῦς
1425 3634 1556 3676 καθα-

455 3726 521 3769 ρος
558 3701 709 3769 ἑγγύζει
744 3698 877 3769 σοφιᾳ·
911 3700 1049 3752 ἑσειόη
1083 3724 1126 3750 το
1161 3705 1202 3749 εὐ
1233 3718 1424 3764 γινωσκει·
1460 3721 1477 3746 ο
1513 3694 1555 3745 δὲ

452 3771 687 3840 ἀκάθαρτος
720 3769 1055 3838 μακρυνὲησεται
1078 3773 1147 3822 ἀπ’
1179 3772 1334 3825 αὑτης..

1622 370 1793 419 animali
1812 374 1867 420 de
1892 377 2029 432 pravo
2060 373 2237 421 consilio
2257 377 2479 423 nobiscum
2505 381 2716 439 loquitur.

1621 448 1702 490 Vel
1718 456 1832 491 nuuc
1851 448 2010 493 malum
2026 449 2247 492 consilium
2265 449 2367 494 dicit
2384 451 2619 497 diabolum.
2636 453 2718 500 Hic

1621 519 1733 561 enim
1745 519 1939 575 improbe
1955 532 2097 563 secum
2115 520 2389 576 deliberavit,
2409 522 2574 567 dicens:
2591 538 2719 582 super

1621 592 1733 631 astra
1761 601 1918 645 ponam
1945 590 2151 633 thronum
2178 603 2320 634 meum
2338 622 2351 646 ,
2382 605 2542 649 eroque
2569 595 2717 640 similis

1621 659 1853 702 Altissimo.
1868 659 1960 703 'Sed
1986 659 2146 703 oblitus
2172 664 2236 704 est
2267 662 2435 706 divinae
2467 665 2718 720 agnitionis,

1624 729 1788 772 abiecta
1815 729 2124 773 adolescentiae
2152 731 2393 788 disciplina.
2422 734 2722 781 Adolescentia

1623 804 1766 842 autem
1787 799 2037 853 intelligitur
2063 802 2184 856 prior
2208 803 2298 845 eius
2317 808 2475 859 status,
2499 819 2587 862 quo
2618 807 2720 851 felix

1622 874 1727 914 erat.
1757 870 1885 923 Quod
1909 871 1946 913 si
1973 870 2261 915 adolescentes
2289 874 2510 931 disciplina
2545 877 2718 922 erudire

1622 941 1750 995 valet,
1766 954 1876 997 quae
1889 946 2003 985 aetas
2018 942 2179 999 absque
2191 942 2412 999 disciplina
2425 948 2548 990 valde
2566 953 2718 993 contu-

1621 1025 1719 1056 max
1737 1016 1824 1067 est;
1843 1013 1993 1068 utique
2012 1013 2149 1056 multo
2166 1013 2248 1056 erit
2266 1014 2414 1057 utilior
2432 1015 2596 1060 homini
2608 1020 2717 1062 seni.

1680 1083 1946 1152 Quicumque
1968 1084 2347 1139 apprehenduntur
2365 1085 2419 1128 ab
2444 1087 2566 1130 annis
2586 1088 2719 1142 vitae,

1621 1166 1700 1210 per
1730 1166 1862 1210 opera
1898 1153 2064 1197 futurae
2103 1159 2296 1198 aeternae
2327 1157 2438 1199 vitae
2457 1187 2469 1211 ,
2508 1157 2554 1200 hi
2582 1162 2722 1202 rectas

1621 1226 1790 1269 semitas
1826 1225 2045 1268 invenient
2089 1222 2422 1281 imperturbatae
2469 1230 2720 1286 quietaeque

1620 1298 1750 1340 vitae.
1781 1297 1889 1350 (Qui
1906 1299 2049 1351 secus)
2073 1297 2363 1341 misericordia
2389 1300 2470 1342 Dei
2490 1301 2580 1344 non
2602 1294 2722 1345 com-

1621 1369 1839 1424 pelluntur
1859 1369 1905 1410 in
1921 1368 2011 1411 vias
2041 1371 2179 1410 rectas
2207 1373 2401 1411 aeternae
2422 1371 2720 1415 vitae.—Nam

1621 1444 1851 1484 sectatores
1867 1439 2050 1482 iustitiae
2070 1438 2209 1493 diligit
2227 1439 2436 1482 Dominus
2452 1470 2465 1493 ,
2488 1453 2627 1497 neque
2646 1455 2722 1485 eos

1619 1511 1757 1567 capiet
1785 1510 2009 1554 consilium
2038 1510 2215 1553 malum.
2248 1510 2331 1563 Qui
2361 1515 2502 1554 autem
2523 1524 2612 1555 non
2641 1526 2722 1570 ap·-

1618 1581 1891 1638 prehendunt
1925 1585 2063 1625 rectas
2097 1581 2209 1625 vitae
2246 1582 2333 1624 vias
2351 1613 2365 1635 ,
2405 1587 2493 1625 non
2537 1595 2720 1627 conver-

1616 1657 1763 1696 tentur
1792 1652 1848 1696 ad
1877 1663 2054 1708 regnum
2083 1652 2194 1707 Dei,
2228 1653 2328 1708 quia
2366 1653 2525 1696 scilicet
2547 1653 2721 1697 diabolo

1620 1719 1864 1768 confidunt.

1663 1850 1746 1912 111,

1618 1968 1714 2057 Ille
1750 2011 2018 2055 obliviscitur
2050 2010 2183 2066 legis,
2221 2011 2295 2067 qui
2317 1980 2503 2065 legitime
2532 2023 2622 2054 non
2651 2011 2721 2054 vi-

1620 2085 1710 2127 vit:
1736 2084 1926 2127 meminit
1956 2096 2061 2126 vero
2093 2082 2225 2138 legis,
2258 2083 2333 2139 qui
2367 2095 2417 2126 ex
2447 2084 2537 2126 eius
2570 2095 2724 2126 norma
2779 2121 2788 2130 .

1620 2158 1753 2199 vitam
1775 2155 2014 2211 componit.
2037 2154 2115 2197 Ille
2135 2155 2238 2196 item
2259 2153 2389 2196 verba
2408 2154 2489 2196 Dei
2512 2153 2720 2208 custodit,

1620 2228 1697 2283 qui
1728 2240 1818 2270 non
1855 2239 1905 2269 ea
1934 2225 2233 2271 tantummodo
2265 2226 2535 2280 exsequitur,
2570 2223 2645 2266 sed
2679 2228 2738 2266 etv

1621 2299 1713 2342 aliis
1733 2298 1848 2341 idem
1881 2297 2020 2340 facere
2052 2295 2217 2338 suadet.
2254 2297 2296 2338 Is
2327 2299 2468 2338 autem
2490 2295 2621 2337 verba
2642 2295 2719 2337 Dei

1619 2369 1897 2425 pessumdat,
1927 2367 2004 2422 qui
2032 2379 2110 2409 nec
2141 2367 2231 2420 ipse
2255 2377 2305 2406 ea
2335 2364 2504 2419 exsequi
2524 2364 2646 2417 vult,
2679 2368 2723 2405 et

1595 2439 1597 2441 ’
1621 2441 1727 2483 alios
1749 2439 1921 2494 insuper
1938 2436 2135 2493 impedit.
2159 2437 2256 2478 Non
2279 2435 2391 2477 enim
2418 2433 2635 2477 auditores
2655 2433 2720 2474 le-

1621 2513 1686 2566 gis
1707 2509 2064 2553 iustificabuntur.

1681 2582 1855 2633 sanitas,
1879 2591 2008 2635 quam
2026 2578 2161 2620 virtus
2177 2575 2354 2631 praebet
2369 2606 2381 2629 ,
2399 2572 2562 2617 medela
2577 2578 2640 2621 est
2661 2573 2725 2616 vi-

1620 2659 1690 2697 tae
1707 2658 1806 2696 tuae
1823 2667 1834 2694 :
1851 2653 1910 2694 sic
1928 2651 2053 2693 etiam
2070 2649 2149 2691 Dei
2165 2648 2297 2712 gratia
2312 2650 2353 2689 et
2373 2659 2476 2689 cura
2497 2645 2724 2700 cogitatio-

1622 2725 1747 2767 nibus
1780 2723 1867 2767 tuis
1895 2726 1938 2764 et
1965 2719 2166 2764 consiliis.
2196 2718 2302 2762 Cum
2327 2717 2491 2759 animae
2518 2717 2654 2770 vires,
2678 2715 2725 2758 id

1623 2800 1686 2838 est
1718 2796 1895 2837 virtutes
1911 2823 1924 2847 ,
1956 2789 2143 2835 divinam
2168 2801 2314 2831 curam
2335 2787 2513 2831 sortitae
2532 2786 2692 2838 fuerint
2705 2817 2718 2838 ‚

1622 2872 1726 2910 tunc
1763 2865 1907 2908 omnia
1947 2875 2042 2905 ossa
2068 2873 2163 2903 mea
2209 2859 2374 2902 dicent:
2412 2857 2593 2901 Domine
2628 2847 2726 2912 quis
2761 2873 2767 2883 ι

1624 2939 1768 2981 similis
1796 2941 1860 2979 est
1889 2933 2001 2977 tibi?
2027 2934 2134 2975 Nam
2168 2931 2314 2974 divino
2341 2929 2551 2986 praesidio
2586 2929 2725 2983 impe-

1623 3015 1664 3052 ti
1666 3015 1766 3062 ato
1802 3005 2058 3050 memorialis
2092 3002 2273 3046 facultas
2311 3001 2475 3044 animae
2495 3033 2507 3050 ‚
2548 3009 2726 3054 prorsus

1625 3082 1764 3124 dicet:
1797 3089 1961 3120 memor
1980 3076 2045 3118 fui
2064 3075 2169 3128 Dei,
2190 3078 2234 3116 et
2258 3062 2411 3117 laetata
2431 3061 2541 3114 sum
2573 3069 2726 3112 Simili-

1623 3157 1690 3194 ter
1707 3148 2038 3204 contemplativa
2056 3145 2238 3189 facultas
2260 3143 2396 3186 dicet:
2417 3141 2604 3184 intellexi
2625 3152 2727 3195 ope-

1624 3237 1672 3267 ra
1701 3227 1774 3265 tua
1793 3253 1805 3274 ,
1838 3225 1881 3263 et
1911 3219 2130 3274 obstupui.
2171 3215 2455 3258 Desiderativa
2491 3224 2624 3267 aeque
2654 3210 2722 3252 di-

1626 3299 1723 3338 cet:
1768 3293 1950 3336 Domine
1970 3321 1982 3344 ‚
2028 3301 2176 3332 coram
2213 3291 2256 3329 te
2298 3298 2424 3328 omne
2469 3281 2725 3326 desiderium

1625 3376 1784 3409 meum.
1802 3363 1998 3417 Denique
2019 3358 2239 3403 rationalis
2268 3357 2449 3400 facultas
2464 3349 2607 3397 dicet:
2642 3362 2721 3392 co-

1626 3435 1758 3491 gitavi
1788 3433 1878 3476 dies
1908 3431 2122 3486 antiquos.
2155 3428 2357 3485 Reliquae
2395 3425 2552 3481 pariter
2580 3420 2719 3462 facul-

1626 3511 1733 3549 tates
1762 3505 1821 3547 ita
1849 3515 1893 3545 se
1925 3505 2090 3557 gerent.

1686 3574 1919 3631 Sapientiae
1945 3571 2145 3614 studiosis
2167 3569 2273 3612 nihil
2291 3567 2515 3610 molestum
2534 3530 2643 3616 erit,
2669 3563 2724 3604 si-

1628 3651 1700 3690 cut
1741 3646 1869 3688 etiam
1910 3645 1954 3686 in
1992 3641 2199 3697 pecuniae
2239 3637 2464 3692 cupiditate
2507 3633 2719 3676 usuvenit.

1628 3720 1746 3761 Mens
1773 3727 1882 3772 pura
1903 3713 2165 3770 propinquat
2196 3707 2442 3765 sapientiae,
2472 3705 2570 3760 quia
2604 3703 2748 3759 quod¹

1628 3790 1792 3833 bonum
1808 3791 1871 3829 est
1884 3785 2111 3839 dignoscit.
2121 3783 2418 3825 Verumtamen
2431 3777 2597 3832 impura
2607 3774 2727 3818 mens

1632 3859 1832 3915 sapientia
1851 3854 2006 3912 procul
2035 3852 2187 3906 aberit.
