2996 4432
391 3310 420 3331 V.

483 231 574 279 168

448 327 677 414 διάλεξις,
715 329 831 386 ὂηλε“
791 348 889 376 υσα
926 326 977 381 ὥς
1020 327 1086 387 ουκ
1122 327 1179 381 εἰς
1216 322 1382 377 ain-onom
1427 330 1574 385 τινῶν,

473 400 564 448 ἀλλ’
618 400 660 446 ἐν
714 400 764 462 τῇ
813 396 963 445 ἑαυτῶν
1009 392 1212 483 καρδιᾳη
1215 393 1319 462 λέγει
1369 418 1426 461 μη
1477 389 1578 445 εἰναι

472 467 587 519 ἓεὸν·
630 469 716 534 3⁰3ss
758 488 837 534 γαρ
879 468 941 516 ὅτι
979 467 1103 521 οὐόεις
1148 463 1313 531 ἐδέχετο
1359 488 1448 521 τους
1491 488 1577 553 περι

474 539 667 609 ἀρνησεως
703 541 802 587 θεοῦ
837 534 991 604 λόγους·
1037 534 1198 587 σάντων
1243 536 1388 602 σχεόδν
1426 533 1581 603 ἀνθρώ-

474 632 564 661 &mv
602 607 861 677 ἀδιαστρΰφῦν
899 629 972 661 την
1011 627 1100 674 περὶ
1135 611 1235 656 θεοῦ
1266 608 1418 657 ἔννᾶῐαν
1463 628 1582 671 excv-

479 702 556 732 των
598 682 662 745 1).

538 823 662 910 ’Έχει
685 821 836 875 πολλην
869 819 1089 875 οἱκειότητα
1114 844 1134 869 ο
1160 824 1311 908 πρῶτος
1338 816 1500 883 στῖχος,
1532 821 1585 874 ὡς

483 893 692 971 εἰρημένος
714 914 802 961 περι
826 890 1030 953 ὃιαβᾶλου·
1064 890 1131 941 καὶ
1155 890 1233 958 γὰρ
1264 893 1385 939 ἐκεινο
1390 913 1408 945 ς
1435 891 1477 939 οὗ
1510 910 1585 939 τινι

481 965 509 1022 ἦ
535 986 635 1016 τισιν
661 969 785 1024 εἰπεν,
809 965 901 1012 ἀλλ’
926 964 965 1010 ἒν
989 960 1139 1023 διανοία
1163 965 1213 1027 τῇ
1237 959 1377 1009 ἑαυτοῦ
1409 961 1496 1015 «εἰς
1520 979 1590 1009 τον

487 1058 515 1084 )>
549 1032 711 1103 οὐρανον
743 1032 1037 1096 ἀναβήσομαι,
1071 1028 1204 1081 ἐισανω
1241 1052 1316 1082 των
1355 1051 1486 1096 αςρων
1524 1033 1607 1079 τοῦ-

488 1126 515 1156 »
550 1109 712 1188 οὖρανοῧ
743 1102 851 1157 θησω
882 1102 950 1154 τον
979 1099 1120 1189 θρόνον
1151 1123 1255 1164 μου,
1290 1100 1436 1163 ἔσομαι
1467 1100 1594 1163 ομοιος

489 1198 516 1226 »
554 1182 610 1242 τῷ
632 1174 804 1241 ὑψίστῳ·
819 1197 843 1223 ))
879 1177 1011 1259 ὥσπερ
1040 1193 1133 1259 γαρ
1147 1171 1166 1221 ὅ
1198 1173 1338 1236 γνῶσιν
1371 1169 1476 1234 ἔχων
1507 1173 1595 1219 θεοῦ

487 1251 595 1314 τηρεῖ
633 1246 702 1296 τὸν
734 1245 851 1311 λογον
887 1246 1031 1302 αὐτοῦ,
1068 1264 1136 1292 και
1168 1263 1242 1296 τας
1280 1239 1439 1296 ἐντολὰς
1474 1242 1596 1289 αὐτοῦ

490 1341 548 1374 εις
572 1338 668 1384 εργα
690 1313 961 1381 μεταβάλλει,
988 1314 1089 1362 οὕτω
1115 1315 1193 1367 τᾶς
1226 1309 1490 1396 ἇ(ιαρτοἰνων,
1516 1333 1596 1376 αγ-

488 1392 583 1438 νοῶν
616 1385 702 1435 θεον
737 1387 792 1440 εἰς
824 1389 937 1435 τοῦτο
964 1382 1142 1450 ἔρχεται·
1170 1379 1308 1466 γράφει
1346 1403 1461 1466 70qu
1459 1381 1597 1430 Ἰωάν-

490 1482 559 1514 νης
581 1480 632 1512 ως
656 1460 736 1512 πᾶς
760 1455 780 1503 o‘
805 1454 1063 1523 ἁμαρτάνων,
1097 1472 1249 1519 μακραν
1273 1455 1361 1502 ἐστι
1391 1455 1463 1502 τοῦ
1492 1450 1598 1516 ἔχειν

489 1549 635 1595 γνωσιν
666 1529 779 1575 θεοῦ·
813 1526 863 1582 ὦς
895 1546 972 1580 ποις
1002 1547 1022 1573 ο
1054 1521 1291 1590 ἁμαρτάνων
1324 1546 1398 1587 ουχ
1437 1519 1599 1590 ἑωρακεν

492 1596 633 1650 αὐτόν·
668 1594 841 1658 ἐκβαλων
871 1616 948 1663 γαρ
980 1592 1056 1646 ἀπο
1094 1597 1168 1650 τῆς
1206 1597 1339 1661 ψυχῆς
1372 1614 1443 1645 την
1475 1594 1600 1659 apozi-

494 1691 648 1733 χουσαν
678 1689 748 1716 και
770 1664 1063 1728 βασιλεύουσαν
1088 1686 1163 1716 των
1187 1666 1342 1752 ἀρετῶν
1367 1661 1598 1724 εὐσέβειαν,

494 1736 863 1831 συναναχωροόσας
891 1739 964 1786 αὐτ
968 1740 993 1802 ᾖ
1030 1735 1112 1799 ἕχει
1150 1733 1224 1790 τὰς
1262 1733 1421 1802 οἷρετας·
1459 1736 1520 1786 ὅτι
1558 1733 1601 1786 δε

494 1812 595 1863 αὕτη
628 1809 653 1862 ἦ
687 1807 819 1864 νόησις
844 1808 1033 1896 ἔρρωται,
1058 1809 1215 1858 δῆλον’
1200 1827 1248 1853 αν
1271 1803 1421 1870 γένοιτο
1454 1806 1496 1854 ἐκ
1528 1810 1602 1856 τῶν

495 1877 771 1947 γεγραμμένων
807 1901 902 1945 περι
940 1899 1016 1929 των
1053 1873 1147 1926 υἶων
1182 1872 1318 1926 Ἡλεί·
1355 1878 1420 1925 οὐκ
1457 1874 1604 1934 εἰὂὸτες

495 1949 573 2018 γὰρ
614 1948 716 2002 οὑτοι
760 1971 828 2002 τον
871 1968 1028 2016 κυριον,
1073 1943 1203 2010 λοιμοι
1245 1943 1551 2012 ἀσοόεδειγμενο
1555 1969 1566 1994 ι
1589 1986 1603 2009 ,

495 2019 757 2088 ἧμάρτανον,
796 2023 951 2085 μᾶλλον
996 2017 1040 2068 δὲ
1083 2016 1249 2080 ἠσέβουν
1293 2039 1388 2082 ωερι
1434 2015 1504 2069 triv
1543 2019 1605 2066 ἱε-

498 2113 713 2159 ρουργιαν,
760 2089 1059 2178 διαφθείροντες
1090 2090 1128 2138 ἓν
1167 2087 1478 2152 ἑωιτηδευμασιν
1522 2092 1606 2144 τοῖς

502 2167 578 2218 τῆς
620 2158 861 2227 νομοθεσιας
908 2183 951 2211 τε
992 2157 1059 2210 καὶ
1095 2156 1343 2221 θεοσεβείας.
1382 2155 1510 2223 Λῆψῃ
1556 2156 1610 2210 τὰ

500 2255 737 2301 προκειμενα
772 2255 841 2281 και
880 2235 933 2287 εἰς
971 2254 1024 2281 τα
1061 2230 1101 2279 ἓν
1137 2227 1307 2295 Ἱερεμῖᾳ
1351 2226 1609 2295 ἐπαγγελλέ-

503 2325 603 2366 μενα
635 2306 772 2360 ουτως·
812 2323 836 2352 ((
863 2300 974 2357 τόκος
1014 2299 1080 2353 ἐπι
1117 2320 1260 2358 τοκον,
1299 2297 1407 2355 δόλος
1444 2297 1509 2350 ἐπι
1542 2297 1611 2348 60¹-

509 2395 535 2421 ³>
570 2379 649 2423 λον·
689 2372 837 2429 πάντες
868 2375 1099 2437 μοιχῶνται·
1135 2369 1294 2425 συνοδος
1337 2368 1607 2420 &ambutem-

511 2464 536 2492 ιι
573 2446 680 2494 ὅτι’
666 2466 706 2492 εκ
741 2464 867 2494 κακων
901 2446 954 2498 εἷς
990 2464 1092 2490 κακα
1122 2443 1270 2498 ἐξῆλθε
1274 2461 1294 2488 ν
1316 2479 1329 2500 ,
1365 2437 1433 2505 ἐμὲ
1466 2437 1510 2489 δὲ
1547 2463 1613 2489 ουκ

511 2537 538 2562 ))
573 2515 767 2581 ᾔδεισαν,
801 2510 907 2578 λεγει
936 2532 1080 2599 κυριος·
1111 2536 1128 2555 n
1167 2514 1246 2566 πῶς
1283 2510 1360 2577 γὰρ
1396 2512 1461 2558 οὐκ
1493 2509 1613 2574 ’ἐμελ-

507 2591 574 2635 λον
623 2583 785 2650 ἄγνοιαν
836 2585 935 2634 &sev
984 2581 1145 2647 ἔχοντες
1167 2620 1180 2642 ,
1232 2578 1464 2647 παραβάται
1514 2585 1613 2630 εἰναι

509 2660 586 2706 τῶν
622 2653 748 2742 νόμων
786 2657 941 2705 αυτοῦ·
929 2694 942 2713 ,
990 2675 1125 2704 ταυτα
1168 2649 1347 2701 καθολου
1393 2649 1615 2717 θεωρευμε-

509 2749 560 2775 να
611 2723 750 2776 &efflet
801 2723 867 2774 διὰ
915 2720 1073 2789 μνήμης
1122 2722 1232 2786 ἔχειν
1281 2719 1415 2782 θεον,
1467 2743 1533 2770 ινα
1576 2723 1615 2772 ἐν

511 2797 818 2858 ἐπιτηδευμασιν
855 2791 1049 2846 ἑπαινετοι
1086 2793 1424 2857 αποόειχὲὦμεν,
1459 2789 1618 2859 ἀφθαρ-

511 2878 567 2930 τῲ
603 2864 789 2935 προθέσει
826 2886 934 2915 αυτα
967 2861 1283 2929 μεταδιωκεντες·
1330 2884 1356 2911 (ε
1382 2864 1470 2913 Ome
1507 2862 1618 2913 ἔστιν

512 2938 531 2985 ὃ
568 2941 685 2988 ποιῶν
730 2933 990 3005 χρηστότητα
1034 2958 1100 2983 ουκ
1136 2934 1245 2984 ἔστιν
1278 2934 1352 2989 ἕως
1393 2933 1475 2988 ἑνός
1501 2953 1526 2981 ν)
1580 2936 1619 2983 ἐν

512 3010 597 3064 τοῖς
635 3010 930 3073 βδελυχθεισιν
968 3009 1025 3070 τῷ
1060 3003 1301 3090 ὃιαφθεῖρειν
1333 3008 1372 3052 ἐν
1405 3028 1486 3060 τοις
1525 3006 1620 3054 ἐσι-

514 3075 787 3142 τηὸευμασιν,
821 3075 947 3133 ευόεις
987 3098 1107 3127 ωοιων
1145 3073 1404 3142 χρηστότητα
1442 3097 1618 3142 ευρισκε-

516 3169 596 3197 ται·
630 3146 784 3204 πάντες
814 3170 891 3216 γαρ
924 3144 1021 3196 εἰσιν
1053 3170 1101 3198 πο
1085 3167 1206 3212 νηροι
1228 3184 1241 3205 ,
1275 3149 1413 3197 πᾶσαν
1445 3144 1621 3213 χρηστό-

518 3241 621 3271 τητα
661 3217 930 3282 ἒκτμηθὲντες
969 3215 1034 3266 διὰ
1077 3213 1331 3301 σκληρότητα
1366 3215 1549 3281 καρδίας.

593 3310 617 3335 <c
640 3287 760 3356 Κυριο
766 3312 784 3344 ς
822 3290 864 3336 ἐκ
901 3292 970 3337 τοῦ
1004 3309 1138 3353 ουρανο
1122 3310 1165 3336 ,υ
1201 3287 1378 3350 διέκυψεν
1419 3284 1485 3336 ἑωι
1532 3309 1622 3343 τευς

526 3379 550 3407 n
587 3357 690 3414 υἱοὺς
723 3363 799 3409 τῶν
831 3356 1073 3423 ἀνθρώωων,
1108 3361 1177 3408 τοῦ
1207 3360 1307 3406 ἲόεἶν
1342 3359 1373 3404 εἷ
1408 3357 1519 3407 ἔστιν
1553 3380 1623 3407 συ-

524 3451 551 3477 »
586 3432 674 3478 νιῶν
711 3425 737 3480 ἦ
775 3432 940 3484 ἐκζητῶν
979 3448 1044 3478 τον
1082 3426 1195 3477 θεόν·
1225 3449 1249 3475 ))
1301 3429 1367 3482 τῆς
1411 3424 1625 3491 οέσωματου

521 3522 657 3554 ουσιας
694 3521 770 3562 ουχ
807 3496 1057 3587 ὑποκειμένης
1095 3502 1354 3566 περιγραφαῖς
1389 3520 1455 3546 και
1495 3519 1625 3548 τοπων

522 3571 782 3638 διατριβαῖς,
817 3570 851 3618 εἴ
864 3571 968 3619 ποτ’
1000 3590 1064 3618 ιυν
1097 3590 1183 3635 περι
1217 3572 1305 3617 θεου
1337 3565 1514 3634 λέγοιτο,
1549 3591 1627 3624 πω,

523 3639 771 3708 υπάρχοντος
810 3640 850 3688 ἐν
888 3639 996 3702 τόπῳ
1030 3638 1056 3691 ἲ)
1094 3642 1136 3695 ἐξ
1175 3638 1307 3706 ἑτέρου
1338 3635 1363 3690 ἢ
1401 3660 1457 3694 εις
1497 3642 1627 3705 ἕτερον

1536 240 1698 273 murm

1648 327 1783 372 homo
1819 330 2052 374 naturalem
2082 329 2313 373 sollertiam
2329 329 2508 373 retineat
2523 360 2536 383 ,
2568 328 2751 375 demon-

1650 404 1755 444 strat
1772 400 1936 444 locutio
1967 413 2075 457 quae
2097 402 2156 444 ait
2173 431 2186 454 ‚
2211 413 2308 443 eum
2330 412 2419 443 non
2444 399 2499 443 ad
2528 413 2650 444 aures
2677 402 2756 444 ali-

1653 483 1837 527 quorum
1855 503 1867 526 ,
1891 472 1966 515 sed
1985 474 2098 516 intra
2119 470 2194 515 cor
2215 485 2337 514 suum
2360 471 2499 514 dicere
2518 503 2529 526 ,
2551 485 2637 515 non
2661 485 2750 515 esse

1651 542 1814 596 Deum3
1847 548 2025 587 noverat
2043 545 2155 586 enim
2182 544 2389 586 neminem
2420 555 2645 598 passurum
2675 555 2755 586 au-

1655 612 1746 669 dire
1777 608 2013 656 orationem
2044 627 2152 669 quae
2190 615 2328 657 Deum
2365 617 2491 668 neget
2509 627 2521 667 3
2556 613 2753 669 quando-

1658 683 1833 739 quidem
1874 686 2018 728 cuncti
2056 685 2372 741 propemodum
2407 685 2628 738 homines,
2672 683 2752 727 fir-

1657 766 1771 800 mam
1800 754 1853 797 de
1882 756 1977 798 Deo*
2008 757 2254 812 opinionem
2282 757 2458 799 habent.

1719 825 1858 869 Habet
1870 827 2048 870 multam
2065 828 2225 883 primus
2238 828 2308 871 hic
2325 826 2553 870 versiculus
2568 826 2764 870 adfinita-

1660 900 1748 939 tem
1766 908 1863 939 cum
1877 896 1953 939 illo
1970 898 2115 952 quide
2130 897 2302 941 diabolo
2321 897 2460 941 dictus
2475 897 2572 940 fuit.
2595 899 2703 940 Nam
2721 900 2764 938 et

1664 967 1860 1011 diabolus
1875 980 1963 1011 non
1979 968 2109 1011 alicui
2123 969 2192 1010 vel
2207 968 2522 1026 aliquibus,sed
2533 969 2646 1010 intra
2660 979 2767 1023 pro-

1664 1039 1801 1095 priam
1813 1042 1997 1082 mentem
2012 1039 2153 1082 aiebat
2168 1053 2179 1081 ε
2206 1058 2223 1075 «ι
2236 1040 2279 1082 in
2291 1039 2451 1083 caelum
2465 1038 2763 1088 conscendam,
2831 1061 2832 1065 =

1673 1128 1690 1145 n
1725 1122 1854 1165 super
1869 1114 1979 1152 astra
2004 1110 2107 1153 caeli
2128 1110 2333 1153 thronum
2354 1123 2494 1161 meum
2515 1109 2736 1153 collocabo
2749 1140 2762 1162 ,

1674 1197 1691 1214 ι»
1726 1179 1870 1222 similis
1889 1192 1964 1222 ero
1983 1180 2216 1223 Altissimo.
2235 1199 2251 1217 ι»
2280 1180 2387 1223 Nam
2409 1180 2532 1222 sicuti
2549 1180 2623 1234 qui
2638 1180 2770 1222 scien·-

1667 1250 1770 1294 tiam
1788 1251 1918 1294 habet
1935 1252 2031 1305 Dei,
2047 1251 2246 1294 observat
2262 1250 2392 1293 verba
2404 1251 2510 1303 eius,
2527 1254 2569 1292 et
2584 1249 2771 1293 eiusdem

1669 1326 1898 1377 praecepta
1913 1322 1960 1364 in
1980 1334 2072 1365 rem
2091 1321 2258 1364 confert
2271 1351 2283 1374 ,
2305 1321 2366 1364 ita
2383 1321 2576 1376 quisquis
2593 1324 2740 1375 peccat
2755 1350 2768 1372 ,

1669 1392 1769 1435 ideo
1789 1393 1889 1448 quia
1909 1394 2045 1435 Deum
2057 1393 2244 1448 ignorat,
2261 1392 2322 1434 sic
2339 1392 2438 1446 agit.
2460 1391 2614 1433 Scribit
2627 1391 2772 1445 itaque

1671 1465 1906 1507 Iohannes:
1936 1456 2195 1519 quicumque
2218 1468 2389 1518 peccat,
2422 1463 2550 1516 longe
2581 1462 2700 1505 abest
2727 1465 2774 1503 ut

1671 1536 1750 1578 Dei
1765 1536 1983 1578 scientiam
2007 1535 2236 1591 possideat.
2258 1535 2392 1589 Item,
2423 1534 2499 1588 qui
2516 1537 2661 1589 peccat
2687 1544 2774 1576 non

1671 1606 1780 1649 vidit
1795 1607 1935 1650 illum.
1953 1607 2130 1650 Eiicieus
2148 1607 2259 1648 enim
2277 1618 2327 1648 ex
2343 1606 2482 1648 anima
2503 1604 2775 1659 praecipuam

1673 1678 1949 1733 reginamque
1970 1678 2175 1720 virtutum
2190 1676 2456 1731 religionem,
2473 1674 2686 1718 discedere
2702 1686 2778 1729 pa-

1674 1749 1778 1791 riter
1801 1761 1900 1792 cum
1917 1748 1991 1791 illa
2012 1749 2228 1804 experitur
2253 1748 2448 1790 virtutes.
2483 1745 2609 1799 Quod
2638 1749 2778 1788 autem

1675 1820 1882 1865 sententia
1897 1819 2003 1862 haec
2019 1819 2145 1862 firmo
2166 1818 2325 1861 nitatur
2341 1817 2482 1860 fulcro
2496 1847 2508 1870 ‚
2530 1829 2579 1858 ex
2597 1816 2649 1858 iis
2669 1827 2778 1870 quae

1677 1891 1774 1933 Heli
1794 1890 1939 1933 liberis
1955 1890 2204 1933 aeciderunt
2221 1892 2404 1931 constat.
2422 1888 2613 1942 Namque
2626 1886 2671 1928 hi
2693 1887 2780 1928 Do-

1677 1963 1841 2004 minum
1867 1961 2102 2004 nescientes
2117 1989 2131 2015 ,
2165 1962 2385 2002 evaserunt
2420 1958 2613 2014 pessimi,
2650 1958 2780 1999 immo

1678 2046 1832 2076 munus
1854 2032 2114 2076 sacerdotale
2136 2031 2271 2087 impie
2292 2034 2532 2085 gesserunt,
2561 2029 2716 2083 legalia
2738 2032 2780 2070 et

1679 2104 1877 2159 religiosa
1900 2103 2045 2146 officia
2059 2103 2178 2148 ,male
2198 2106 2444 2145 tractantes.
2476 2103 2690 2145 Hactenus
2711 2100 2781 2144 di-

1682 2180 1749 2219 cta
1770 2187 2002 2231 cognosces
2022 2175 2146 2218 etiam
2167 2161 2483 2230 comparatione
2505 2184 2654 2216 eorum
2675 2184 2783 2228 quae

1683 2247 1798 2302 apud
1813 2247 2066 2289 Hieremiam
2084 2245 2307 2288 dicuntur:
2340 2263 2356 2280 α
2375 2244 2528 2298 foenus
2545 2232 2671 2297 supra
2690 2241 2783 2284 foe-

1690 2337 1706 2353 ·
1742 2330 1822 2360 nus
1837 2348 1848 2370 ‚
1864 2317 1989 2360 dolus
2005 2329 2135 2371 supra
2152 2315 2318 2358 dolum:
2339 2326 2484 2358 omnes
2499 2313 2781 2355 fornicantur:

1691 2409 1707 2425 n
1744 2388 2080 2432 conciliabulum
2113 2386 2450 2429 contumacium:
2495 2384 2700 2440 quoniam
2733 2383 2785 2426 de

1693 2480 1709 2497 ι»
1746 2460 1857 2503 malo
1879 2460 1924 2502 in
1943 2459 2101 2502 malum
2124 2458 2310 2513 prolapsi
2329 2461 2444 2510 sunt,
2462 2450 2506 2499 et
2527 2469 2595 2498 me
2616 2457 2787 2510 ignora-

1676 2552 1710 2569 νι·
1745 2536 1921 2585 verunt,
1944 2531 2049 2574 dicit
2068 2531 2291 2573 Dominus.
2311 2549 2331 2568 »
2360 2530 2442 2582 Qui
2460 2529 2574 2571 enim
2594 2528 2686 2570 fieri
2708 2540 2787 2583 po-

1687 2607 1823 2656 terat,
1845 2606 1894 2645 ut
1910 2604 2043 2644 Deum
2072 2602 2344 2659 ignorantes,
2372 2604 2700 2653 transgressores
2725 2598 2789 2640 le-

1689 2666 1896 2728 gumvei'us
1912 2685 1997 2715 non
2017 2671 2265 2714 evaderent?
2283 2672 2398 2714 Haec
2415 2670 2575 2713 sibene
2592 2668 2789 2715 conside-

1688 2748 1838 2787 rentur
1851 2777 1862 2799 ,
1885 2744 1964 2786 Dei
1982 2743 2228 2786 memoriam
2258 2743 2435 2785 retinere
2455 2740 2694 2784 suadebunt
2710 2771 2722 2790 ‚
2736 2744 2791 2782 —ut

1689 2815 1891 2858 laudabili
1905 2815 2017 2857 vitae
2033 2826 2185 2869 genere
2203 2814 2264 2856 uti
2281 2812 2512 2864 videamur,
2529 2824 2654 2854 sanae
2671 2823 2791 2854 men-

1690 2888 1745 2929 tis
1774 2886 2000 2942 proposito
2015 2885 2060 2928 id
2075 2889 2299 2930 sectantes.
2336 2902 2354 2920 «
2369 2883 2466 2926 Non
2483 2887 2546 2924 est
2572 2883 2646 2938 qui
2668 2882 2792 2925 faeiat
2851 2879 2854 2883 ’

1699 2979 1714 2997 n
1750 2958 1913 3001 bonum
1930 2988 1942 3011 ,
1962 2969 2051 2999 non
2069 2961 2133 2999 est
2145 2968 2279 3010 usque
2296 2954 2350 2997 ad
2365 2958 2513 2996 unum.
2536 2973 2552 2990 υ
2581 2955 2697 2996 Inter
2720 2966 2793 2996 eos

1693 3030 1770 3086 qui
1803 3027 2096 3071 abominandis
2125 3026 2275 3070 studiis
2314 3030 2445 3078 semet
2478 3025 2789 3080 impiaverunt,

1695 3102 1768 3156 qui
1788 3100 1893 3143 boni
1914 3098 2077 3154 aliquid
2094 3099 2219 3140 faciat
2235 3109 2362 3140 nemo
2387 3096 2665 3151 comperitur.
2689 3096 2793 3139 Om-

1695 3184 1769 3215 nes
1792 3171 1903 3212 enim
1929 3169 2106 3224 reprobi
2124 3173 2224 3211 sunt
2241 3200 2252 3221 ‚
2276 3180 2531 3222 omnemque
2562 3166 2794 3209 bonitatem

1696 3241 1753 3284 ob
1789 3253 1907 3283 suam
1938 3239 2080 3282 cordis
2110 3239 2310 3281 duritiem
2341 3238 2596 3280 abiecerunt.

1755 3331 1777 3347 x«
1801 3311 2009 3355 Dominus
2040 3309 2092 3351 de
2122 3309 2240 3351 caelo
2277 3309 2492 3364 prospexit
2527 3320 2655 3362 super
2684 3307 2794 3349 filios

1705 3401 1721 3418 ι
1756 3382 1981 3424 hominum
2003 3410 2015 3433 ,
2048 3384 2096 3422 ut
2127 3379 2265 3422 videat
2298 3391 2350 3421 an
2378 3380 2434 3420 sit
2462 3378 2699 3439 intelligens
2730 3377 2797 3418 vel

1707 3473 1722 3490 υ
1758 3441 1980 3508 requirens
1997 3452 2151 3494 Deum.
2172 3470 2188 3486 ι»
2212 3450 2353 3503 Quum
2375 3450 2631 3504 incorporea
2647 3451 2798 3489 natura

1699 3537 1839 3581 neque
1868 3521 2335 3577 circumscriptionibus
2365 3519 2551 3581 obnoxia
2574 3520 2630 3562 sit
2659 3530 2797 3572 neque

1699 3595 1896 3638 locorum
1926 3585 2244 3645 mansionibuS,
2277 3592 2312 3635 si
2349 3592 2461 3634 Deus
2497 3587 2721 3644 aliquando
2753 3588 2798 3628 in

1700 3668 1799 3710 loco
1832 3678 1923 3708 esse
1943 3664 2129 3718 dicatur,
2154 3664 2222 3706 vel
2242 3662 2293 3705 de
2316 3663 2413 3705 loeo
2432 3663 2474 3703 in
2496 3661 2638 3705 locum
2658 3663 2798 3700 traus-

603 3774 632 3816 ί)
654 3774 855 3808 Adnotemus
877 3772 1010 3814 Didymi
1034 3772 1158 3805 dictum
1184 3773 1225 3805 de
1247 3772 1424 3805 universali
1450 3773 1621 3805 hominum
1648 3779 1807 3805 consensu
1834 3755 1921 3803 circa
1949 3769 2009 3802 Dei
2037 3769 2256 3802 existentiam.
2291 3769 2371 3801 Item
2397 3774 2472 3798 mox
2501 3763 2645 3797 eiusdem
2669 3761 2802 3803 Didymi

524 3828 684 3871 effatum:
702 3829 899 3870 praecipua
920 3827 954 3859 ee
981 3827 1105 3868 reqina
1131 3828 1307 3859 virtutum
1337 3826 1461 3868 reliqt‘o
1489 3828 1562 3865 cest,-
1594 3833 1666 3867 qua
1692 3824 1899 3866 deficiente,
1930 3825 2082 3857 virtutes
2105 3824 2247 3864 pariter
2270 3819 2466 3855 discedunt.

2988 3742 2996 3919 ..Α-κ-.«..»,,
2988 3617 2996 3728 „tm-‘nn
2991 3595 2996 3603 Ἰ
2993 3564 2996 3583 ...
2995 3527 2996 3530 Α
