2996 4432
241 514 617 615 Uniuscuiusque
628 555 814 601 hominis
827 555 917 599 vita
938 554 1053 611 apud
1069 568 1210 598 sacras
1228 556 1329 598 scri-

237 637 382 688 pturas
396 634 516 674 vinea
525 628 780 686 appellatur.
789 626 957 669 Idcirco
970 627 1096 669 etiam
1112 627 1145 668 N
1149 626 1330 670 abuthes

236 703 348 746 mori
368 701 545 753 maluit,
579 710 707 755 quam
731 697 954 754 tyrannice
980 697 1155 752 spoliari
1177 697 1232 740 ab
1254 697 1328 739 illo

235 775 311 830 qui
334 786 397 816 ex
427 785 478 815 ea
508 771 683 814 hortum
715 769 1006 812 olusculorum
1035 769 1174 811 facere
1205 769 1328 811 vole-

218 844 326 888 bat.
345 840 616 897 significabat
634 841 747 883 enim
769 839 845 883 illa
865 841 989 902 vinea
1007 839 1117 882 hanc
1146 840 1330 882 militan-

236 920 323 958 tem
349 915 480 957 vitam
496 945 508 968 ‚
532 912 764 968 practicam
790 911 914 955 simul
941 916 985 954 et
1016 911 1315 965 theoreticam,

238 997 368 1042 quam
394 984 585 1041 improbi
611 984 779 1027 trahere
801 983 856 1026 ad
881 984 1128 1039 temporalia
1149 984 1301 1026 volunt
1315 1014 1327 1037 ,

233 1060 363 1111 atque
389 1054 444 1098 ad
465 1055 550 1097 cito
570 1055 867 1097 marcescentia
882 1054 1074 1109 negotia,
1093 1053 1330 1097 cuiusmodi

233 1126 352 1169 olera
370 1130 490 1168 sunt:
509 1137 609 1168 nam
631 1125 740 1168 sicut
755 1125 888 1180 olera,
909 1126 1101 1168 celeriter
1117 1125 1327 1168 decident.

232 1200 297 1242 De
323 1199 390 1241 his
419 1198 552 1240 vineis
580 1210 738 1257 sponsa
767 1197 895 1241 dicit:
934 1198 1010 1240 filii
1039 1199 1186 1241 matris
1214 1210 1330 1240 meae

233 1268 529 1326 pugnaverunt
548 1273 699 1312 contra
721 1282 814 1311 me·
802 1300 817 1322 ,
841 1274 1075 1324 posuerunt
1094 1282 1161 1311 me
1185 1273 1329 1312 custo-

233 1339 333 1383 dem
362 1340 407 1382 in
439 1340 592 1392 vineis;
625 1341 791 1382 vineam
813 1351 949 1382 meam
982 1352 1071 1382 non
1101 1339 1327 1383 custodivi.

234 1411 317 1463 Qui
339 1411 384 1453 in
412 1411 491 1452 hac
520 1411 644 1452 vinea
670 1409 901 1453 fructificat
929 1410 1080 1453 botros
1109 1411 1299 1453 veritatis
1314 1442 1327 1465 ‚

234 1493 363 1523 uvam
385 1493 561 1536 quoque
581 1481 690 1533 fert3
716 1493 842 1536 quam
865 1493 943 1523 suo
965 1483 1160 1536 tempore
1179 1481 1329 1524 decer-

234 1565 336 1608 pere
359 1557 531 1608 oportet
542 1543 558 1605 ‚'
591 1556 636 1594 ot
665 1553 709 1594 in
736 1552 967 1595 torcularia
997 1565 1227 1607 congerere
1243 1583 1257 1606 ,
1282 1557 1331 1595 ut

235 1635 478 1678 compressa
509 1624 655 1665 vinum
689 1622 847 1666 efficiat
876 1636 952 1666 cor
971 1623 1153 1666 hominis
1171 1623 1328 1667 laetifi-

234 1706 351 1736 cans.
375 1695 429 1736 Et
456 1694 526 1736 alii
556 1694 731 1749 quidem
760 1695 949 1737 veritatis
978 1694 1194 1737 doctrinas
1213 1725 1225 1747 ‚
1259 1695 1331 1738 alii

235 1777 363 1820 opera
396 1765 602 1820 spiritalia
636 1765 892 1819 germinant.
930 1767 1079 1821 Neque
1109 1779 1242 1808 unum
1262 1771 1331 1810 oet

233 1837 448 1882 torcular:
482 1837 640 1879 multae
670 1837 783 1880 enim
812 1838 1024 1892 practicae
1059 1839 1262 1891 virtutes,
1287 1843 1331 1881 et

232 1907 491 1962 singularum
506 1907 664 1950 fructui
678 1909 890 1963 peculiare
905 1914 1100 1964 paratum
1110 1915 1172 1953 est
1186 1915 1331 1952 torcu-

183 1988 199 1999 ·
234 1979 328 2022 lar:
355 1979 487 2021 veluti
507 1979 560 2021 ad
581 1965 808 2033 pudicitiae
831 1982 1020 2024 torcular
1040 1982 1084 2024 hi
1106 1982 1181 2037 qui
1199 1983 1328 2024 caeli-

232 2050 382 2104 batum
394 2054 507 2092 recte
523 2053 666 2092 tenent
679 2063 779 2092 suos
797 2051 961 2094 fructus
974 2053 1199 2095 conferunt
1215 2084 1226 2104 ‚
1253 2067 1331 2096 nee

232 2132 322 2163 non
338 2120 402 2162 illi
422 2121 497 2175 qui
517 2125 662 2162 torum
690 2121 1005 2165 immaculatum
1039 2129 1236 2178 servant3
1271 2127 1332 2168 sic

234 2196 277 2233 et
298 2192 443 2233 ceteri.
482 2191 614 2234 Multa
644 2193 770 2234 etiam
798 2193 1058 2237 theoreticae
1092 2196 1205 2238 vitae
1232 2200 1331 2239 sunt

231 2263 460 2305 torcularia
474 2296 486 2317 ,
520 2263 576 2305 ad
606 2276 714 2318 quae
744 2264 942 2311 deferunt
971 2265 1172 2321 dogmata
1199 2267 1232 2310 ii
1254 2269 1330 2323 qui

233 2334 420 2376 veritatis
437 2334 699 2376 theoremata
719 2336 970 2389 germinant.
992 2338 1082 2379 Iam
1103 2350 1204 2380 vero
1226 2338 1331 2382 haec

233 2404 413 2447 dicimus
430 2435 442 2457 ,
461 2404 573 2446 haud
596 2406 849 2460 perimentes
866 2408 1071 2450 virtutum
1094 2421 1248 2452 nexum
1269 2414 1337 2467 at<

234 2488 318 2530 que
338 2475 581 2529 sequelam.;
607 2476 682 2518 sed
706 2477 806 2531 quia
824 2490 912 2519 non
936 2477 991 2520 ad
1019 2491 1166 2521 omnes
1189 2481 1327 2522 virtu—

234 2551 296 2588 tes
318 2547 460 2588 cuncti
476 2546 756 2589 inclinantur:
775 2547 872 2590 ideo
892 2561 1018 2603 quam
1039 2550 1221 2605 quisque
1239 2564 1330 2594 ma-

235 2617 299 2670 gis
330 2618 554 2672 participat
571 2647 584 2670 ‚
617 2631 668 2669 ex
698 2630 748 2660 ea
781 2608 1057 2672 peculiariter
1074 2621 1327 2665 inclarescit.

235 2687 345 2729 Hinc
364 2688 487 2730 etiam
507 2689 551 2730 in
567 2689 796 2742 evangeliis
815 2689 1006 2732 diversae
1021 2696 1119 2732 sunt
1139 2691 1328 2734 heatitu-

235 2757 370 2800 dines.
396 2758 476 2800 Sed
498 2763 540 2800 et
561 2760 605 2800 in
627 2760 808 2814 proprio
829 2773 1008 2803 numero
1025 2761 1107 2804 ode
1129 2762 1232 2805 haec
1249 2777 1330 2818 po,-

235 2830 349 2871 nitur
361 2859 372 2880 ‚
398 2842 506 2884 quae
524 2835 588 2872 est
606 2835 782 2873 octava:
808 2830 940 2877 habet
958 2832 1070 2874 enim
1088 2844 1329 2887 congruen-

234 2885 341 2940 tiam
357 2900 532 2941 multam
553 2913 650 2942 cum
663 2902 979 2944 resurrectionis
994 2902 1228 2946 dominicae
1241 2905 1328 2961 die,

234 2971 279 3011 in
300 2981 385 3024 qua
401 2970 619 3011 vinearum
635 2970 864 3013 multarum
882 2972 1094 3015 vindemia
1108 2974 1211 3027 fuit,
1231 2976 1332 3029 quia
1365 3028 1367 3030 V

234 3040 349 3082 missi
365 3040 540 3082 fuerunt-
552 3041 748 3095 discipuli
764 3042 819 3084 ad
831 3042 1018 3085 dandum
1035 3045 1075 3086 ei
1093 3045 1170 3099 qui
1187 3058 1331 3088 resur-

235 3115 399 3153 rexerat
419 3112 706 3152 testimonium
735 3124 871 3166 usque
892 3113 945 3155 ad
966 3118 1154 3157 extrema
1174 3119 1328 3159 terrae.

296 3181 412 3224 >Olim
442 3181 613 3235 quidem
644 3181 698 3223 de
726 3182 818 3224 Deo
850 3182 1011 3225 dictum
1045 3173 1156 3226 fuit:
1189 3186 1233 3227 in
1262 3187 1329 3228 Is-

238 3251 358 3294 rahel
374 3263 571 3305 magnum
592 3263 747 3294 nomen
767 3253 878 3294 eius:
905 3258 950 3295 at
975 3266 1090 3296 nunc
1109 3254 1331 3309 impletum

232 3326 298 3364 est
330 3322 384 3364 de
420 3322 495 3364 illo
535 3323 806 3376 vaticinium,
849 3324 969 3378 quod
1007 3320 1157 3367 dicitz'
1185 3339 1332 3369 omnes

233 3398 380 3448 gentes
419 3393 601 3435 servient
629 3394 684 3436 ei.
715 3395 812 3448 Ipse
851 3396 963 3437 enim
994 3400 1058 3438 est
1094 3398 1330 3451 expectatio

234 3465 439 3518 gentium.
476 3464 642 3506 Idcirco
673 3464 916 3507 admirabile
946 3471 1011 3508 est
1041 3467 1158 3522 apud
1185 3479 1332 3511 omnes

234 3547 391 3577 nomen
411 3535 516 3577 eius.
543 3536 670 3577 Cuius
691 3537 751 3577 rei
782 3549 949 3579 causam
981 3549 1070 3579 esse
1091 3537 1197 3580 dicit
1220 3539 1332 3581 eius-

236 3604 330 3648 dem
352 3606 682 3660 assumptionem
698 3609 934 3660 :quoniam
954 3607 1237 3662 magnificavit
1259 3622 1331 3651 su-

231 3686 313 3730 per
335 3689 460 3719 omne
483 3690 636 3719 nomen
658 3682 849 3719 sanctum
869 3691 1017 3732 suum,
1040 3679 1085 3720 in
1104 3679 1190 3721 alio
1214 3680 1330 3734 psal-

234 3758 306 3788 mo
330 3749 403 3789 ait.
430 3748 524 3797 Non
555 3753 616 3788 cst
637 3752 755 3789 anst·
825 3748 878 3779 ’Ἀ
906 3761 1005 3802 prae
1024 3750 1114 3791 eius
1136 3750 1330 3792 incarna-

235 3815 351 3858 tione
376 3816 433 3853 0¹”
531 3855 538 3859 .
563 3818 880 3871 magnificentia.
910 3818 1019 3870 Quid
1041 3821 1151 3862 enim
1173 3821 1216 3862 in
1239 3821 1330 3875 ipsa

2416 248 2506 292 147

1065 340 1483 385 PSALMUS
1543 341 1663 384 VIII.

1397 512 1580 602 εΟ
1529 574 1606 619 γαρ
1638 550 1803 604 ἕκαστον
1833 551 1916 614 βιος
1949 555 2130 618 ἁμπελῶν
2161 558 2268 609 κατὰ
2297 559 2373 616 τᾶς
2402 585 2499 643 γρα-
2562 580 2577 601 ·-

1397 623 1476 694 φᾶς
1510 627 1709 673 καλεῖται·
1742 624 1802 673 διο
1831 646 1897 673 και
1929 624 2156 686 Ναβουθαι
2182 628 2376 680 τεθναναι
2396 631 2503 720 μᾶλ-

1396 698 1469 745 λον
1504 696 1657 754 ειλετο,
1688 717 1714 746 η
1745 715 1981 761 τυραννικως
2013 695 2278 764 ἀφαιρεμηναι
2301 702 2411 767 παρὰ
2433 708 2503 756 τοῦ

1399 761 1646 820 θελῆσοιντος
1664 787 1788 818 κηπον
1808 764 1930 815 αὐτον
1951 765 2139 830 λαχάνων
2165 792 2212 819 πο
2215 773 2334 822 ιῆοαι
2355 769 2407 824 -ἷιν
2427 773 2502 842 2⁰²?

1400 832 1596 901 ἀμσελων
1629 857 1903 902 ωεριμαχητος
1944 834 2032 898 βίος
2072 833 2123 887 ὼν
2162 840 2380 904 ωρακτικος
2416 869 2502 908 αμα

1399 929 1468 956 και
1499 905 1755 973 θεωρητικός,
1789 929 1832 955 ον
1864 929 2016 974 πονηροι
2047 912 2260 970 κατασπᾷν
2293 913 2348 966 εἰς
2380 914 2508 981 πρόσ-

1400 999 1516 1044 καιροι
1550 974 1761 1038 βουλονται
1803 1000 1869 1027 και
1914 999 2024 1043 ταχυ
2067 979 2337 1066 μαραινόμενα
2373 983 2507 1051 ⁷1de-

1399 1071 1543 1110 ματα,
1576 1050 1694 1098 ὄποια
1725 1046 1779 1099 τοὶ
1808 1047 1987 1113 λαχανοι·
2021 1047 2112 1098 ὦσει
2139 1049 2301 1114 λαχανα
2324 1074 2399 1119 γαρ
2430 1077 2505 1105 τα-

1400 1141 1456 1183 χυ
1493 1119 1816 1169 οἷσοσεσοῧνταῐ·
1855 1142 1948 1186 ωερε
1980 1142 2162 1170 τοιουτων
2198 1121 2442 1184 ἀμπελώνων
2478 1127 2503 1178 ἦ

1400 1211 1532 1257 νυμφη
1569 1209 1704 1256 φησιν·
1743 1188 1819 1239 υἶοι
1855 1189 2005 1256 μητρός
2049 1214 2121 1255 μου
2165 1190 2428 1256 ἑμοιχῆσαντο
2463 1199 2504 1245 ἐν

1403 1259 1508 1322 ἐμοὶ.
1543 1258 1685 1310 {emb
1716 1283 1765 1324 με
1797 1259 2044 1329 φυλῶιισσαν
2077 1264 2116 1310 ἐν
2149 1264 2394 1325 ἀμπελῶσιν·
2427 1267 2505 1330 ἀμ-

1400 1334 1558 1380 πελωνα
1590 1329 1686 1382 εἀον
1719 1334 1785 1380 οὐκ
1816 1330 2004 1419 ἐφυλαξα.
2025 1332 2079 1381 ‘0
2102 1333 2210 1383 κατὰ
2240 1332 2308 1384 τὸν
2333 1339 2504 1386 τοιοῧτον

1400 1403 1620 1465 ἀμπελῶνα
1650 1423 1896 1489 καρποφορων
1920 1400 2066 1469 βοτρυς
2089 1399 2309 1464 ἀληθειας,
2334 1428 2401 1454 και
2426 1429 2506 1463 ς-α-

1402 1470 1529 1537 φυλην
1542 1494 1662 1559 φερει
1683 1511 1696 1531 ‚
1730 1495 1795 1528 ους
1827 1476 1895 1524 ὅτε
1924 1495 2055 1541 καιρος
2091 1471 2317 1538 δρεψασὲαι
2354 1476 2506 1542 προσή-

1400 1564 1458 1591 κει
1487 1566 1556 1592 και
1588 1546 1644 1598 εἰς
1669 1541 1806 1598 ληνους
1829 1544 2076 1609 ἀπαγαγειν,
2103 1546 2154 1599 ὦς
2187 1541 2234 1592 ἂν
2263 1545 2505 1607 ἐκθλιβὲντα

1401 1608 1500 1661 οἶνον
1531 1612 1723 1666 ποιήσωσι
1755 1635 1824 1664 τον
1856 1613 2108 1681 εὐφραινοντα
2142 1613 2308 1682 καρδιαν
2344 1616 2505 1684 ἀνθρώ·

1401 1706 1450 1734 πε
1454 1703 1491 1732 υ·
1524 1688 1601 1735 τῶν
1633 1681 1705 1746 μὲν
1735 1684 1928 1739 ἀληθειας
1960 1682 2232 1752 θεωρήματα,
2265 1708 2339 1736 των
2365 1685 2462 1736 ὂὲ”
2441 1711 2505 1756 ερ-

1400 1776 1456 1818 γα
1486 1752 1824 1823 καρποφορούντων
1857 1753 2118 1818 πνευματικά·
2144 1757 2187 1804 οὐ
2210 1755 2290 1817 μία
2315 1754 2409 1809 dn‘
2383 1780 2409 1810 η
2433 1764 2505 1812 λη-

1402 1822 1480 1879 νός·
1514 1824 1665 1876 πολλαι
1696 1824 1773 1891 γὰρ
1802 1826 1844 1874 αἶ
1877 1847 2092 1891 πρακτικαι
2127 1824 2265 1892 ἀρεται
2285 1866 2299 1887 ‚
2337 1850 2406 1876 και
2436 1834 2505 1879 τοῧ

1401 1900 1560 1982 κοιριτοῧΝ
1583 1893 1753 1950 ἑκάστης
1785 1894 1910 1945 οἰκεία
1943 1919 2003 1950 τις
2028 1899 2144 1946 ἐσται
2168 1894 2304 1952 ληνος·
2336 1919 2415 1946 οιον
2440 1898 2504 1950 ε’πι

1404 1987 1475 2018 την
1507 1990 1583 2021 της
1616 1988 1863 2034 σωφροσυνης
1895 1964 2011 2019 ληνόν
2043 1970 2077 2015 οἱ
2103 1964 2279 2031 ἀγαμιαν
2303 1967 2507 2034 πατορθω-

1403 2058 1550 2092 σαντες
1581 2036 1737 2104 φέρουσι
1769 2060 1859 2092 τους
1888 2034 2082 2103 καρποῦς,
2109 2060 2175 2086 και
2207 2041 2241 2085 οἱ
2274 2037 2403 2091 κοίτην
2434 2062 2505 2092 τη-

1401 2111 1559 2173 ροῧντες
1591 2107 1796 2172 ἀμίαντον·
1831 2110 1951 2163 οὕτως
1977 2106 2039 2158 ἐπι
2067 2111 2141 2157 τῶν
2165 2107 2317 2157 ἄλλων·
2350 2107 2505 2166 πλειους

1404 2176 1445 2226 δὲ
1477 2201 1546 2228 και
1583 2183 1652 2228 τοῦ
1681 2183 1922 2244 θεωρητικου
1949 2176 2038 2240 βίον
2070 2176 2331 2243 τυγχάνουσιν
2354 2182 2396 2228 αἱ
2426 2185 2506 2233 λη-

1380 2269 1484 2309 vot,
1519 2272 1575 2304 Εἰς
1599 2271 1649 2303 ας
1674 2271 1728 2299 τα
1737 2248 1936 2336 [δόγματα
1960 2269 2136 2335 φερΰυσῑν
2160 2271 2194 2297 Ol
2217 2272 2505 2317 καρπόφθρσυν-

1404 2340 1471 2374 τες
1505 2324 1572 2373 τῆς
1603 2317 1804 2374 ἀληθειας
1835 2317 1889 2370 τὰ
1918 2317 2164 2387 θεωρηματα.
2193 2326 2336 2369 Ταῧτα
2353 2319 2402 2371 δὲ
2426 2342 2504 2388 φα-

1401 2387 1476 2452 μὲν
1497 2427 1510 2449 ,
1548 2391 1612 2438 οὐκ
1642 2392 1888 2458 ἀναιροῦντες
1926 2395 2000 2439 τῶν
2021 2393 2187 2477 x'ciperem‘
2224 2412 2293 2442 την
2333 2392 2507 2440 ἀντακο-

1402 2457 1619 2521 λουθησιν,
1649 2463 1739 2507 ἀλλ’
1764 2459 1846 2510 ἐπει
1881 2483 1937 2521 μη
1963 2482 2058 2526 προς
2075 2459 2221 2515 πάσας
2244 2463 2279 2509 οἱ
2304 2460 2507 2525 μετιέντες

1402 2528 1523 2596 ῥοπτιν
1556 2551 1734 2594 εχουσιν·
1768 2533 1833 2598 ἀφ’
1864 2528 1914 2586 ἧς
1947 2528 1991 2579 δε
2023 2531 2224 2593 μᾶλλονω
2205 2554 2350 2588 εκαςος
2381 2554 2508 2594 μετε-

1401 2618 1500 2663 χει,
1534 2624 1579 2650 το
1610 2599 1813 2668 γνώρισμα
1844 2598 2020 2668 φέρεται·
2058 2599 2168 2669 διάφε
2153 2623 2226 2668 ρει
2262 2624 2339 2668 γαρ
2369 2625 2432 2651 και
2468 2606 2506 2652 ἐν

1404 2669 1687 2737 εὐαγγελῖο1ς’
1673 2676 1862 2722 εντεῧμεν
1900 2694 2001 2722 εισιν
2033 2695 2066 2719 οι
2104 2693 2362 2737 μακαρισμοι·
2398 2671 2508 2721 αλλὰ

1400 2763 1469 2789 και
1507 2744 1547 2790 ἑν
1593 2745 1752 2829 ἀριθμῷ
1793 2739 1919 2805 οἶκεῖῳ
1954 2766 1980 2795 η
2018 2740 2097 2806 ᾠδὴ
2133 2765 2234 2795 αντη
2280 2740 2505 2807 τέτακται,

1402 2833 1503 2859 ουσοι
1539 2811 1674 2877 Sydo'n·
1714 2813 1798 2876 ἔχει
1835 2835 1912 2878 γαρ
1956 2825 2181 2878 συμφωνιοιν
2218 2835 2272 2862 σο
2256 2812 2374 2864 Hm
2407 2836 2507 2880 ωρος

1402 2902 1474 2932 την
1507 2881 1782 2945 οἷναστάσιμον
1812 2904 1960 2948 ημεραν
1993 2886 2062 2931 τοῧ
2096 2903 2238 2948 κυριου·
2278 2884 2316 2929 ἐν
2346 2881 2376 2948 ᾐ
2409 2905 2504 2948 τρυ-

1401 2971 1516 3014 γετος
1546 2952 1699 3002 πολλων
1731 2951 1918 3015 ἁμπελών
1953 2951 2109 3017 γέγονεν
2131 2990 2144 3012 ,
2189 2955 2270 3001 ἀωο
2256 2950 2505 3003 σταλεντων

1404 3042 1478 3069 των
1510 3027 1698 3083 μαθητων
1722 3027 1969 3089 μαρτυρῆσαι
2002 3026 2057 3071 r&
2085 3023 2304 3074 ἀνασταντι
2329 3025 2403 3078 ἕως
2436 3027 2504 3072 ἐσ-

1403 3088 1530 3153 χάτου
1562 3114 1634 3147 τος
1667 3096 1786 3168 γῆς.

1472 3158 1610 3211 Πάλαι
1641 3162 1712 3226 μὲν
1743 3157 1807 3211 οὖν
1841 3161 1980 3231 ἔρρ’έθη
2013 3184 2100 3229 περι
2133 3167 2233 3211 θεοῦ
2261 3165 2303 3211 ἐν
2337 3187 2393 3226 τῳ
2423 3167 2503 3216 Ἰσ-

1400 3228 1504 3299 ραῆλ
1535 3254 1639 3298 μεγα
1670 3257 1714 3283 το
1747 3255 1872 3296 ονομα
1907 3255 2002 3282 αντε
2007 3237 2041 3281 ὖ·
2076 3255 2142 3281 νυν
2174 3231 2218 3281 δὲ
2214 3233 2501 3324 πεπληρωται

1402 3324 1488 3368 περι
1520 3306 1642 3351 αυτοῦ
1671 3304 1696 3356 ἦ
1719 3304 1890 3389 λέγουσα
1900 3326 2060 3390 προφητ
2044 3324 2139 3352 ειοι·
2167 3326 2303 3354 παν-ια
2336 3327 2387 3353 τοι
2411 3307 2503 3359 ἔθνη

1403 3370 1671 3424 δουλευσουσιν
1702 3375 1827 3438 αυτῷ·
1861 3374 1983 3428 αὐτος
2015 3397 2090 3440 γαρ
2121 3377 2230 3424 ἐστιν
2262 3397 2288 3426 η
2323 3398 2399 3424 των
2433 3379 2501 3424 ἐθ-

1402 3462 1477 3491 νων
1507 3443 1731 3509 προσδοκια·
1765 3443 1822 3494 ὂιο
1854 3468 1921 3493 και
1954 3441 2199 3508 Βαυμαστον
2234 3448 2358 3494 αὐτοῦ
2391 3446 2502 3513 παρὰ

1403 3515 1500 3562 πᾶσι
1532 3513 1715 3578 τοῦνομα·
1749 3537 1812 3563 και
1847 3537 1916 3566 την
1955 3535 2092 3563 αιτιαν
2118 3512 2280 3580 ἐπάγει,
2306 3538 2379 3567 την
2404 3515 2502 3563 ανά-

1403 3586 1520 3646 ληψιν
1565 3606 1636 3634 την
1679 3587 1818 3634 αντοῧ·
1868 3583 2081 3651 ἐμεγάλυνε
2117 3584 2191 3654 γὰρ
2238 3583 2300 3636 ἐπι
2340 3589 2416 3635 πᾶν
2455 3609 2499 3634 το

1401 3651 1527 3716 ονὀμοι
1559 3675 1604 3702 το
1637 3657 1746 3719 ἅγιον
1779 3658 1900 3705 aziz-013
1921 3694 1934 3713 ,
1975 3658 2012 3704 ἐν
2048 3656 2159 3704 ἄλλο)
2194 3654 2301 3721 λεγει
2333 3659 2495 3719 ψαλμῷ·

1402 3725 1467 3770 οὐκ
1497 3723 1600 3776 ἄλλη
1634 3728 1674 3773 δὲ
1707 3729 1776 3780 τῆς
1813 3725 2031 3788 οἱκονομιας
2069 3729 2191 3776 αὐτου
2218 3729 2243 3777 ἦ
2277 3728 2501 3789 e'napfiewa

2214 3794 2240 3805 Ν
2305 3793 2314 3810 i
2346 3794 2362 3811 ’l

1401 3787 1733 3860 μεγαλοπρέπεια
1771 3819 1808 3846 τι
1833 3818 1909 3862 γαρ
1941 3799 2046 3848 ἐστιν
2073 3799 2113 3845 ἐν
2137 3819 2237 3859 αυτῃ
2262 3816 2318 3858 μη
2344 3815 2436 3858 εχον
2465 3798 2502 3844 ἓν

2359 3893 2375 3910 *
2396 3910 2402 3922 Ι

2548 3196 2639 3225 cord.
2656 3204 2684 3232 p.
2710 3201 2765 3226 100.
