2996 4432
554 254 637 289 vm

1075 343 1184 403 AD
1236 292 1727 406 DEUSDEDIT
1780 343 2281 410 PRAEFATIO«

553 523 964 635 Contemporalis
1001 570 1222 637 episcopo
1262 573 1485 621 Bonizoni
1523 573 1610 622 fuit
1649 572 1904 622 Cardinalis
1942 574 2196 624 Deusdedit
2213 611 2227 632 ‚
2269 576 2403 624 cuius
2442 576 2492 624 in
2530 577 2639 625 iure
2672 589 2813 642 prae-

552 650 714 698 sertim
746 649 970 697 canonico
1005 664 1228 713 magnum
1260 665 1433 699 nomen
1464 658 1551 698 est.
1587 651 1737 698 Huius
1769 651 1858 698 tria
1889 651 2054 699 saltem
2085 668 2231 716 opera
2254 662 2365 702 nota
2397 660 2507 701 sunt
2526 687 2539 708 ‚
2567 654 2652 701 etsi
2685 656 2816 718 typis

552 726 766 776 nondum
798 727 1038 790 impressa.
1075 724 1284 775 Primum
1315 743 1437 791 opus
1469 728 1746 791 inscriptum
1779 726 1890 775 fuit:
1917 727 1977 774 de
2000 728 2272 794 privilegiis
2300 745 2535 778 romanae
2557 730 2809 783 ecclesiae,

551 804 615 854 ad
636 805 872 853 Victorem
901 806 1000 852 ·111·
1023 805 1294 868 pontificem
1311 840 1326 861 ,
1352 814 1570 852 narrante
1592 805 1795 852 Baronio
1818 803 1878 852 ad
1913 819 2088 853 annum
2115 807 2256 854 1080.
2284 822 2334 854 n.
2360 809 2463 862 XX,
2487 808 2569 871 qui
2592 816 2638 855 et
2662 804 2812 871 parti·-

550 884 706 932 culam
739 883 919 932 exordii
951 883 1137 938 recitat.
1172 882 1524 945 concluditque:
1556 890 1660 929 «est
1682 880 1810 944 apud
1833 897 1923 930 nos
1944 885 2229 946 exscriptum
2255 883 2477 932 volumen
2493 919 2505 939 ,
2534 883 2629 932 fine
2651 892 2810 932 tamen
2884 936 2885 939 ,

551 975 730 1011 carens,
746 979 769 1008 ι»
798 960 1094 1008 Secundum:
1129 959 1341 1008 collectio
1372 974 1610 1007 canonum
1633 958 1683 1005 in
1706 966 1910 1021 quatuor
1932 956 2081 1006 libros
2114 959 2362 1008 distributa
2379 996 2390 1017 ,
2417 962 2548 1009 cuius
2571 960 2814 1010 nobilissi-

550 1054 659 1086 mus
689 1037 837 1086 codex
870 1037 1047 1085 auctori
1080 1051 1278 1085 coaevus
1300 1037 1349 1083 in
1380 1037 1590 1083 vaticana
1622 1033 1908 1085 bibliotheca
1940 1046 2268 1093 conservatur,
2295 1038 2355 1085 de
2378 1053 2475 1101 quo
2498 1053 2585 1086 nos
2619 1054 2817 1102 quoque

550 1113 757 1163 breviter
781 1114 925 1161 locuti
958 1113 1074 1161 olim
1106 1128 1267 1160 sumus
1289 1113 1339 1159 in
1363 1111 1594 1176 Spicilegii
1619 1113 1802 1160 romani
1826 1120 1960 1161 tomo
1991 1121 2122 1160 sexto
2154 1129 2204 1176 p.
2230 1114 2345 1161 314.
2381 1114 2435 1161 Id
2467 1130 2657 1178 quoque
2689 1130 2812 1179 opus

549 1193 612 1241 ad
645 1192 935 1257 praedictum
966 1193 1200 1240 Victorem
1227 1191 1325 1237 ·111·
1352 1205 1380 1239 a
1414 1190 1656 1239 Cardinalc
1687 1191 1880 1239 missum
1913 1189 2018 1239 fuit.
2053 1192 2261 1239 Tertium
2293 1191 2497 1255 denique
2529 1193 2812 1255 opusculum

549 1269 683 1333 quod
715 1284 839 1317 nunc
867 1267 1113 1331 vulgamus
1142 1279 1313 1317 contra
1346 1267 1585 1316 invasores
1615 1267 1903 1316 simoniacos
1935 1279 1982 1315 et
2014 1266 2365 1321 schismaticos,
2405 1270 2466 1316 ad
2498 1269 2695 1318 clericos
2721 1285 2817 1319 'ro-

548 1362 713 1395 manae
744 1345 965 1393 ecclesiae
996 1346 1248 1409 scriptum,
1285 1345 1470 1394 vivente
1500 1344 1693 1395 Urbano
1725 1345 1786 1393 11.
1813 1345 2012 1393 Victoris
2043 1360 2332 1403 successore,
2357 1355 2412 1394 ut
2433 1347 2536 1410 ipse
2560 1348 2623 1395 ait
2647 1357 2815 1396 auctor

545 1424 598 1471 in
629 1422 754 1470 libro
786 1430 952 1470 nostro
984 1437 1034 1487 p.
1074 1423 1154 1471 94.
1199 1424 1267 1471 De
1305 1422 1512 1471 secundo
1549 1431 1597 1471 et
1629 1424 1768 1472 tertio
1806 1424 2034 1471 Baronius
2073 1422 2135 1471 ad
2176 1437 2352 1471 annum
2400 1425 2541 1472 1087.
2576 1439 2627 1471 n.
2659 1418 2808 1472 XXIl'.

546 1501 616 1549 sic
646 1499 989 1565 perhonorifice
1021 1499 1247 1564 loquitur.
1288 1501 1462 1548 «Extat
1493 1500 1749 1548 Cardinalis
1780 1500 2036 1549 Deusdedit
2067 1498 2332 1548 lucubratio
2366 1509 2496 1549 tanto
2528 1502 2632 1549 viro
2666 1501 2811 1565 digna

477 1624 480 1626 ,
552 1595 576 1622 ι
612 1577 661 1624 in
693 1577 903 1625 vaticana
934 1568 1247 1633 bibliotheca,
1283 1576 1495 1624 collectio
1527 1592 1768 1625 canonum
1799 1578 2054 1625 nominata.
2090 1578 2225 1626 Extat
2265 1577 2391 1641 apud
2430 1592 2517 1625 nos
2555 1577 2645 1626 alia
2678 1580 2813 1626 eius-

551 1675 576 1700 »
612 1654 723 1702 dem
745 1655 1001 1703 Deusdedit
1023 1654 1196 1703 nobilis
1219 1654 1484 1705 lucubratio
1507 1654 1734 1703 adversus
1758 1654 2023 1707 invasores.
2050 1653 2359 1707 simoniacos,
2388 1665 2435 1701 et
2458 1653 2663 1718 reliquos
2685 1653 2813 1702 schi-

550 1751 580 1778 n
611 1731 858 1784 smaticos,
897 1733 1137 1796 egregium
1169 1748 1290 1797 opus
1311 1768 1324 1789 ,
1360 1731 1656 1781 elaboratum
1695 1729 1756 1780 ab
1788 1747 1847 1780 eo
1886 1740 2100 1796 tempore
2136 1730 2326 1780 Urbani·
2346 1747 2496 1795 papae
2536 1734 2812 1781 successoris

550 1828 575 1855 ι
609 1810 826 1858 Victoris.
843 1829 864 1853 n
902 1810 1011 1858 Rari
1045 1809 1304 1858 admodum
1337 1818 1447 1859 sunt
1478 1809 1527 1856 hi
1562 1809 1770 1864 codices,
1803 1818 1851 1857 et
1883 1809 2080 1857 fortasse
2105 1810 2400 1872 singulorum
2433 1825 2633 1874 operum
2664 1810 2810 1870 unici3

545 1886 635 1934 nisi
667 1886 790 1935 forte
820 1886 1014 1950 aliquod
1046 1885 1287 1951 exemplar
1317 1902 1375 1935 ex
1407 1887 1480 1935 his
1512 1886 1777 1936 derivatum
1800 1885 1906 1935 fuit.
1934 1888 2148 1949 Namque
2179 1886 2300 1934 illud
2328 1886 2387 1932 de
2403 1885 2676 1951 privilegiis
2699 1902 2813 1950 nus-

543 1979 688 2028 quam
721 1979 810 2027 ego
843 1964 940 2013 vidi
961 1999 974 2019 ,
1010 1973 1058 2012 et
1090 1965 1190 2029 ipse
1222 1964 1449 2013 Baronius
1487 1965 1675 2012 nonnisi
1715 1963 1811 2012 fine
1852 1965 2073 2012 mutilum
2105 1963 2271 2012 habuit
2288 1999 2300 2020 ‚
2345 1972 2488 2028 prout
2520 1965 2580 2011 ad
2615 1980 2691 2012 an.
2729 1966 2809 2013 cit.

547 2042 689 2090 1080.
719 2042 942 2090 narravit.
978 2041 1273 2097 Secundum,
1309 2043 1473 2091 ceteris
1504 2042 1657 2090 multo
1690 2040 2007 2092 abundantius
2038 2049 2086 2089 et
2118 2041 2369 2104 pretiosius
2389 2076 2402 2096 ,
2429 2042 2619 2090 nonnisi
2652 2042 2814 2090 codice

543 2120 705 2174 unico,
742 2128 796 2166 ut
828 2119 1057 2174 diximus,
1091 2120 1306 2168 vaticano
1345 2121 1575 2167 contineri
1613 2119 1819 2170 videtur.
1854 2120 2059 2169 Tertium
2092 2127 2258 2166 contra
2291 2117 2532 2166 invasores
2571 2127 2659 2167 etc.
2696 2134 2823 2168 nunc

543 2196 818 2261 agnovimus
850 2195 1045 2244 feliciter
1075 2196 1199 2244 inter
1234 2196 1419 2246 codices
1443 2197 1580 2245 vatic.
1613 2194 1979 2252 ottobonianos;
2013 2196 2100 2245 etsi
2135 2195 2299 2243 titulus
2324 2196 2460 2244 initio
2496 2195 2670 2244 codicis
2694 2197 2811 2244 scri·

542 2283 652 2338 ptus
683 2289 921 2321 canonum
953 2272 1274 2321 collectionem
1307 2273 1428 2322 falso
1460 2273 1731 2322 denotabat.
1768 2276 1917 2322 Porro
1950 2274 2039 2321 tria
2076 2272 2191 2321 haec
2234 2272 2491 2320 Cardinalis
2522 2288 2666 2337 opera
2699 2289 2813 2322 con-

541 2351 769 2401 fuderunt
800 2348 1116 2416 bibliographi
1149 2351 1390 2407 Oudinus,
1416 2350 1656 2400 Fabricius
1671 2386 1683 2406 ‚
1720 2350 1891 2414 aliique
1906 2386 1919 2407 ,
1945 2351 2027 2414 qui
2058 2349 2205 2398 modo
2238 2349 2361 2405 duo,
2386 2349 2531 2410 modo
2561 2364 2709 2398 unum
2737 2349 2812 2398 fe-

543 2438 725 2478 cerunt.
761 2430 922 2492 Atque*
947 2428 1061 2476 haec
1093 2427 1154 2476 de
1186 2430 1435 2493 purpurati
1466 2430 1556 2477 viri
1590 2426 1832 2477 codicibus
1866 2427 2119 2491 praefanda
2144 2443 2170 2475 a
2203 2425 2342 2474 nobis
2375 2426 2580 2474 fuerunt.
2618 2428 2813 2475 Interim

543 2521 659 2555 vero
691 2505 807 2553 dum
838 2506 1044 2570 primum
1076 2521 1198 2569 opus
1231 2506 1289 2553 de
1318 2505 1588 2571 privilegiis
1620 2505 1766 2561 latet:
1803 2504 2061 2553 secundum
2085 2513 2241 2552 autem
2266 2518 2375 2551 cum
2405 2517 2488 2551 sua
2510 2502 2638 2551 mole
2661 2503 2812 2552 lucta-

542 2591 650 2639 tur,
685 2599 772 2631 nec
794 2583 948 2631 adhuc
970 2585 1241 2647 proximum
1273 2584 1501 2632 nativitati
1528 2584 1715 2632 videtur
1740 2582 1967 2647 (exceptis
1997 2581 2287 2646 praefatione
2318 2588 2365 2628 et
2396 2579 2597 2629 rubricis
2630 2582 2809 2630 iamdiu

542 2660 768 2724 vulgatis)
793 2661 982 2708 tertium
1012 2661 1104 2709 hoc
1129 2673 1298 2708 contra
1326 2660 1567 2709 invasores
1593 2669 1681 2708 etc.
1710 2668 1935 2724 typorum
1961 2659 2066 2708 luce
2089 2658 2319 2722 impertiri
2337 2693 2348 2714 ‚
2382 2666 2429 2706 et
2463 2658 2685 2705 Bonizoni
2714 2673 2813 2707 non

541 2740 856 2801 incongruum
879 2739 1098 2786 comitem
1128 2737 1242 2786 dare
1267 2738 1576 2786 decrevimus.
1615 2739 1778 2801 Neque
1810 2744 1966 2784 tamen
1981 2768 1994 2793 ,
2029 2744 2084 2783 ut
2113 2737 2162 2784 in
2194 2735 2451 2790 Bonizone,
2484 2734 2622 2782 lautis
2651 2749 2814 2785 excer-

543 2816 639 2879 ptis
667 2816 872 2863 contenti
905 2815 1102 2871 fuimus,
1129 2815 1212 2863 sed
1234 2816 1469 2879 integrum
1490 2815 1604 2863 dare
1636 2814 1838 2879 placuit,
1867 2815 1978 2877 quia
2010 2828 2107 2861 non
2130 2821 2257 2866 tanta
2288 2811 2427 2859 huius
2452 2811 2653 2871 latitudo
2682 2821 2810 2867 erat,

542 2907 664 2957 quae
695 2891 975 2940 brevitatem
1008 2893 1241 2942 suaderet.
1278 2892 1403 2940 Illud
1436 2894 1594 2957 potius
1627 2891 1878 2941 molestum
1896 2891 2022 2946 fuit,
2055 2890 2186 2954 quod
2218 2889 2344 2937 hunc
2376 2898 2615 2937 auctorem
2653 2890 2813 2939 critica

543 2978 591 3018 et
623 2967 863 3018 elaborata
896 2969 1104 3019 editione
1137 2971 1347 3034 indigere
1367 2969 1699 3034 cognovimus;
1734 2984 1878 3033 quam
1911 2983 2112 3033 operose
2143 2982 2332 3022 curare,
2363 2973 2524 3030 totque
2559 2964 2618 3014 ab
2645 2982 2704 3015 eo
2739 2975 2811 3015 te·

542 3048 871 3096 stimoniorum
894 3049 1143 3096 citatorum
1166 3049 1318 3097 fontes
1343 3062 1678 3111 recognoscere
1701 3062 1755 3095 ac
1777 3060 2057 3110 repurgare,
2084 3044 2229 3092 dubia
2251 3052 2331 3092 aut
2350 3045 2508 3108 spuria
2533 3043 2812 3094 documenta

545 3139 573 3172 a
604 3122 815 3188 probatis
846 3125 1110 3174 discernere
1127 3161 1139 3181 ,
1181 3126 1438 3189 praesentis
1478 3126 1563 3173 otii
1592 3125 1685 3172 mei
1728 3138 1825 3172 non
1858 3132 1987 3178 erat3
2023 3131 2070 3171 et
2105 3130 2260 3169 tamen
2299 3121 2538 3184 egregium
2577 3135 2723 3184 opus,
2759 3130 2814 3171 ut

543 3201 773 3250 Baronius
805 3203 1046 3266 appellat,
1086 3205 1137 3251 in
1179 3204 1318 3252 unico
1350 3203 1477 3267 apud
1514 3219 1602 3251 nos
1643 3201 1803 3250 codice
1843 3201 2099 3265 periclitari
2133 3199 2308 3247 diutius
2346 3212 2443 3246 non
2483 3213 2588 3245 sum
2630 3213 2810 3261 passus.

544 3276 685 3333 Quod
725 3278 763 3324 si
797 3280 1012 3340 posthinc
1051 3280 1247 3330 fortasse
1283 3280 1444 3328 volent
1476 3288 1550 3328 tot
1581 3288 1866 3343 consurgere
1898 3278 2077 3326 auctori
2113 3284 2277 3324 nostro
2307 3274 2654 3331 emendatores,
2695 3283 2813 3337 quot

545 3354 765 3403 Gratiano
796 3353 854 3416 τῷ
883 3347 1007 3412 πάνυ,
1035 3356 1094 3406 ab
1119 3359 1228 3406 Ant.
1255 3358 1517 3421 Augustino
1537 3371 1686 3420 usque
1707 3356 1769 3404 ad
1791 3355 2062 3403 Richterum
2084 3353 2404 3416 contigerunt,
2426 3368 2485 3400 en
2509 3351 2629 3399 liber
2653 3349 2808 3407 adest,

546 3446 645 3480 non
681 3433 775 3481 iam
809 3434 1024 3484 codicum
1058 3435 1228 3500 pluteis
1261 3435 1530 3484 reconditus
1549 3469 1561 3491 ‚
1593 3432 1679 3482 sed
1710 3434 1761 3481 in
1792 3432 2044 3481 litterariae
2075 3431 2195 3496 reip.
2233 3429 2409 3478 lumine
2444 3428 2713 3477 collocatus.

1410 3612 1945 3652 ——QQ—
