2996 4432
980 280 1148 312 cosma
1183 278 1423 311 musone
1454 279 1548 311 arc.
1587 281 1677 313 Lm.
1714 281 1764 313 n.
2445 269 2505 317 91

247 382 414 412 sacrum
445 369 628 422 factum,
661 367 780 423 quod
820 368 945 422 prece
977 367 1156 423 mystica
1186 370 1478 419 consecratur,
1511 373 1717 422 operante
1743 367 2012 410 invisibiliter
2039 369 2198 424 Spiritu
2228 370 2322 413 Dei.
2348 390 2364 407 υ
2401 372 2508 414 Ecce

249 442 321 483 hic
351 445 540 496 patenter
570 440 777 496 accipitur
804 437 919 481 aliud
958 451 1046 482 esse
1086 442 1416 492 sacramentum,
1447 437 1562 480 aliud
1590 439 1792 481 virtutem
1826 441 2088 482 sacramenti.
2115 441 2316 484 ‘Proinde
2346 455 2395 484 ex
2425 442 2511 486 hoe

253 511 372 567 quod
402 511 659 567 Augustinus
686 509 835 552 scribit
862 509 906 551 in
936 509 1206 552 sacramentis
1235 521 1345 564 quae
1375 512 1473 550 sunt
1502 512 1619 550 extra
1649 509 1863 551 ecclesiam
1879 541 1890 563 ,
1917 511 2115 553 virtutem
2138 512 2399 567 spiritualem
2420 526 2510 556 non

252 595 340 624 ess:
362 613 373 635 ,
406 587 449 624 et
478 581 612 623 malos
641 579 832 623 homines
871 584 1174 622 sacramentum
1202 572 1369 622 tantum
1387 589 1487 620 -uon
1516 583 1653 621 autem
1683 580 1879 621 virtutem
1909 581 2159 624 sacramenti
2196 582 2320 625 edere
2357 597 2504 639 posse3

252 658 295 695 et
324 667 374 695 ex
403 666 455 696 eo
486 651 605 707 quod
633 652 691 694 ait
719 653 903 707 Prosper
933 651 1113 694 eundem
1145 651 1288 694 dicere
1302 681 1315 702 ,
1347 650 1447 705 quia
1463 649 1596 692 ‘locus
1631 650 1720 691 veri
1758 650 1951 692 sacrificii
1990 656 2108 694 extra
2146 653 2396 696 catholicam
2436 667 2508 697 ee-

250 724 417 766 clesiam
447 735 534 765 non
563 725 652 775 est3
685 734 735 764 ex
764 721 831 764 his
858 722 1033 776 inquam
1063 720 1215 764 videor
1244 721 1386 764 videre
1406 721 1754 774 augustinumin
1775 719 1854 763 hac
1876 733 2002 764 causa
2019 722 2211 766 sacrificii
2234 736 2504 780 nequaquam

249 782 447 851 praefatis
476 793 667 849 patribus
696 794 923 835 contraire.
954 794 1062 836 Nam
1092 805 1191 835 cum
1218 794 1262 835 in
1291 792 1404 835 libro
1435 791 1488 834 de
1517 790 1730 846 baptismo
1762 796 1804 834 et
1833 790 1888 834 ad
1910 792 2120 846 praefatos
2143 798 2187 836 et
2206 795 2394 850 reliquos
2414 798 2507 840 Do*

254 867 424 908 natistas
453 864 609 907 scribat
639 864 693 907 de
721 865 989 907 sacramentis
1019 863 1263 907 eorumdem
1281 893 1293 916 ‚
1325 875 1412 905 non
1441 863 1611 904 memini
1641 872 1737 904 eum
1760 873 1885 933 agere
1907 861 1961 904 de
1987 862 2227 918 sacrificiis,
2251 865 2326 908 sed
2345 871 2508 909 tantum

253 937 466 980 indefinite
497 937 549 980 de
578 937 848 980 sacramentis
868 968 880 990 ,
918 936 997 979 nisi
1031 937 1076 979 in
1112 935 1256 991 paucis
1285 946 1394 989 quae
1432 933 1581 976 scribit
1617 933 1672 976 ad
1707 933 1898 976 Glorium
1925 934 1971 986 '‚
2004 936 2231 978 Emeritum
2249 968 2261 990 ‚
2299 942 2342 980 et
2378 938 2506 981 Eleu-

251 1009 359 1050 sium
378 1040 390 1062 ,
428 1021 534 1063 quae
573 1012 860 1063 competenter
897 1007 1107 1049 intellecta
1126 1038 1138 1060 ‚
1170 1019 1258 1049 non
1297 1005 1351 1048 de
1379 1005 1593 1048 haeretico
1629 1005 1705 1048 sed
1735 1005 1788 1048 de
1822 1005 2033 1049 catholico
2068 1009 2288 1052 sacerdote
2326 1013 2509 1064 graviter

256 1085 456 1135 peccante
475 1113 486 1134 ,
521 1081 619 1124 huic
648 1085 796 1123 nostro
825 1080 1055 1123 intellectui
1085 1090 1352 1135 nequaquam
1375 1076 1623 1121 obviabunt.
1647 1077 1752 1120 Cum
1776 1077 1888 1119 enim
1910 1077 2162 1121 sacrificium
2192 1080 2248 1121 sit
2276 1093 2511 1126 sacramen-

256 1156 347 1193 tum
368 1184 380 1204 ,
412 1151 581 1203 videtur
608 1156 749 1194 tamen
778 1151 959 1194 multum
989 1151 1142 1193 distare
1163 1163 1188 1193 a
1209 1151 1382 1206 reliquis
1410 1150 1693 1192 sacramentis,
1716 1147 1811 1191 Hoc
1841 1149 1952 1191 enim
1983 1149 2119 1192 solum
2149 1152 2342 1206 quamvis
2366 1153 2510 1197 divina

251 1223 414 1275 virtus,
448 1236 557 1278 quae
586 1223 631 1265 in
661 1235 712 1265 eo
743 1224 947 1276 sumitur,
980 1223 1034 1264 sit
1062 1222 1334 1278 sempiterna,
1365 1225 1507 1264 tamen
1536 1222 1675 1275 ipsum
1704 1224 2010 1262 sacramentum
2040 1223 2326 1265 transitorium
2353 1229 2414 1266 cst
2431 1256 2443 1278 ‚
2467 1230 2511 1268 et

253 1294 350 1336 ideo
385 1294 574 1349 quotidie
606 1296 796 1337 iteratur.
832 1295 1011 1349 Reliqua
1040 1307 1143 1336 vero
1173 1294 1282 1336 sicut
1316 1292 1553 1347 baptisma,
1585 1291 1793 1343 chrisma,
1831 1290 2101 1344 symbolum,
2137 1294 2428 1348 evangelium,
2467 1301 2511 1339 et

256 1365 467 1408 dominica
495 1378 598 1408 crux
624 1369 676 1419 l),
698 1366 909 1409 manentia
928 1371 1050 1419 sunt3
1074 1370 1116 1408 et
1136 1364 1234 1408 ideo
1261 1355 1530 1419 nequaquam
1555 1362 1787 1414 iterantur,
1810 1361 1895 1402 sive
1916 1362 2025 1404 intra
2045 1363 2132 1404 sive
2151 1368 2267 1406 extra
2294 1367 2510 1409 ecclesiam

253 1438 351 1478 sint.
376 1437 524 1479 Sancta
542 1437 686 1492 itaque
709 1442 835 1490 sunt3
862 1437 935 1480 sed
952 1437 1017 1480 his
1037 1437 1111 1492 qui
1129 1441 1247 1479 extra
1265 1439 1362 1478 sunt
1378 1465 1391 1488 ‚
1414 1434 1577 1476 nullum
1602 1433 1747 1474 salutis
1764 1433 2093 1474 emolumentum
2111 1465 2123 1488 ‚
2148 1436 2279 1478 immo
2310 1438 2418 1480 sicut
2439 1451 2510 1481 ar·-

255 1521 305 1549 ca
326 1508 497 1549 Domini
518 1508 775 1562 Philistaeis,
801 1513 1031 1563 perpetuae
1053 1506 1330 1550 damnationis
1354 1505 1577 1547 conferunt
1600 1503 1911 1546 detrimentum.
1934 1504 2047 1546 Nihil
2069 1506 2179 1548 enim
2208 1507 2338 1550 refert
2367 1514 2510 1552 utrum

255 1577 426 1620 adorem
457 1591 623 1620 crucem
652 1592 677 1620 a
708 1579 916 1621 catholico
947 1577 1015 1620 vel
1045 1578 1258 1620 haeretico
1290 1577 1499 1632 depictam
1517 1607 1529 1629 ,
1550 1576 1621 1618 vel
1649 1575 1785 1630 legam
1813 1576 2054 1631 symbolum
2079 1583 2150 1620 aut
2172 1580 2434 1634 evangelium
2453 1582 2507 1624 ab

254 1646 457 1701 utrolibet
486 1651 703 1704 scriptum.
738 1650 854 1702 Quae
884 1663 982 1692 cum
1009 1651 1069 1692 ita
1097 1649 1206 1704 sint,
1238 1646 1679 1700 animadvertendum,
1708 1648 1910 1701 quoniam
1940 1648 2047 1701 hoc,
2080 1649 2198 1704 quod
2228 1652 2405 1705 praefati
2427 1666 2508 1708 pa-

256 1725 340 1760 tres
368 1720 413 1761 in
443 1720 748 1762 haereticorum
779 1725 822 1763 et
850 1721 1206 1763 schismaticorum
1238 1719 1443 1762 sacrificio
1478 1722 1631 1761 vocant
1666 1720 2063 1761 contaminationem
2082 1753 2094 1774 ‚
2136 1721 2346 1765 foetorem
2365 1756 2377 1778 ,
2419 1726 2507 1767 sive

257 1791 517 1845 sacrilegium
538 1821 551 1843 ,
583 1791 891 1846 perpendentes
927 1786 1038 1834 sieut
1067 1796 1110 1833 et
1146 1791 1407 1845 Augustinus
1444 1790 1490 1831 in
1519 1790 1579 1831 eis
1609 1802 1694 1831 non
1735 1802 1823 1831 esse
1859 1790 2057 1832 virtutem
2092 1795 2370 1848 sacramenti3
2402 1795 2510 1839 illud

256 1862 428 1916 inquam
459 1861 562 1904 dicit
590 1862 731 1916 idem,
764 1867 807 1905 et
837 1876 935 1906 cum
965 1876 1016 1905 eo
1047 1862 1237 1906 Isidorus
1266 1866 1570 1904 sacramentum
1598 1866 1787 1913 tantum,
1820 1861 1939 1915 quod
1970 1862 2093 1904 etiam
2125 1869 2301 1919 propter
2330 1844 2511 1910 ¹sormam

258 1933 452 1987 pietatis,
485 1946 610 1988 quam
639 1934 796 1988 habet,
827 1938 1016 1976 sanctum
1048 1934 1260 1997 appellat:
1296 1933 1396 1987 quia
1425 1933 1539 1974 iuxta
1567 1932 1651 1974 hoc
1682 1932 1799 1987 quod
1818 1932 1964 1974 scribit
1983 1933 2028 1975 in
2057 1933 2166 1976 libro
2196 1935 2249 1978 de
2269 1936 2511 1993 baptismo,

262 2004 371 2045 nulli
399 2009 661 2046 sacramento
690 2006 842 2047 iniuria
869 2004 1061 2047 facienda
1092 2009 1171 2061 est.
1206 2003 1331 2056 Quod
1359 2005 1394 2045 si
1423 2003 1530 2045 haec
1559 2003 1619 2045 ita
1647 2007 1697 2044 ut
1726 2002 1901 2045 dicimus
1939 2005 2173 2058 accipiunt,
2207 2011 2254 2048 ut
2294 2008 2420 2051 nobis
2447 2011 2514 2052 vi-

262 2073 384 2117 detur
404 2108 416 2129 ,
448 2079 565 2130 patet
594 2088 792 2129 magnum
823 2076 1044 2118 doctorem
1073 2063 1356 2129 Augustinum
1386 2073 1583 2129 praefatis
1613 2074 1768 2116 sanctis
1797 2073 1987 2129 patribus
2017 2075 2072 2117 de
2092 2076 2300 2120 sacrificio
2322 2084 2366 2121 et
2387 2093 2512 2135 prae-

261 2146 356 2188 fatis
386 2147 654 2189 sacramentis
683 2159 948 2202 nequaquam
977 2159 1064 2189 esse
1095 2145 1333 2188 discordem
1354 2175 1366 2197 ‚
1391 2149 1556 2200 praeter
1576 2157 1704 2199 quam
1734 2145 1787 2187 de
1809 2145 2009 2200 baptismi
2036 2147 2260 2191 iteratione
2289 2153 2513 2205 reprehen-

263 2216 328 2258 dit
357 2218 642 2272 Cyprianum3
675 2222 718 2260 et
747 2230 843 2260 cum
873 2230 924 2259 eo
955 2219 1187 2272 Stephanus
1217 2220 1260 2258 ct
1291 2215 1509 2258 Cornelius
1538 2216 1704 2258 romani
1732 2216 1955 2270 pontifices
1983 2221 2026 2259 et
2055 2222 2290 2274 martyres,
2326 2225 2370 2263 et
2391 2223 2514 2264 multi

222 2292 226 2293 ’
262 2288 330 2330 alii
362 2292 501 2343 patres
520 2320 532 2342 ‚
565 2292 749 2343 quorum
778 2289 924 2344 potior
953 2290 1158 2332 sententia
1189 2293 1267 2330 est.

379 2361 421 2401 8.
456 2361 516 2407 Ex
545 2359 699 2414 quibus
729 2360 925 2402 omnibus
956 2350 1214 2415 apertissime
1234 2360 1388 2412 claret,
1413 2359 1531 2414 quod
1555 2358 1664 2400 sicut
1686 2358 1728 2400 in
1750 2358 2059 2401 haereticorum
2078 2364 2120 2401 et
2148 2361 2514 2407 schismaticorum

259 2430 505 2485 baptismate
534 2429 620 2472 no'n
649 2431 855 2486 accipitur
884 2433 1062 2486 Spiritus
1092 2435 1260 2474 sanctus
1283 2461 1295 2484 ‚
1322 2431 1382 2473 ita
1410 2443 1488 2472 nec
1516 2431 1562 2472 in
1603 2429 1808 2472 sacrificio
1848 2430 2053 2472 Christus.
2086 2432 2274 2474 Proinde
2304 2434 2398 2476 luce
2427 2435 2512 2478 cla-

263 2504 351 2544 rius
380 2506 443 2544 est
463 2533 475 2555 ,
507 2501 625 2557 quod
657 2502 902 2544 eorumdem
933 2502 1148 2558 sacrificiis
1178 2514 1304 2544 nemo
1335 2501 1642 2543 catholicorum
1673 2497 1849 2543 scienter
1879 2492 2187 2544 communicare
2226 2503 2364 2546 debet.
2408 2506 2514 2547 Nam

265 2578 308 2614 et
336 2573 555 2615 nicaenum
583 2573 830 2626 concilium,
864 2577 907 2615 et
935 2573 1098 2628 reliqua
1126 2573 1215 2615 fere
1238 2573 1406 2626 omnia,
1431 2577 1473 2621 et
1493 2572 1605 2615 idem
1627 2572 1886 2627 Augustinus
1914 2574 1958 2614 in
1979 2574 2161 2616 concilio
2190 2575 2515 2629 carthaginiensi

265 2658 359 2699 cap.
388 2641 477 2687 ·IX·
504 2644 582 2686 sub
612 2656 763 2698 magna
791 2644 1131 2686 interminatione
1162 2643 1390 2699 prohibent
1419 2644 1790 2686 excommunicatis
1819 2645 2159 2699 communicare,
2182 2646 2248 2688 vel
2274 2647 2444 2689 eosdem
2466 2648 2512 2690 in

265 2716 605 2758 communionem
635 2715 859 2770 suscipere.
894 2711 1026 2757 Nemo
1057 2719 1197 2757 autem
1226 2727 1352 2757 sanae
1379 2715 1531 2756 mentis
1560 2726 1714 2768 negare
1742 2711 1942 2765 audebit,
1973 2716 2211 2769 quempiam
2239 2716 2392 2758 rectius
2421 2729 2514 2759 ma-

266 2787 413 2842 gisque
442 2788 594 2829 merito
625 2798 753 2841 quam
782 2786 1058 2829 simoniacum
1085 2791 1127 2846 et
1156 2787 1462 2829 schismaticum
1494 2786 1899 2827 excommunicatum
1929 2785 2059 2827 credi.
2093 2785 2174 2827 Sed
2211 2773 2254 2827 et
2290 2787 2516 2830 concilium

268 2858 506 2901 laodicense
537 2857 590 2899 de
620 2857 684 2899 his
700 2887 712 2910 ,
746 2857 819 2912 qui
849 2856 1161 2899 haereticorum¹
1189 2863 1230 2900 et
1259 2857 1626 2899 schismaticorum
1653 2856 1868 2898 sacrificiis
1897 2858 2210 2900 communicant
2236 2858 2298 2900 ita
2327 2858 2519 2901 decernit

265 2942 360 2986 cap.
389 2930 520 2972 ·vl11·
548 2927 691 2983 «quod
711 2940 799 2970 non
827 2929 1125 2982 permittantur
1154 2917 1425 2970 ecclesiastici
1443 2928 1495 2970 ad
1514 2928 1823 2970 haereticorum
1853 2927 2106 2980 ministeria,
2130 2928 2199 2970 vel
2221 2928 2275 2970 ad
2305 2941 2353 2971 ea
2370 2961 2383 2984 ‚
2406 2941 2516 2984 quae

259 3002 317 3044 ab
348 3003 408 3044 eis
438 3000 702 3056 appellantur
730 2999 960 3053 martyria,
993 2999 1198 3041 orationis
1229 3012 1355 3042 causa
1385 2999 1452 3040 vel
1482 2998 1712 3041 sanctitatis
1740 2998 1963 3058 accedere..
1988 2997 2068 3040 Sed
2097 2998 2364 3051 huiusmodi,
2395 3001 2430 3042 si
2458 2999 2514 3042 fi-

266 3073 380 3115 deles
407 3072 564 3113 fuerint
581 3101 593 3123 ,
625 3074 741 3111 certo
771 3074 964 3124 tempore
993 3062 1289 3111 communione
1318 3069 1503 3124 privari3
1536 3069 1795 3124 paenitentes
1833 3073 1974 3110 autem
2003 3073 2046 3111 et
2075 3069 2320 3111 confitentes
2348 3082 2394 3112 se
2432 3069 2511 3112 de-

266 3143 435 3198 liquisse
450 3174 462 3196 ,
495 3141 694 3183 convenit
721 3140 891 3194 suscipi.
916 3158 933 3175 ι»
968 3140 1076 3181 Item
1106 3152 1200 3195 capr.
1231 3139 1418 3181 ·XXXII·
1463 3158 1479 3174 «
1496 3138 1614 3194 quod
1651 3150 1740 3180 non
1779 3142 1977 3193 oporteat
2006 3139 2059 3181 ab
2088 3139 2302 3182 haereticis
2329 3141 2515 3196 eulogias

235 3259 241 3264 ,
268 3216 459 3270 accipere
476 3245 488 3267 ‚
521 3225 634 3268 quae
658 3217 756 3254 sunt
785 3211 1098 3254 maledictiones
1128 3211 1271 3265 potius
1300 3221 1427 3264 quam
1455 3209 1787 3252 benedictiones.
1808 3211 1915 3251 Item
1937 3222 2031 3264 cap.
2052 3211 2264 3253 ··xxxlll·
2290 3212 2408 3266 quod
2429 3224 2518 3256 non

268 3289 463 3342 oporteat
491 3297 585 3326 cum
617 3283 832 3325 haereticis
862 3286 935 3324 aut
964 3281 1238 3324 schismaticis
1266 3280 1423 3335 pariter
1444 3292 1606 3332 orare.»
1632 3281 1768 3322 Huius
1791 3281 1956 3322 concilii
1987 3281 2308 3334 auctoritatem,
2333 3287 2375 3325 et
2396 3295 2519 3338 prac-

268 3357 480 3399 dictorum
511 3358 679 3409 patrum
709 3342 888 3406 Gelasii'‚
921 3352 1108 3407 Pelagii,
1141 3351 1359 3406 Gregorii,
1392 3351 1625 3405 Paschalis‚
1665 3350 1895 3406 Cypriani,
1918 3348 2168 3407 Hieronymi
2197 3356 2240 3393 et
2268 3354 2516 3407 Augustini,

270 3427 461 3486 sequitur
490 3426 595 3467 haec
624 3425 849 3478 sententia,
882 3437 1009 3479 quam
1040 3424 1210 3466 nomine
1239 3422 1438 3466 Iohannis
1467 3422 1758 3478 chrysostomi
1786 3422 1995 3464 titulatam
2014 3424 2181 3478 reperi-:2
2201 3425 2455 3479 paenitentia
2475 3430 2520 3467 et.

269 3497 512 3540 communio
543 3509 569 3538 a
597 3495 714 3537 nullo
744 3495 824 3545 nisi
853 3507 877 3537 a
906 3495 1116 3538 catholico
1147 3487 1415 3550 suscipienda·
1440 3497 1518 3536 est.
1540 3493 1580 3534 Si
1602 3502 1716 3535 verit>v
1735 3491 1878 3535 nullus
1899 3493 2131 3536 catholicus
2158 3495 2353 3537 sacerdos
2374 3495 2518 3537 adfue-

270 3568 357 3620 rit,
390 3567 544 3609 rectius
574 3570 637 3607 est
658 3567 746 3607 sine
765 3565 1060 3607 communione
1081 3577 1249 3606 manere
1267 3563 1444 3616 visibili,
1476 3567 1519 3605 et
1539 3561 1802 3605 invisibiliter
1822 3563 2006 3606 Domino
2033 3564 2342 3607 communicare
2355 3595 2367 3616 ,
2392 3577 2519 3619 quam

270 3639 324 3680 ab
355 3638 564 3680 haeretico
594 3636 894 3678 communicari
921 3640 966 3678 et
993 3648 1016 3678 a
1044 3637 1135 3678 Deo
1165 3635 1362 3691 separari.
1395 3634 1520 3677 Nulla
1548 3634 1661 3676 enim
1691 3638 1754 3676 est
1783 3636 2007 3677 conventio
2037 3635 2190 3677 Christi
2220 3634 2274 3677 ad
2294 3635 2448 3686 Belial,
2471 3640 2520 3677 ut

248 3710 331 3752 *ait
362 3702 610 3765 apostolus,
639 3719 775 3762 neque
804 3719 901 3762 pars
932 3706 1068 3750 fidelis
1099 3716 1194 3749 cum
1234 3706 1408 3749 infideli.
1451 3706 1596 3750 Omnis
1626 3706 1739 3748 enim
1767 3704 2024 3759 haereticus,
2057 3705 2237 3748 infidelis
2266 3709 2354 3758 est;
2390 3705 2519 3747 simo-

272 3781 420 3823 niacus
443 3784 612 3832 autem,
628 3779 888 3831 haereticus3
913 3778 1042 3833 igitur
1070 3776 1264 3820 infidelis.
1298 3778 1492 3820 Sanctam
1520 3778 1631 3820 enim
1662 3777 2000 3820 communionem
2031 3776 2204 3828 Christi,
2233 3776 2424 3831 quamvis
2453 3775 2518 3818 vi-

388 3866 417 3908 1)
439 3866 514 3899 Tria
537 3866 614 3901 haec
635 3866 796 3906 postrema
817 3863 976 3898 dicuntur
995 3864 1181 3898 accuratius
1202 3863 1459 3897 sacramentalia.

2345 3915 2363 3933 ἡ

2550 796 2619 826 cod.
2640 796 2660 826 i'.
2686 802 2744 827 123.

2551 939 2563 950 ·
2581 938 2649 966 cod.
2669 939 2783 967 vitiose

2552 973 2760 1002 Guillelmum.

2553 3072 2622 3102 ood-
2643 3073 2663 3102 f.
2686 3077 2745 3102 129.
