<?xml version="1.0" encoding="UTF-8"?>
<!DOCTYPE html PUBLIC "-//W3C//DTD XHTML 1.0 Transitional//EN"
    "http://www.w3.org/TR/xhtml1/DTD/xhtml1-transitional.dtd">
<html xmlns="http://www.w3.org/1999/xhtml" xml:lang="en" lang="en">
 <head>
  <title>
</title>
<meta http-equiv="Content-Type" content="text/html;charset=utf-8" />
  <meta name='ocr-system' content='tesseract 3.04.00' />
  <meta name='ocr-capabilities' content='ocr_page ocr_carea ocr_par ocr_line ocrx_word'/>
</head>
<body>
  <div class='ocr_page' id='page_1' title='image "./novaepatrumbibli07maiauoft/novaepatrumbibli07maiauoft_0503.png"; bbox 0 0 2944 4426; ppageno 0'>
   <div class='ocr_carea' id='block_1_1' title="bbox 0 3094 84 4391">
    <p class='ocr_par' dir='ltr' id='par_1_1' title="bbox 0 3094 84 4391">
     <span class='ocr_line' id='line_1_1' title="bbox 0 3094 84 4391; baseline 0 0"><span class='ocrx_word' id='word_1_1' title='bbox 0 3094 84 4391; x_wconf 95' lang='lat' dir='ltr'><strong> </strong></span> 
     </span>
    </p>
   </div>
   <div class='ocr_carea' id='block_1_2' title="bbox 1259 221 1601 256">
    <p class='ocr_par' dir='ltr' id='par_1_2' title="bbox 1259 221 1601 256">
     <span class='ocr_line' id='line_1_2' title="bbox 1259 221 1601 256; baseline -0.015 0"><span class='ocrx_word' id='word_1_2' title='bbox 1259 225 1304 256; x_wconf 73' lang='lat' dir='ltr'><strong>m</strong></span> <span class='ocrx_word' id='word_1_3' title='bbox 1338 221 1601 254; x_wconf 73' lang='lat' dir='ltr'><strong>Pnovx-:RmA</strong></span> 
     </span>
    </p>
   </div>
   <div class='ocr_carea' id='block_1_3' title="bbox 360 312 1392 374">
    <p class='ocr_par' dir='ltr' id='par_1_3' title="bbox 360 312 1392 374">
     <span class='ocr_line' id='line_1_3' title="bbox 360 312 1392 374; baseline -0.019 0"><span class='ocrx_word' id='word_1_4' title='bbox 360 329 482 373; x_wconf 87' lang='lat' dir='ltr'><strong>Nunc</strong></span> <span class='ocrx_word' id='word_1_5' title='bbox 509 333 749 370; x_wconf 88' lang='lat' dir='ltr'><strong>moerorem</strong></span> <span class='ocrx_word' id='word_1_6' title='bbox 770 319 874 365; x_wconf 86' lang='lat' dir='ltr'><strong>dicit</strong></span> <span class='ocrx_word' id='word_1_7' title='bbox 895 327 976 374; x_wconf 89' lang='lat' dir='ltr'><strong>pro</strong></span> <span class='ocrx_word' id='word_1_8' title='bbox 997 314 1162 359; x_wconf 85' lang='lat' dir='ltr'><strong>labore.</strong></span> <span class='ocrx_word' id='word_1_9' title='bbox 1187 312 1270 366; x_wconf 87' lang='lat' dir='ltr'><strong>Qui</strong></span> <span class='ocrx_word' id='word_1_10' title='bbox 1290 322 1392 367; x_wconf 87' lang='lat' dir='ltr'><strong>ergo</strong></span> 
     </span>
    </p>
   </div>
   <div class='ocr_carea' id='block_1_4' title="bbox 303 385 1397 528">
    <p class='ocr_par' dir='ltr' id='par_1_4' title="bbox 303 385 1397 528">
     <span class='ocr_line' id='line_1_4' title="bbox 303 385 1397 458; baseline -0.021 -11"><span class='ocrx_word' id='word_1_11' title='bbox 303 405 482 458; x_wconf 87' lang='lat' dir='ltr'><strong>propter</strong></span> <span class='ocrx_word' id='word_1_12' title='bbox 510 399 648 441; x_wconf 90' lang='lat' dir='ltr'><strong>Deum</strong></span> <span class='ocrx_word' id='word_1_13' title='bbox 673 392 875 437; x_wconf 82' lang='lat' dir='ltr'><strong>laborant</strong></span> <span class='ocrx_word' id='word_1_14' title='bbox 904 392 948 430; x_wconf 90' lang='lat' dir='ltr'><strong>et</strong></span> <span class='ocrx_word' id='word_1_15' title='bbox 970 385 1116 430; x_wconf 90' lang='lat' dir='ltr'><strong>dolent</strong></span> <span class='ocrx_word' id='word_1_16' title='bbox 1130 416 1143 440; x_wconf 93' lang='lat'>,</span> <span class='ocrx_word' id='word_1_17' title='bbox 1167 388 1397 441; x_wconf 80' lang='lat' dir='ltr'><strong>postquam</strong></span> 
     </span>
     <span class='ocr_line' id='line_1_5' title="bbox 303 452 1394 528; baseline -0.019 -11"><span class='ocrx_word' id='word_1_18' title='bbox 303 469 560 528; x_wconf 84' lang='lat' dir='ltr'>pinguedine</span> <span class='ocrx_word' id='word_1_19' title='bbox 589 465 741 510; x_wconf 76' lang='lat' dir='ltr'><strong>domus</strong></span> <span class='ocrx_word' id='word_1_20' title='bbox 768 458 941 504; x_wconf 87' lang='lat' dir='ltr'><strong>Domini</strong></span> <span class='ocrx_word' id='word_1_21' title='bbox 978 455 1174 500; x_wconf 85' lang='lat' dir='ltr'><strong>inebriati</strong></span> <span class='ocrx_word' id='word_1_22' title='bbox 1207 452 1366 499; x_wconf 85' lang='lat' dir='ltr'><strong>fuerint</strong></span> <span class='ocrx_word' id='word_1_23' title='bbox 1380 484 1394 508; x_wconf 91' lang='lat'>,</span> 
     </span>
    </p>
   </div>
   <div class='ocr_carea' id='block_1_5' title="bbox 306 535 856 587">
    <p class='ocr_par' dir='ltr' id='par_1_5' title="bbox 306 535 856 587">
     <span class='ocr_line' id='line_1_6' title="bbox 306 535 856 587; baseline -0.011 -7"><span class='ocrx_word' id='word_1_24' title='bbox 306 542 507 587; x_wconf 84' lang='lat' dir='ltr'><strong>dolorum</strong></span> <span class='ocrx_word' id='word_1_25' title='bbox 536 535 856 580; x_wconf 72' lang='lat' dir='ltr'><strong>obliviscentur.</strong></span> 
     </span>
    </p>
   </div>
   <div class='ocr_carea' id='block_1_6' title="bbox 365 598 1437 668">
    <p class='ocr_par' dir='ltr' id='par_1_6' title="bbox 365 598 1437 668">
     <span class='ocr_line' id='line_1_7' title="bbox 365 598 1437 668; baseline -0.019 -11"><span class='ocrx_word' id='word_1_26' title='bbox 365 609 644 668; x_wconf 84' lang='lat' dir='ltr'><strong>Propositum</strong></span> <span class='ocrx_word' id='word_1_27' title='bbox 684 607 810 647; x_wconf 90' lang='lat' dir='ltr'><strong>tuum</strong></span> <span class='ocrx_word' id='word_1_28' title='bbox 845 599 901 645; x_wconf 89' lang='lat' dir='ltr'><strong>ad</strong></span> <span class='ocrx_word' id='word_1_29' title='bbox 926 598 1168 643; x_wconf 67' lang='lat' dir='ltr'><strong>&#39;verborum</strong></span> <span class='ocrx_word' id='word_1_30' title='bbox 1205 608 1399 640; x_wconf 88' lang='lat' dir='ltr'><strong>meorum</strong></span> <span class='ocrx_word' id='word_1_31' title='bbox 1431 642 1437 645; x_wconf 57' lang='grc'>,</span> 
     </span>
    </p>
   </div>
   <div class='ocr_carea' id='block_1_7' title="bbox 278 668 1407 2008">
    <p class='ocr_par' dir='ltr' id='par_1_7' title="bbox 278 668 1396 729">
     <span class='ocr_line' id='line_1_8' title="bbox 278 668 1396 729; baseline -0.017 0"><span class='ocrx_word' id='word_1_32' title='bbox 278 680 590 728; x_wconf 83' lang='lat' dir='ltr'><strong>observantiam</strong></span> <span class='ocrx_word' id='word_1_33' title='bbox 618 674 800 719; x_wconf 86' lang='lat' dir='ltr'><strong>obfirma</strong></span> <span class='ocrx_word' id='word_1_34' title='bbox 814 703 836 727; x_wconf 79' lang='lat'><strong>,·</strong></span> <span class='ocrx_word' id='word_1_35' title='bbox 860 684 971 729; x_wconf 85' lang='lat' dir='ltr'><strong>quae</strong></span> <span class='ocrx_word' id='word_1_36' title='bbox 1007 670 1088 713; x_wconf 91' lang='lat' dir='ltr'><strong>Dei</strong></span> <span class='ocrx_word' id='word_1_37' title='bbox 1121 668 1253 726; x_wconf 88' lang='lat' dir='ltr'><strong>ipsius</strong></span> <span class='ocrx_word' id='word_1_38' title='bbox 1281 671 1396 712; x_wconf 90' lang='lat' dir='ltr'><strong>sunt.</strong></span> 
     </span>
    </p>

    <p class='ocr_par' dir='ltr' id='par_1_8' title="bbox 308 736 1403 1017">
     <span class='ocr_line' id='line_1_9' title="bbox 366 736 1400 798; baseline -0.015 -2"><span class='ocrx_word' id='word_1_39' title='bbox 366 736 526 797; x_wconf 85' lang='lat' dir='ltr'><strong>Ventus</strong></span> <span class='ocrx_word' id='word_1_40' title='bbox 553 747 706 791; x_wconf 84' lang='lat' dir='ltr'><strong>boreas</strong></span> <span class='ocrx_word' id='word_1_41' title='bbox 734 743 931 789; x_wconf 87' lang='lat' dir='ltr'><strong>diabolus</strong></span> <span class='ocrx_word' id='word_1_42' title='bbox 949 746 1039 796; x_wconf 86' lang='lat' dir='ltr'><strong>est,</strong></span> <span class='ocrx_word' id='word_1_43' title='bbox 1060 742 1136 798; x_wconf 83' lang='lat' dir='ltr'><strong>qui</strong></span> <span class='ocrx_word' id='word_1_44' title='bbox 1163 740 1313 784; x_wconf 87' lang='lat' dir='ltr'><strong>incitat</strong></span> <span class='ocrx_word' id='word_1_45' title='bbox 1333 742 1400 782; x_wconf 86' lang='lat' dir='ltr'><strong>at-</strong></span> 
     </span>
     <span class='ocr_line' id='line_1_10' title="bbox 309 811 1401 881; baseline -0.013 -15"><span class='ocrx_word' id='word_1_46' title='bbox 309 835 392 881; x_wconf 85' lang='lat' dir='ltr'><strong>que</strong></span> <span class='ocrx_word' id='word_1_47' title='bbox 411 823 548 864; x_wconf 86' lang='lat' dir='ltr'><strong>tentat</strong></span> <span class='ocrx_word' id='word_1_48' title='bbox 567 821 735 879; x_wconf 84' lang='lat' dir='ltr'><strong>sanctos</strong></span> <span class='ocrx_word' id='word_1_49' title='bbox 751 816 798 858; x_wconf 92' lang='lat' dir='ltr'><strong>in</strong></span> <span class='ocrx_word' id='word_1_50' title='bbox 819 813 1056 858; x_wconf 80' lang='lat' dir='ltr'><strong>excelsitate</strong></span> <span class='ocrx_word' id='word_1_51' title='bbox 1078 811 1242 868; x_wconf 90' lang='lat' dir='ltr'><strong>positos</strong></span> <span class='ocrx_word' id='word_1_52' title='bbox 1254 841 1267 865; x_wconf 94' lang='lat'><strong><em>‚</em></strong></span> <span class='ocrx_word' id='word_1_53' title='bbox 1290 819 1401 866; x_wconf 86' lang='lat' dir='ltr'><strong>quos</strong></span> 
     </span>
     <span class='ocr_line' id='line_1_11' title="bbox 308 885 1403 946; baseline -0.014 -8"><span class='ocrx_word' id='word_1_54' title='bbox 308 893 441 938; x_wconf 91' lang='lat' dir='ltr'><strong>nollet</strong></span> <span class='ocrx_word' id='word_1_55' title='bbox 462 889 648 946; x_wconf 87' lang='lat' dir='ltr'><strong>operari.</strong></span> <span class='ocrx_word' id='word_1_56' title='bbox 671 887 776 941; x_wconf 81' lang='lat' dir='ltr'><strong>Vel,</strong></span> <span class='ocrx_word' id='word_1_57' title='bbox 806 885 940 930; x_wconf 81' lang='lat' dir='ltr'><strong>verba</strong></span> <span class='ocrx_word' id='word_1_58' title='bbox 961 895 1234 927; x_wconf 78' lang='lat' dir='ltr'><strong>commovens</strong></span> <span class='ocrx_word' id='word_1_59' title='bbox 1254 885 1403 925; x_wconf 87' lang='lat' dir='ltr'><strong>contra</strong></span> 
     </span>
     <span class='ocr_line' id='line_1_12' title="bbox 308 961 1214 1017; baseline -0.013 -10"><span class='ocrx_word' id='word_1_60' title='bbox 308 974 382 1007; x_wconf 87' lang='lat' dir='ltr'><strong>sua</strong></span> <span class='ocrx_word' id='word_1_61' title='bbox 410 961 628 1017; x_wconf 82' lang='lat' dir='ltr'><strong>dogmata.</strong></span> <span class='ocrx_word' id='word_1_62' title='bbox 1211 971 1214 974; x_wconf 57' lang='lat'><em>&gt;</em></span> 
     </span>
    </p>

    <p class='ocr_par' dir='ltr' id='par_1_9' title="bbox 308 1023 1403 1231">
     <span class='ocr_line' id='line_1_13' title="bbox 365 1023 1401 1088; baseline -0.01 -12"><span class='ocrx_word' id='word_1_63' title='bbox 365 1034 480 1088; x_wconf 87' lang='lat' dir='ltr'><strong>Ergo</strong></span> <span class='ocrx_word' id='word_1_64' title='bbox 508 1030 634 1074; x_wconf 89' lang='lat' dir='ltr'><strong>sicuti</strong></span> <span class='ocrx_word' id='word_1_65' title='bbox 661 1028 768 1072; x_wconf 88' lang='lat' dir='ltr'><strong>haec</strong></span> <span class='ocrx_word' id='word_1_66' title='bbox 795 1026 851 1071; x_wconf 87' lang='lat' dir='ltr'><strong>ad</strong></span> <span class='ocrx_word' id='word_1_67' title='bbox 880 1025 1071 1070; x_wconf 84' lang='lat' dir='ltr'><strong>officium</strong></span> <span class='ocrx_word' id='word_1_68' title='bbox 1098 1024 1292 1069; x_wconf 86' lang='lat' dir='ltr'><strong>animalia</strong></span> <span class='ocrx_word' id='word_1_69' title='bbox 1311 1023 1401 1066; x_wconf 90' lang='lat' dir='ltr'><strong>im-</strong></span> 
     </span>
     <span class='ocr_line' id='line_1_14' title="bbox 308 1096 1403 1161; baseline -0.011 -13"><span class='ocrx_word' id='word_1_70' title='bbox 308 1103 500 1161; x_wconf 88' lang='lat' dir='ltr'><strong>pellunt,</strong></span> <span class='ocrx_word' id='word_1_71' title='bbox 530 1102 592 1144; x_wconf 90' lang='lat' dir='ltr'><strong>ita</strong></span> <span class='ocrx_word' id='word_1_72' title='bbox 620 1101 765 1156; x_wconf 77' lang='lat' dir='ltr'><strong>virga,</strong></span> <span class='ocrx_word' id='word_1_73' title='bbox 789 1097 836 1142; x_wconf 92' lang='lat' dir='ltr'><strong>id</strong></span> <span class='ocrx_word' id='word_1_74' title='bbox 855 1102 919 1142; x_wconf 91' lang='lat' dir='ltr'><strong>est</strong></span> <span class='ocrx_word' id='word_1_75' title='bbox 938 1096 1180 1157; x_wconf 85' lang='lat' dir='ltr'><strong>obiurgatio</strong></span> <span class='ocrx_word' id='word_1_76' title='bbox 1193 1126 1206 1150; x_wconf 93' lang='lat'>,</span> <span class='ocrx_word' id='word_1_77' title='bbox 1231 1097 1403 1152; x_wconf 85' lang='lat' dir='ltr'><strong>gentem</strong></span> 
     </span>
     <span class='ocr_line' id='line_1_15' title="bbox 309 1172 722 1231; baseline -0.012 -13"><span class='ocrx_word' id='word_1_78' title='bbox 309 1175 500 1231; x_wconf 85' lang='lat' dir='ltr'><strong>iniquam</strong></span> <span class='ocrx_word' id='word_1_79' title='bbox 528 1172 722 1227; x_wconf 82' lang='lat' dir='ltr'><strong>corrigit.</strong></span> 
     </span>
    </p>

    <p class='ocr_par' dir='ltr' id='par_1_10' title="bbox 310 1236 1405 1444">
     <span class='ocr_line' id='line_1_16' title="bbox 368 1236 1402 1298; baseline -0.011 -9"><span class='ocrx_word' id='word_1_80' title='bbox 368 1246 535 1290; x_wconf 89' lang='lat' dir='ltr'><strong>Horum</strong></span> <span class='ocrx_word' id='word_1_81' title='bbox 548 1274 560 1298; x_wconf 92' lang='lat'>,</span> <span class='ocrx_word' id='word_1_82' title='bbox 592 1242 733 1298; x_wconf 85' lang='lat' dir='ltr'><strong>inquit</strong></span> <span class='ocrx_word' id='word_1_83' title='bbox 747 1272 760 1296; x_wconf 90' lang='lat'>‚</span> <span class='ocrx_word' id='word_1_84' title='bbox 792 1239 990 1294; x_wconf 82' lang='lat' dir='ltr'><strong>extingue</strong></span> <span class='ocrx_word' id='word_1_85' title='bbox 1018 1239 1160 1295; x_wconf 89' lang='lat' dir='ltr'><strong>potius</strong></span> <span class='ocrx_word' id='word_1_86' title='bbox 1190 1236 1402 1294; x_wconf 88' lang='lat' dir='ltr'><strong>principa-</strong></span> 
     </span>
     <span class='ocr_line' id='line_1_17' title="bbox 310 1307 1405 1370; baseline -0.008 -11"><span class='ocrx_word' id='word_1_87' title='bbox 310 1322 403 1360; x_wconf 81' lang='lat' dir='ltr'><strong>tum</strong></span> <span class='ocrx_word' id='word_1_88' title='bbox 418 1348 431 1370; x_wconf 92' lang='lat'>,</span> <span class='ocrx_word' id='word_1_89' title='bbox 475 1318 520 1358; x_wconf 88' lang='lat' dir='ltr'><strong>et</strong></span> <span class='ocrx_word' id='word_1_90' title='bbox 554 1325 691 1369; x_wconf 87' lang='lat' dir='ltr'><strong>neque</strong></span> <span class='ocrx_word' id='word_1_91' title='bbox 728 1310 963 1368; x_wconf 81' lang='lat' dir='ltr'><strong>practicam</strong></span> <span class='ocrx_word' id='word_1_92' title='bbox 1001 1321 1141 1366; x_wconf 87' lang='lat' dir='ltr'><strong>neque</strong></span> <span class='ocrx_word' id='word_1_93' title='bbox 1168 1307 1405 1352; x_wconf 88' lang='lat' dir='ltr'><strong>theoricum</strong></span> 
     </span>
     <span class='ocr_line' id='line_1_18' title="bbox 311 1382 808 1444; baseline -0.014 -12"><span class='ocrx_word' id='word_1_94' title='bbox 311 1388 502 1444; x_wconf 86' lang='lat' dir='ltr'><strong>regimen</strong></span> <span class='ocrx_word' id='word_1_95' title='bbox 528 1386 580 1428; x_wconf 91' lang='lat' dir='ltr'><strong>iis</strong></span> <span class='ocrx_word' id='word_1_96' title='bbox 608 1382 808 1427; x_wconf 82' lang='lat' dir='ltr'><strong>concede.</strong></span> 
     </span>
    </p>

    <p class='ocr_par' dir='ltr' id='par_1_11' title="bbox 313 1449 1407 1652">
     <span class='ocr_line' id='line_1_19' title="bbox 372 1449 1404 1503; baseline -0.011 0"><span class='ocrx_word' id='word_1_97' title='bbox 372 1459 415 1503; x_wconf 92' lang='lat' dir='ltr'><strong>Si</strong></span> <span class='ocrx_word' id='word_1_98' title='bbox 445 1471 497 1501; x_wconf 82' lang='lat' dir='ltr'><strong>ex</strong></span> <span class='ocrx_word' id='word_1_99' title='bbox 524 1455 711 1500; x_wconf 86' lang='lat' dir='ltr'><strong>iustitiae</strong></span> <span class='ocrx_word' id='word_1_100' title='bbox 734 1451 946 1497; x_wconf 84' lang='lat' dir='ltr'><strong>fructibus</strong></span> <span class='ocrx_word' id='word_1_101' title='bbox 975 1452 1158 1495; x_wconf 86' lang='lat' dir='ltr'><strong>nascitur</strong></span> <span class='ocrx_word' id='word_1_102' title='bbox 1179 1449 1310 1494; x_wconf 89' lang='lat' dir='ltr'><strong>arbor</strong></span> <span class='ocrx_word' id='word_1_103' title='bbox 1337 1450 1404 1492; x_wconf 82' lang='lat' dir='ltr'><strong>vi-</strong></span> 
     </span>
     <span class='ocr_line' id='line_1_20' title="bbox 313 1522 1407 1586; baseline -0.01 -12"><span class='ocrx_word' id='word_1_104' title='bbox 313 1535 382 1574; x_wconf 87' lang='lat' dir='ltr'><strong>tae</strong></span> <span class='ocrx_word' id='word_1_105' title='bbox 396 1561 411 1585; x_wconf 92' lang='lat'>,</span> <span class='ocrx_word' id='word_1_106' title='bbox 434 1527 628 1586; x_wconf 80' lang='lat' dir='ltr'><strong>quisquis</strong></span> <span class='ocrx_word' id='word_1_107' title='bbox 646 1525 792 1569; x_wconf 88' lang='lat' dir='ltr'><strong>obruit</strong></span> <span class='ocrx_word' id='word_1_108' title='bbox 804 1524 1026 1581; x_wconf 77' lang='lat' dir='ltr'><strong>iniquitate</strong></span> <span class='ocrx_word' id='word_1_109' title='bbox 1045 1522 1251 1566; x_wconf 88' lang='lat' dir='ltr'><strong>iustitiam</strong></span> <span class='ocrx_word' id='word_1_110' title='bbox 1263 1552 1276 1576; x_wconf 92' lang='lat'>,</span> <span class='ocrx_word' id='word_1_111' title='bbox 1299 1533 1407 1578; x_wconf 85' lang='lat' dir='ltr'><strong>quae</strong></span> 
     </span>
     <span class='ocr_line' id='line_1_21' title="bbox 313 1592 1401 1652; baseline -0.008 -8"><span class='ocrx_word' id='word_1_112' title='bbox 313 1612 463 1644; x_wconf 85' lang='lat' dir='ltr'><strong>manus</strong></span> <span class='ocrx_word' id='word_1_113' title='bbox 484 1598 640 1643; x_wconf 89' lang='lat' dir='ltr'><strong>dicitur</strong></span> <span class='ocrx_word' id='word_1_114' title='bbox 653 1627 668 1652; x_wconf 89' lang='lat'>‚</span> <span class='ocrx_word' id='word_1_115' title='bbox 691 1593 780 1639; x_wconf 90' lang='lat' dir='ltr'><strong>non</strong></span> <span class='ocrx_word' id='word_1_116' title='bbox 799 1593 995 1639; x_wconf 88' lang='lat' dir='ltr'><strong>comedet</strong></span> <span class='ocrx_word' id='word_1_117' title='bbox 1015 1593 1070 1638; x_wconf 92' lang='lat' dir='ltr'><strong>de</strong></span> <span class='ocrx_word' id='word_1_118' title='bbox 1095 1595 1204 1637; x_wconf 79' lang='lat' dir='ltr'><strong>vitae</strong></span> <span class='ocrx_word' id='word_1_119' title='bbox 1234 1592 1401 1636; x_wconf 90' lang='lat' dir='ltr'><strong>arbore.</strong></span> 
     </span>
    </p>

    <p class='ocr_par' dir='ltr' id='par_1_12' title="bbox 313 1663 1404 1794">
     <span class='ocr_line' id='line_1_22' title="bbox 370 1663 1404 1726; baseline -0.006 -13"><span class='ocrx_word' id='word_1_120' title='bbox 370 1669 685 1726; x_wconf 89' lang='lat' dir='ltr'><strong>Discipulorum</strong></span> <span class='ocrx_word' id='word_1_121' title='bbox 712 1671 888 1710; x_wconf 88' lang='lat' dir='ltr'><strong>tuorum</strong></span> <span class='ocrx_word' id='word_1_122' title='bbox 903 1697 916 1721; x_wconf 90' lang='lat'>,</span> <span class='ocrx_word' id='word_1_123' title='bbox 947 1677 1003 1708; x_wconf 90' lang='lat' dir='ltr'><strong>ne</strong></span> <span class='ocrx_word' id='word_1_124' title='bbox 1020 1677 1072 1708; x_wconf 84' lang='lat' dir='ltr'><strong>ex</strong></span> <span class='ocrx_word' id='word_1_125' title='bbox 1098 1663 1404 1708; x_wconf 89' lang='lat' dir='ltr'><strong>consuetudine</strong></span> 
     </span>
     <span class='ocr_line' id='line_1_23' title="bbox 313 1737 1028 1794; baseline -0.011 -8"><span class='ocrx_word' id='word_1_126' title='bbox 313 1745 478 1786; x_wconf 85' lang='lat' dir='ltr'><strong>tantum</strong></span> <span class='ocrx_word' id='word_1_127' title='bbox 505 1737 789 1794; x_wconf 87' lang='lat' dir='ltr'><strong>magisterium</strong></span> <span class='ocrx_word' id='word_1_128' title='bbox 819 1749 1028 1781; x_wconf 87' lang='lat' dir='ltr'><strong>exerceas.</strong></span> 
     </span>
    </p>

    <p class='ocr_par' dir='ltr' id='par_1_13' title="bbox 313 1807 1406 2008">
     <span class='ocr_line' id='line_1_24' title="bbox 371 1807 1406 1861; baseline -0.003 -6"><span class='ocrx_word' id='word_1_129' title='bbox 371 1814 572 1855; x_wconf 86' lang='lat' dir='ltr'><strong>Actarum</strong></span> <span class='ocrx_word' id='word_1_130' title='bbox 584 1820 729 1852; x_wconf 87' lang='lat' dir='ltr'><strong>rerum</strong></span> <span class='ocrx_word' id='word_1_131' title='bbox 745 1807 1067 1859; x_wconf 78' lang='lat' dir='ltr'><strong>meditationem</strong></span> <span class='ocrx_word' id='word_1_132' title='bbox 1082 1837 1095 1861; x_wconf 92' lang='lat'><strong><em>‚</em></strong></span> <span class='ocrx_word' id='word_1_133' title='bbox 1112 1819 1192 1850; x_wconf 92' lang='lat' dir='ltr'><strong>nec</strong></span> <span class='ocrx_word' id='word_1_134' title='bbox 1205 1819 1294 1850; x_wconf 91' lang='lat' dir='ltr'><strong>non</strong></span> <span class='ocrx_word' id='word_1_135' title='bbox 1311 1820 1406 1852; x_wconf 84' lang='lat' dir='ltr'><strong>san-</strong></span> 
     </span>
     <span class='ocr_line' id='line_1_25' title="bbox 316 1879 1406 1942; baseline -0.004 -15"><span class='ocrx_word' id='word_1_136' title='bbox 316 1888 407 1942; x_wconf 80' lang='lat' dir='ltr'><strong>ctae</strong></span> <span class='ocrx_word' id='word_1_137' title='bbox 435 1881 646 1926; x_wconf 80' lang='lat' dir='ltr'><strong>Trinitatis</strong></span> <span class='ocrx_word' id='word_1_138' title='bbox 666 1880 904 1935; x_wconf 86' lang='lat' dir='ltr'><strong>theoriam,</strong></span> <span class='ocrx_word' id='word_1_139' title='bbox 923 1879 1218 1923; x_wconf 88' lang='lat' dir='ltr'><strong>indumentum</strong></span> <span class='ocrx_word' id='word_1_140' title='bbox 1235 1892 1324 1924; x_wconf 88' lang='lat' dir='ltr'><strong>esse</strong></span> <span class='ocrx_word' id='word_1_141' title='bbox 1347 1882 1406 1924; x_wconf 92' lang='lat' dir='ltr'><strong>ait</strong></span> 
     </span>
     <span class='ocr_line' id='line_1_26' title="bbox 313 1939 1200 2008; baseline -0.005 -11"><span class='ocrx_word' id='word_1_142' title='bbox 313 1953 495 1997; x_wconf 86' lang='lat' dir='ltr'><strong>hominis</strong></span> <span class='ocrx_word' id='word_1_143' title='bbox 523 1939 622 2008; x_wconf 77' lang='lat' dir='ltr'><strong>puri</strong></span> <span class='ocrx_word' id='word_1_144' title='bbox 636 1984 649 2007; x_wconf 93' lang='lat'>‚</span> <span class='ocrx_word' id='word_1_145' title='bbox 680 1964 733 1994; x_wconf 86' lang='lat' dir='ltr'><strong>ex</strong></span> <span class='ocrx_word' id='word_1_146' title='bbox 759 1950 890 2007; x_wconf 80' lang='lat' dir='ltr'><strong>bysso</strong></span> <span class='ocrx_word' id='word_1_147' title='bbox 922 1955 966 1993; x_wconf 89' lang='lat' dir='ltr'><strong>et</strong></span> <span class='ocrx_word' id='word_1_148' title='bbox 992 1962 1200 2006; x_wconf 81' lang='lat' dir='ltr'><strong>purpura.</strong></span> 
     </span>
    </p>
   </div>
   <div class='ocr_carea' id='block_1_8' title="bbox 2507 205 2564 250">
    <p class='ocr_par' dir='ltr' id='par_1_14' title="bbox 2507 205 2564 250">
     <span class='ocr_line' id='line_1_27' title="bbox 2507 205 2564 250; baseline 0.018 -1"><span class='ocrx_word' id='word_1_149' title='bbox 2507 205 2564 250; x_wconf 81' lang='lat'><strong>71</strong></span> 
     </span>
    </p>
   </div>
   <div class='ocr_carea' id='block_1_9' title="bbox 1465 302 2641 1431">
    <p class='ocr_par' dir='ltr' id='par_1_15' title="bbox 1465 302 2568 568">
     <span class='ocr_line' id='line_1_28' title="bbox 1534 302 2568 359; baseline -0.003 -2"><span class='ocrx_word' id='word_1_150' title='bbox 1534 310 1624 357; x_wconf 74' lang='grc' dir='ltr'>Νῦν</span> <span class='ocrx_word' id='word_1_151' title='bbox 1659 304 1786 358; x_wconf 70' lang='grc' dir='ltr'>λύπην</span> <span class='ocrx_word' id='word_1_152' title='bbox 1824 302 1906 357; x_wconf 84' lang='grc' dir='ltr'>εἰπε</span> <span class='ocrx_word' id='word_1_153' title='bbox 1938 306 2006 359; x_wconf 90' lang='grc' dir='ltr'><strong>τον</strong></span> <span class='ocrx_word' id='word_1_154' title='bbox 2038 305 2171 359; x_wconf 74' lang='grc' dir='ltr'>πόνον·</span> <span class='ocrx_word' id='word_1_155' title='bbox 2207 309 2243 355; x_wconf 84' lang='grc' dir='ltr'><strong>οί</strong></span> <span class='ocrx_word' id='word_1_156' title='bbox 2275 303 2355 356; x_wconf 69' lang='grc' dir='ltr'><strong>οὖν</strong></span> <span class='ocrx_word' id='word_1_157' title='bbox 2375 303 2442 356; x_wconf 71' lang='grc' dir='ltr'><strong>διὰ</strong></span> <span class='ocrx_word' id='word_1_158' title='bbox 2471 305 2568 356; x_wconf 64' lang='grc' dir='ltr'>θεὸν</span> 
     </span>
     <span class='ocr_line' id='line_1_29' title="bbox 1465 374 2571 440; baseline 0.004 -15"><span class='ocrx_word' id='word_1_159' title='bbox 1465 381 1671 432; x_wconf 77' lang='grc' dir='ltr'>κοπιῶντες</span> <span class='ocrx_word' id='word_1_160' title='bbox 1701 397 1768 425; x_wconf 83' lang='grc' dir='ltr'><strong>και</strong></span> <span class='ocrx_word' id='word_1_161' title='bbox 1801 375 2054 440; x_wconf 83' lang='grc' dir='ltr'>ὄδυνωμενοι,</span> <span class='ocrx_word' id='word_1_162' title='bbox 2090 378 2147 429; x_wconf 83' lang='grc' dir='ltr'><strong>ἐπ’</strong></span> <span class='ocrx_word' id='word_1_163' title='bbox 2179 374 2226 426; x_wconf 77' lang='grc' dir='ltr'>ἂν</span> <span class='ocrx_word' id='word_1_164' title='bbox 2257 380 2472 440; x_wconf 82' lang='grc' dir='ltr'>μεθισθῶσι</span> <span class='ocrx_word' id='word_1_165' title='bbox 2496 399 2571 434; x_wconf 78' lang='grc' dir='ltr'>τη,-</span> 
     </span>
     <span class='ocr_line' id='line_1_30' title="bbox 1467 441 2567 516; baseline -0.002 -18"><span class='ocrx_word' id='word_1_166' title='bbox 1467 469 1564 516; x_wconf 85' lang='grc' dir='ltr'>προς</span> <span class='ocrx_word' id='word_1_167' title='bbox 1588 441 1658 497; x_wconf 74' lang='grc' dir='ltr'><strong>τοῧ</strong></span> <span class='ocrx_word' id='word_1_168' title='bbox 1681 467 1785 496; x_wconf 86' lang='grc' dir='ltr'>οικου</span> <span class='ocrx_word' id='word_1_169' title='bbox 1806 466 1938 512; x_wconf 82' lang='grc' dir='ltr'>κυριου</span> <span class='ocrx_word' id='word_1_170' title='bbox 1967 447 2180 508; x_wconf 71' lang='grc' dir='ltr'>πιότητος,</span> <span class='ocrx_word' id='word_1_171' title='bbox 2206 469 2284 498; x_wconf 90' lang='grc' dir='ltr'><strong>των</strong></span> <span class='ocrx_word' id='word_1_172' title='bbox 2309 450 2452 497; x_wconf 80' lang='grc' dir='ltr'>ὄδυνων</span> <span class='ocrx_word' id='word_1_173' title='bbox 2486 451 2567 500; x_wconf 77' lang='grc' dir='ltr'>ἔπι-</span> 
     </span>
     <span class='ocr_line' id='line_1_31' title="bbox 1468 514 1760 568; baseline 0 -2"><span class='ocrx_word' id='word_1_174' title='bbox 1468 514 1760 568; x_wconf 63' lang='grc' dir='ltr'>λανθάνονται.</span> 
     </span>
    </p>

    <p class='ocr_par' dir='ltr' id='par_1_16' title="bbox 1469 585 2569 725">
     <span class='ocr_line' id='line_1_32' title="bbox 1539 585 2569 655; baseline 0 -18"><span class='ocrx_word' id='word_1_175' title='bbox 1539 585 1626 640; x_wconf 72' lang='lat' dir='ltr'><strong>Tm</strong></span> <span class='ocrx_word' id='word_1_176' title='bbox 1651 608 1722 654; x_wconf 84' lang='grc' dir='ltr'><strong>προ</strong></span> <span class='ocrx_word' id='word_1_177' title='bbox 1724 585 1875 655; x_wconf 75' lang='grc' dir='ltr'>αἱρεσῖν</span> <span class='ocrx_word' id='word_1_178' title='bbox 1899 608 1970 638; x_wconf 91' lang='grc' dir='ltr'><strong>σου</strong></span> <span class='ocrx_word' id='word_1_179' title='bbox 1995 586 2066 652; x_wconf 85' lang='grc' dir='ltr'><strong>ἔχε</strong></span> <span class='ocrx_word' id='word_1_180' title='bbox 2090 590 2149 643; x_wconf 80' lang='grc' dir='ltr'><strong>εἰς</strong></span> <span class='ocrx_word' id='word_1_181' title='bbox 2174 610 2218 643; x_wconf 75' lang='grc' dir='ltr'><strong>το</strong></span> <span class='ocrx_word' id='word_1_182' title='bbox 2245 585 2453 655; x_wconf 77' lang='grc' dir='ltr'>προσέχειν</span> <span class='ocrx_word' id='word_1_183' title='bbox 2478 610 2569 644; x_wconf 79' lang='grc' dir='ltr'>τους</span> 
     </span>
     <span class='ocr_line' id='line_1_33' title="bbox 1469 654 2253 745; baseline -0.001 -38"><span class='ocrx_word' id='word_1_184' title='bbox 1469 654 1610 724; x_wconf 82' lang='grc' dir='ltr'>λογους</span> <span class='ocrx_word' id='word_1_185' title='bbox 1641 681 1753 722; x_wconf 80' lang='grc' dir='ltr'>μου,</span> <span class='ocrx_word' id='word_1_186' title='bbox 1786 655 2003 745; x_wconf 72' lang='grc' dir='ltr'><strong>εἰρημένους</strong></span> <span class='ocrx_word' id='word_1_187' title='bbox 2034 654 2112 708; x_wconf 79' lang='grc' dir='ltr'><strong>ὑπο</strong></span> <span class='ocrx_word' id='word_1_188' title='bbox 2140 660 2253 708; x_wconf 66' lang='grc' dir='ltr'>θεοῦ.</span> 
     </span>
    </p>

    <p class='ocr_par' dir='ltr' id='par_1_17' title="bbox 1470 725 2576 1006">
     <span class='ocr_line' id='line_1_34' title="bbox 1530 725 2572 814; baseline 0 -36"><span class='ocrx_word' id='word_1_189' title='bbox 1530 727 1703 792; x_wconf 82' lang='grc' dir='ltr'>’Άνεμος</span> <span class='ocrx_word' id='word_1_190' title='bbox 1738 727 1911 814; x_wconf 75' lang='grc' dir='ltr'>βορέας,</span> <span class='ocrx_word' id='word_1_191' title='bbox 1948 750 1968 776; x_wconf 96' lang='grc' dir='ltr'><strong>ο</strong></span> <span class='ocrx_word' id='word_1_192' title='bbox 2005 725 2188 790; x_wconf 78' lang='grc' dir='ltr'>διάβολος</span> <span class='ocrx_word' id='word_1_193' title='bbox 2209 765 2225 787; x_wconf 84' lang='grc'>,</span> <span class='ocrx_word' id='word_1_194' title='bbox 2261 726 2465 814; x_wconf 80' lang='grc' dir='ltr'>διεγείρων</span> <span class='ocrx_word' id='word_1_195' title='bbox 2502 753 2572 778; x_wconf 80' lang='grc' dir='ltr'><strong>και</strong></span> 
     </span>
     <span class='ocr_line' id='line_1_35' title="bbox 1471 794 2571 885; baseline -0.001 -37"><span class='ocrx_word' id='word_1_196' title='bbox 1471 797 1665 885; x_wconf 79' lang='grc' dir='ltr'>πειράζων</span> <span class='ocrx_word' id='word_1_197' title='bbox 1691 821 1779 855; x_wconf 83' lang='grc' dir='ltr'>τους</span> <span class='ocrx_word' id='word_1_198' title='bbox 1801 797 1936 864; x_wconf 76' lang='grc' dir='ltr'>ἁγίους</span> <span class='ocrx_word' id='word_1_199' title='bbox 1960 794 2133 863; x_wconf 75' lang='grc' dir='ltr'>ὑψηλους</span> <span class='ocrx_word' id='word_1_200' title='bbox 2156 795 2299 853; x_wconf 79' lang='grc' dir='ltr'>αὐτους</span> <span class='ocrx_word' id='word_1_201' title='bbox 2330 820 2477 883; x_wconf 66' lang='grc' dir='ltr'>ρντας,</span> <span class='ocrx_word' id='word_1_202' title='bbox 2503 822 2571 849; x_wconf 82' lang='grc' dir='ltr'><strong>και</strong></span> 
     </span>
     <span class='ocr_line' id='line_1_36' title="bbox 1470 865 2576 954; baseline -0.003 -33"><span class='ocrx_word' id='word_1_203' title='bbox 1470 867 1527 934; x_wconf 73' lang='grc' dir='ltr'>μῆ</span> <span class='ocrx_word' id='word_1_204' title='bbox 1561 867 1694 918; x_wconf 65' lang='grc' dir='ltr'>θέλων</span> <span class='ocrx_word' id='word_1_205' title='bbox 1731 865 1991 954; x_wconf 66' lang='grc' dir='ltr'>ἐργαζεσθοιι</span> <span class='ocrx_word' id='word_1_206' title='bbox 2028 890 2078 923; x_wconf 81' lang='grc' dir='ltr'>η</span> <span class='ocrx_word' id='word_1_207' title='bbox 2094 867 2250 936; x_wconf 76' lang='grc' dir='ltr'>ἔγεῖρων</span> <span class='ocrx_word' id='word_1_208' title='bbox 2294 865 2433 934; x_wconf 71' lang='grc' dir='ltr'>λόγους</span> <span class='ocrx_word' id='word_1_209' title='bbox 2469 867 2576 921; x_wconf 82' lang='grc' dir='ltr'><strong>κατᾶ</strong></span> 
     </span>
     <span class='ocr_line' id='line_1_37' title="bbox 1473 937 1983 1029; baseline -0.006 -37"><span class='ocrx_word' id='word_1_210' title='bbox 1473 962 1550 992; x_wconf 86' lang='grc' dir='ltr'><strong>των</strong></span> <span class='ocrx_word' id='word_1_211' title='bbox 1581 942 1724 990; x_wconf 73' lang='grc' dir='ltr'>ἑαυτοῦ</span> <span class='ocrx_word' id='word_1_212' title='bbox 1751 937 1983 1029; x_wconf 85' lang='grc' dir='ltr'>δογματων.</span> 
     </span>
    </p>

    <p class='ocr_par' dir='ltr' id='par_1_18' title="bbox 1474 1005 2571 1219">
     <span class='ocr_line' id='line_1_38' title="bbox 1496 1005 2571 1098; baseline -0.002 -38.935"><span class='ocrx_word' id='word_1_213' title='bbox 1496 1014 1692 1098; x_wconf 78' lang='grc' dir='ltr'>Ὠσπερ</span> <span class='ocrx_word' id='word_1_214' title='bbox 1729 1005 1795 1060; x_wconf 52' lang='lat' dir='ltr'><strong>cdv</strong></span> <span class='ocrx_word' id='word_1_215' title='bbox 1830 1013 1962 1062; x_wconf 72' lang='grc' dir='ltr'>ταῦτα</span> <span class='ocrx_word' id='word_1_216' title='bbox 1999 1007 2203 1078; x_wconf 76' lang='grc' dir='ltr'>μεταφέρει</span> <span class='ocrx_word' id='word_1_217' title='bbox 2238 1013 2391 1074; x_wconf 78' lang='grc' dir='ltr'>μᾶλλον</span> <span class='ocrx_word' id='word_1_218' title='bbox 2428 1007 2491 1062; x_wconf 81' lang='grc' dir='ltr'><strong>ἐπι</strong></span> <span class='ocrx_word' id='word_1_219' title='bbox 2526 1031 2571 1060; x_wconf 88' lang='grc' dir='ltr'><strong>το</strong></span> 
     </span>
     <span class='ocr_line' id='line_1_39' title="bbox 1474 1075 2571 1148; baseline -0.002 -17"><span class='ocrx_word' id='word_1_220' title='bbox 1474 1075 1519 1131; x_wconf 69' lang='grc' dir='ltr'><strong>εῧ</strong></span> <span class='ocrx_word' id='word_1_221' title='bbox 1551 1079 1650 1146; x_wconf 84' lang='grc' dir='ltr'>ἔχον</span> <span class='ocrx_word' id='word_1_222' title='bbox 1688 1103 1742 1133; x_wconf 90' lang='grc' dir='ltr'><strong>τα</strong></span> <span class='ocrx_word' id='word_1_223' title='bbox 1777 1084 1896 1146; x_wconf 82' lang='grc' dir='ltr'><strong>ζῷα,</strong></span> <span class='ocrx_word' id='word_1_224' title='bbox 1932 1083 2056 1137; x_wconf 72' lang='grc' dir='ltr'>οὕτως</span> <span class='ocrx_word' id='word_1_225' title='bbox 2090 1083 2116 1133; x_wconf 79' lang='grc' dir='ltr'><strong>ἡ</strong></span> <span class='ocrx_word' id='word_1_226' title='bbox 2150 1079 2306 1148; x_wconf 83' lang='grc' dir='ltr'>ράβδος</span> <span class='ocrx_word' id='word_1_227' title='bbox 2314 1119 2331 1139; x_wconf 85' lang='grc'>,</span> <span class='ocrx_word' id='word_1_228' title='bbox 2369 1076 2571 1133; x_wconf 70' lang='grc' dir='ltr'>τουτέστιν</span> 
     </span>
     <span class='ocr_line' id='line_1_40' title="bbox 1475 1149 2412 1219; baseline -0.001 -18"><span class='ocrx_word' id='word_1_229' title='bbox 1475 1149 1683 1215; x_wconf 85' lang='grc' dir='ltr'>ἑπιτιμια,</span> <span class='ocrx_word' id='word_1_230' title='bbox 1715 1174 1764 1203; x_wconf 88' lang='grc' dir='ltr'><strong>το</strong></span> <span class='ocrx_word' id='word_1_231' title='bbox 1792 1172 2021 1219; x_wconf 83' lang='grc' dir='ltr'>παρανομον</span> <span class='ocrx_word' id='word_1_232' title='bbox 2054 1149 2175 1207; x_wconf 66' lang='grc' dir='ltr'>ἔθνος</span> <span class='ocrx_word' id='word_1_233' title='bbox 2203 1150 2412 1218; x_wconf 66' lang='grc' dir='ltr'>ῥυθμίζει.</span> 
     </span>
    </p>

    <p class='ocr_par' dir='ltr' id='par_1_19' title="bbox 1474 1220 2573 1431">
     <span class='ocr_line' id='line_1_41' title="bbox 1544 1220 2572 1311; baseline 0 -39"><span class='ocrx_word' id='word_1_234' title='bbox 1544 1225 1636 1272; x_wconf 79' lang='grc' dir='ltr'>Τῶν</span> <span class='ocrx_word' id='word_1_235' title='bbox 1673 1242 1884 1283; x_wconf 86' lang='grc' dir='ltr'>τοιουτων,</span> <span class='ocrx_word' id='word_1_236' title='bbox 1929 1245 2050 1291; x_wconf 77' lang='grc' dir='ltr'>φησι,</span> <span class='ocrx_word' id='word_1_237' title='bbox 2085 1220 2273 1311; x_wconf 81' lang='grc' dir='ltr'>περιαίρει</span> <span class='ocrx_word' id='word_1_238' title='bbox 2309 1225 2465 1286; x_wconf 76' lang='grc' dir='ltr'>μᾶλλον</span> <span class='ocrx_word' id='word_1_239' title='bbox 2502 1240 2572 1275; x_wconf 85' lang='grc' dir='ltr'><strong>την</strong></span> 
     </span>
     <span class='ocr_line' id='line_1_42' title="bbox 1475 1231 2641 1361; baseline -0.002 -18"><span class='ocrx_word' id='word_1_240' title='bbox 1475 1290 1720 1354; x_wconf 77' lang='grc' dir='ltr'>δυναςείαν,</span> <span class='ocrx_word' id='word_1_241' title='bbox 1745 1316 1810 1343; x_wconf 81' lang='grc' dir='ltr'><strong>και</strong></span> <span class='ocrx_word' id='word_1_242' title='bbox 1841 1291 1946 1357; x_wconf 68' lang='grc' dir='ltr'>μήτε</span> <span class='ocrx_word' id='word_1_243' title='bbox 1976 1314 2188 1361; x_wconf 83' lang='grc' dir='ltr'>πρακτικην</span> <span class='ocrx_word' id='word_1_244' title='bbox 2222 1291 2349 1360; x_wconf 66' lang='grc' dir='ltr'>ἀρχὴν</span> <span class='ocrx_word' id='word_1_245' title='bbox 2379 1290 2484 1357; x_wconf 67' lang='grc' dir='ltr'>μήτε</span> <span class='ocrx_word' id='word_1_246' title='bbox 2507 1231 2641 1342; x_wconf 49' lang='lat' dir='ltr'><strong>&amp;mx</strong></span> 
     </span>
     <span class='ocr_line' id='line_1_43' title="bbox 1474 1362 2018 1431; baseline -0.002 -18"><span class='ocrx_word' id='word_1_247' title='bbox 1474 1383 1584 1431; x_wconf 86' lang='grc' dir='ltr'>γικην</span> <span class='ocrx_word' id='word_1_248' title='bbox 1617 1363 1771 1420; x_wconf 73' lang='grc' dir='ltr'>τούτοις</span> <span class='ocrx_word' id='word_1_249' title='bbox 1804 1362 2018 1431; x_wconf 84' lang='grc' dir='ltr'>ἔγχείριζε.</span> 
     </span>
    </p>
   </div>
   <div class='ocr_carea' id='block_1_10' title="bbox 2614 316 2828 376">
    <p class='ocr_par' dir='ltr' id='par_1_20' title="bbox 2614 316 2818 376">
     <span class='ocr_line' id='line_1_44' title="bbox 2614 316 2694 340; baseline 0 -2"><span class='ocrx_word' id='word_1_250' title='bbox 2614 316 2694 340; x_wconf 86' lang='grc' dir='ltr'>ν.6.</span> 
     </span>
     <span class='ocr_line' id='line_1_45' title="bbox 2614 347 2828 376; baseline -0.005 0"><span class='ocrx_word' id='word_1_251' title='bbox 2614 347 2828 376; x_wconf 47' lang='lat' dir='ltr'><strong>minsa,</strong></span> 
     </span>
    </p>
   </div>
   <div class='ocr_carea' id='block_1_11' title="bbox 2612 598 2744 658">
    <p class='ocr_par' dir='ltr' id='par_1_21' title="bbox 2612 598 2744 658">
     <span class='ocr_line' id='line_1_46' title="bbox 2613 598 2692 622; baseline 0.013 -1"><span class='ocrx_word' id='word_1_252' title='bbox 2613 601 2643 622; x_wconf 72' lang='lat' dir='ltr'><strong>v.</strong></span> <span class='ocrx_word' id='word_1_253' title='bbox 2664 598 2692 622; x_wconf 79' lang='lat'><strong>8.</strong></span> 
     </span>
     <span class='ocr_line' id='line_1_47' title="bbox 2612 629 2744 658; baseline 0 0"><span class='ocrx_word' id='word_1_254' title='bbox 2612 629 2692 658; x_wconf 74' lang='lat' dir='ltr'><strong>ibid.</strong></span> <span class='ocrx_word' id='word_1_255' title='bbox 2713 629 2744 658; x_wconf 84' lang='lat' dir='ltr'><strong>b.</strong></span> 
     </span>
    </p>
   </div>
   <div class='ocr_carea' id='block_1_12' title="bbox 2612 736 2897 836">
    <p class='ocr_par' dir='ltr' id='par_1_22' title="bbox 2612 736 2897 836">
     <span class='ocr_line' id='line_1_48' title="bbox 2612 736 2897 792; baseline 0.007 -29"><span class='ocrx_word' id='word_1_256' title='bbox 2612 736 2724 792; x_wconf 52' lang='lat' dir='ltr'><strong>Graec.</strong></span> <span class='ocrx_word' id='word_1_257' title='bbox 2748 743 2814 772; x_wconf 82' lang='lat' dir='ltr'><strong>cap.</strong></span> <span class='ocrx_word' id='word_1_258' title='bbox 2832 737 2897 765; x_wconf 75' lang='lat' dir='ltr'><strong>xx.</strong></span> 
     </span>
     <span class='ocr_line' id='line_1_49' title="bbox 2615 776 2826 836; baseline 0 -1"><span class='ocrx_word' id='word_1_259' title='bbox 2615 776 2778 836; x_wconf 58' lang='lat' dir='ltr'><strong>K.‘13122.</strong></span> <span class='ocrx_word' id='word_1_260' title='bbox 2800 815 2826 835; x_wconf 86' lang='lat' dir='ltr'><strong>a.</strong></span> 
     </span>
    </p>
   </div>
   <div class='ocr_carea' id='block_1_13' title="bbox 2615 1008 2895 1109">
    <p class='ocr_par' dir='ltr' id='par_1_23' title="bbox 2616 1008 2895 1109">
     <span class='ocr_line' id='line_1_50' title="bbox 2616 1008 2895 1044; baseline 0.011 -9"><span class='ocrx_word' id='word_1_261' title='bbox 2616 1008 2671 1036; x_wconf 81' lang='lat' dir='ltr'><strong>Gr.</strong></span> <span class='ocrx_word' id='word_1_262' title='bbox 2694 1014 2760 1044; x_wconf 80' lang='lat' dir='ltr'><strong>cap.</strong></span> <span class='ocrx_word' id='word_1_263' title='bbox 2781 1008 2895 1038; x_wconf 72' lang='lat' dir='ltr'><strong>xxw.</strong></span> 
     </span>
     <span class='ocr_line' id='line_1_51' title="bbox 2615 1047 2821 1109; baseline 0.005 -2.005"><span class='ocrx_word' id='word_1_264' title='bbox 2615 1050 2652 1107; x_wconf 76' lang='lat' dir='ltr'><strong>A&#39;.</strong></span> <span class='ocrx_word' id='word_1_265' title='bbox 2666 1047 2693 1108; x_wconf 54' lang='grc' dir='ltr'><strong>Ξ.</strong></span> <span class='ocrx_word' id='word_1_266' title='bbox 2711 1083 2770 1108; x_wconf 80' lang='lat'><strong>123.</strong></span> <span class='ocrx_word' id='word_1_267' title='bbox 2792 1079 2821 1109; x_wconf 80' lang='lat' dir='ltr'><strong>b.</strong></span> 
     </span>
    </p>
   </div>
   <div class='ocr_carea' id='block_1_14' title="bbox 1508 1431 2708 1521">
    <p class='ocr_par' dir='ltr' id='par_1_24' title="bbox 1508 1431 2708 1521">
     <span class='ocr_line' id='line_1_52' title="bbox 1508 1431 2708 1521; baseline -0.002 -36"><span class='ocrx_word' id='word_1_268' title='bbox 1508 1435 1602 1485; x_wconf 69' lang='lat' dir='ltr'><strong>Ei&#39;</strong></span> <span class='ocrx_word' id='word_1_269' title='bbox 1580 1456 1657 1485; x_wconf 88' lang='grc' dir='ltr'><strong>απο</strong></span> <span class='ocrx_word' id='word_1_270' title='bbox 1672 1439 1832 1521; x_wconf 77' lang='grc' dir='ltr'>καρπῶν</span> <span class='ocrx_word' id='word_1_271' title='bbox 1851 1433 2100 1490; x_wconf 77' lang='grc' dir='ltr'>δικαιοσύνης</span> <span class='ocrx_word' id='word_1_272' title='bbox 2120 1454 2259 1502; x_wconf 80' lang='grc' dir='ltr'>φυεται</span> <span class='ocrx_word' id='word_1_273' title='bbox 2279 1431 2432 1501; x_wconf 74' lang='grc' dir='ltr'>δένδρον</span> <span class='ocrx_word' id='word_1_274' title='bbox 2449 1438 2572 1495; x_wconf 75' lang='grc' dir='ltr'>ζωῆς,</span> <span class='ocrx_word' id='word_1_275' title='bbox 2638 1458 2645 1465; x_wconf 93' lang='grc'><em>·</em></span> <span class='ocrx_word' id='word_1_276' title='bbox 2683 1449 2708 1466; x_wconf 76' lang='lat'><strong>⁰·</strong></span> 
     </span>
    </p>
   </div>
   <div class='ocr_carea' id='block_1_15' title="bbox 1473 1502 2573 1997">
    <p class='ocr_par' dir='ltr' id='par_1_25' title="bbox 1473 1502 2573 1997">
     <span class='ocr_line' id='line_1_53' title="bbox 1474 1502 2573 1590; baseline -0.003 -34"><span class='ocrx_word' id='word_1_277' title='bbox 1474 1509 1554 1561; x_wconf 80' lang='grc' dir='ltr'>πᾶς</span> <span class='ocrx_word' id='word_1_278' title='bbox 1573 1505 1596 1555; x_wconf 86' lang='lat'><strong>0‘</strong></span> <span class='ocrx_word' id='word_1_279' title='bbox 1611 1502 1794 1571; x_wconf 67' lang='grc' dir='ltr'>κρύπτων</span> <span class='ocrx_word' id='word_1_280' title='bbox 1813 1526 1886 1558; x_wconf 85' lang='grc' dir='ltr'><strong>την</strong></span> <span class='ocrx_word' id='word_1_281' title='bbox 1899 1502 2147 1557; x_wconf 77' lang='grc' dir='ltr'>ὃικαιοσυνην</span> <span class='ocrx_word' id='word_1_282' title='bbox 2165 1527 2218 1570; x_wconf 78' lang='grc' dir='ltr'>τῃ</span> <span class='ocrx_word' id='word_1_283' title='bbox 2196 1503 2481 1590; x_wconf 46' lang='grc' dir='ltr'>ἶαδικιᾳῶτις</span> <span class='ocrx_word' id='word_1_284' title='bbox 2501 1503 2573 1554; x_wconf 82' lang='grc' dir='ltr'>λε’-</span> 
     </span>
     <span class='ocr_line' id='line_1_54' title="bbox 1473 1573 2568 1663; baseline -0.002 -37"><span class='ocrx_word' id='word_1_285' title='bbox 1473 1597 1587 1641; x_wconf 88' lang='grc' dir='ltr'>γεται</span> <span class='ocrx_word' id='word_1_286' title='bbox 1610 1596 1724 1644; x_wconf 85' lang='grc' dir='ltr'>χειρ,</span> <span class='ocrx_word' id='word_1_287' title='bbox 1745 1596 1790 1624; x_wconf 92' lang='grc' dir='ltr'><strong>ου</strong></span> <span class='ocrx_word' id='word_1_288' title='bbox 1811 1573 2050 1641; x_wconf 84' lang='grc' dir='ltr'>βρωσετοιι’</span> <span class='ocrx_word' id='word_1_289' title='bbox 2034 1597 2075 1625; x_wconf 87' lang='grc' dir='ltr'><strong>εκ</strong></span> <span class='ocrx_word' id='word_1_290' title='bbox 2095 1595 2164 1626; x_wconf 82' lang='grc' dir='ltr'><strong>του</strong></span> <span class='ocrx_word' id='word_1_291' title='bbox 2182 1579 2255 1632; x_wconf 69' lang='grc' dir='ltr'>τῆς</span> <span class='ocrx_word' id='word_1_292' title='bbox 2274 1579 2376 1633; x_wconf 69' lang='grc' dir='ltr'>ζωῆς</span> <span class='ocrx_word' id='word_1_293' title='bbox 2396 1574 2568 1663; x_wconf 74' lang='grc' dir='ltr'>δένδρου.</span> 
     </span>
     <span class='ocr_line' id='line_1_55' title="bbox 1545 1647 2570 1714; baseline -0.001 -17"><span class='ocrx_word' id='word_1_294' title='bbox 1545 1648 1636 1697; x_wconf 82' lang='grc' dir='ltr'><strong>Των</strong></span> <span class='ocrx_word' id='word_1_295' title='bbox 1670 1650 1865 1711; x_wconf 65' lang='grc' dir='ltr'>μαθητῶν</span> <span class='ocrx_word' id='word_1_296' title='bbox 1901 1669 2003 1707; x_wconf 86' lang='grc' dir='ltr'>σου,</span> <span class='ocrx_word' id='word_1_297' title='bbox 2035 1647 2106 1696; x_wconf 76' lang='grc' dir='ltr'>’ἵνα</span> <span class='ocrx_word' id='word_1_298' title='bbox 2140 1669 2196 1710; x_wconf 88' lang='grc' dir='ltr'><strong>μη</strong></span> <span class='ocrx_word' id='word_1_299' title='bbox 2233 1668 2336 1714; x_wconf 67' lang='grc' dir='ltr'>προς</span> <span class='ocrx_word' id='word_1_300' title='bbox 2382 1667 2452 1699; x_wconf 90' lang='grc' dir='ltr'><strong>την</strong></span> <span class='ocrx_word' id='word_1_301' title='bbox 2489 1648 2570 1703; x_wconf 83' lang='grc' dir='ltr'>ἕξιν</span> 
     </span>
     <span class='ocr_line' id='line_1_56' title="bbox 1475 1715 2040 1784; baseline 0.002 -20"><span class='ocrx_word' id='word_1_302' title='bbox 1475 1715 1628 1784; x_wconf 69' lang='grc' dir='ltr'>ἐπάγῃς</span> <span class='ocrx_word' id='word_1_303' title='bbox 1659 1740 1733 1770; x_wconf 84' lang='grc' dir='ltr'><strong>την</strong></span> <span class='ocrx_word' id='word_1_304' title='bbox 1757 1715 2040 1768; x_wconf 72' lang='grc' dir='ltr'>διδασκαλίαν.</span> 
     </span>
     <span class='ocr_line' id='line_1_57' title="bbox 1544 1784 2568 1855; baseline 0.003 -21"><span class='ocrx_word' id='word_1_305' title='bbox 1544 1788 1628 1840; x_wconf 77' lang='grc' dir='ltr'>Τῆν</span> <span class='ocrx_word' id='word_1_306' title='bbox 1651 1785 1818 1855; x_wconf 84' lang='grc' dir='ltr'>θεωριαν</span> <span class='ocrx_word' id='word_1_307' title='bbox 1842 1792 1919 1840; x_wconf 77' lang='grc' dir='ltr'><strong>τῶν</strong></span> <span class='ocrx_word' id='word_1_308' title='bbox 1940 1785 2186 1855; x_wconf 74' lang='grc' dir='ltr'>γεγονότων,</span> <span class='ocrx_word' id='word_1_309' title='bbox 2209 1786 2275 1837; x_wconf 72' lang='grc' dir='ltr'><strong>καὶ</strong></span> <span class='ocrx_word' id='word_1_310' title='bbox 2301 1787 2376 1840; x_wconf 69' lang='grc' dir='ltr'>τῆν</span> <span class='ocrx_word' id='word_1_311' title='bbox 2401 1784 2568 1855; x_wconf 75' lang='grc' dir='ltr'>θεωρίαν</span> 
     </span>
     <span class='ocr_line' id='line_1_58' title="bbox 1476 1856 2570 1926; baseline -0.002 -18"><span class='ocrx_word' id='word_1_312' title='bbox 1476 1861 1548 1914; x_wconf 77' lang='grc' dir='ltr'>τῆς</span> <span class='ocrx_word' id='word_1_313' title='bbox 1580 1856 1703 1924; x_wconf 76' lang='grc' dir='ltr'>ἁγίας</span> <span class='ocrx_word' id='word_1_314' title='bbox 1735 1856 1915 1924; x_wconf 77' lang='grc' dir='ltr'>τριοίδος,</span> <span class='ocrx_word' id='word_1_315' title='bbox 1949 1858 2097 1922; x_wconf 78' lang='grc' dir='ltr'>ἔνδυμα</span> <span class='ocrx_word' id='word_1_316' title='bbox 2128 1856 2226 1908; x_wconf 62' lang='grc' dir='ltr'>εἷναι</span> <span class='ocrx_word' id='word_1_317' title='bbox 2258 1856 2367 1926; x_wconf 75' lang='grc' dir='ltr'>λέγει</span> <span class='ocrx_word' id='word_1_318' title='bbox 2397 1864 2464 1907; x_wconf 74' lang='grc' dir='ltr'><strong>νοῦ</strong></span> <span class='ocrx_word' id='word_1_319' title='bbox 2494 1880 2570 1907; x_wconf 82' lang='grc' dir='ltr'><strong>κα-</strong></span> 
     </span>
     <span class='ocr_line' id='line_1_59' title="bbox 1474 1926 2223 1997; baseline 0.001 -21"><span class='ocrx_word' id='word_1_320' title='bbox 1474 1932 1626 1995; x_wconf 63' lang='grc' dir='ltr'>θαροῦ,</span> <span class='ocrx_word' id='word_1_321' title='bbox 1658 1932 1699 1978; x_wconf 83' lang='grc' dir='ltr'><strong>ἐκ</strong></span> <span class='ocrx_word' id='word_1_322' title='bbox 1727 1927 1882 1990; x_wconf 76' lang='grc' dir='ltr'>βύσσου</span> <span class='ocrx_word' id='word_1_323' title='bbox 1911 1926 1980 1978; x_wconf 76' lang='grc' dir='ltr'><strong>καί</strong></span> <span class='ocrx_word' id='word_1_324' title='bbox 2009 1927 2223 1997; x_wconf 71' lang='grc' dir='ltr'>πορφύρας.</span> 
     </span>
    </p>
   </div>
   <div class='ocr_carea' id='block_1_16' title="bbox 691 2044 2189 2128">
    <p class='ocr_par' dir='ltr' id='par_1_26' title="bbox 691 2044 2189 2128">
     <span class='ocr_line' id='line_1_60' title="bbox 691 2044 2189 2128; baseline 0.001 -4"><span class='ocrx_word' id='word_1_325' title='bbox 691 2081 775 2125; x_wconf 89' lang='lat' dir='ltr'><strong>EX</strong></span> <span class='ocrx_word' id='word_1_326' title='bbox 806 2079 930 2126; x_wconf 92' lang='grc' dir='ltr'><strong>ΤΩΝ</strong></span> <span class='ocrx_word' id='word_1_327' title='bbox 960 2080 1142 2125; x_wconf 91' lang='grc' dir='ltr'>ΑΓΙΟΥ</span> <span class='ocrx_word' id='word_1_328' title='bbox 1174 2051 1531 2127; x_wconf 68' lang='grc' dir='ltr'>ΙΠΠΟᾸΥΤΟΥ</span> <span class='ocrx_word' id='word_1_329' title='bbox 1563 2082 1657 2127; x_wconf 88' lang='grc' dir='ltr'><strong>ΕΙΣ</strong></span> <span class='ocrx_word' id='word_1_330' title='bbox 1694 2083 1808 2128; x_wconf 86' lang='grc' dir='ltr'><strong>ΤΑΣ</strong></span> <span class='ocrx_word' id='word_1_331' title='bbox 1844 2044 2189 2128; x_wconf 74' lang='grc' dir='ltr'><strong>ΠΑΡΟῙΜΙΑΣ.</strong></span> 
     </span>
    </p>
   </div>
   <div class='ocr_carea' id='block_1_17' title="bbox 307 2203 1409 2513">
    <p class='ocr_par' dir='ltr' id='par_1_27' title="bbox 307 2203 1409 2513">
     <span class='ocr_line' id='line_1_61' title="bbox 308 2203 1406 2276; baseline 0 -9"><span class='ocrx_word' id='word_1_332' title='bbox 308 2203 582 2268; x_wconf 73' lang='grc' dir='ltr'>ΗῑΡΡοιΥτῙ.</span> <span class='ocrx_word' id='word_1_333' title='bbox 607 2227 805 2267; x_wconf 84' lang='lat' dir='ltr'><strong>Proverbia</strong></span> <span class='ocrx_word' id='word_1_334' title='bbox 828 2228 944 2276; x_wconf 87' lang='lat' dir='ltr'><strong>igitur</strong></span> <span class='ocrx_word' id='word_1_335' title='bbox 959 2237 1148 2266; x_wconf 86' lang='lat' dir='ltr'><strong>sermones</strong></span> <span class='ocrx_word' id='word_1_336' title='bbox 1164 2228 1406 2268; x_wconf 86' lang='lat' dir='ltr'><strong>exhortatorii</strong></span> 
     </span>
     <span class='ocr_line' id='line_1_62' title="bbox 307 2285 1407 2337; baseline 0 -11"><span class='ocrx_word' id='word_1_337' title='bbox 307 2293 411 2333; x_wconf 88' lang='lat' dir='ltr'><strong>sunt,</strong></span> <span class='ocrx_word' id='word_1_338' title='bbox 428 2287 492 2337; x_wconf 89' lang='lat' dir='ltr'><strong>qui</strong></span> <span class='ocrx_word' id='word_1_339' title='bbox 504 2287 698 2325; x_wconf 84' lang='lat' dir='ltr'><strong>universae</strong></span> <span class='ocrx_word' id='word_1_340' title='bbox 711 2287 806 2324; x_wconf 84' lang='lat' dir='ltr'><strong>vitae</strong></span> <span class='ocrx_word' id='word_1_341' title='bbox 820 2285 1067 2325; x_wconf 89' lang='lat' dir='ltr'><strong>moderandae</strong></span> <span class='ocrx_word' id='word_1_342' title='bbox 1079 2286 1277 2329; x_wconf 87' lang='lat' dir='ltr'><strong>conferunt</strong></span> <span class='ocrx_word' id='word_1_343' title='bbox 1291 2300 1299 2324; x_wconf 91' lang='lat'>:</span> <span class='ocrx_word' id='word_1_344' title='bbox 1317 2298 1407 2326; x_wconf 90' lang='lat' dir='ltr'><strong>nam</strong></span> 
     </span>
     <span class='ocr_line' id='line_1_63' title="bbox 308 2344 1408 2396; baseline -0.001 -11"><span class='ocrx_word' id='word_1_345' title='bbox 308 2348 356 2385; x_wconf 90' lang='lat' dir='ltr'><strong>iis</strong></span> <span class='ocrx_word' id='word_1_346' title='bbox 372 2348 438 2396; x_wconf 90' lang='lat' dir='ltr'><strong>qui</strong></span> <span class='ocrx_word' id='word_1_347' title='bbox 459 2346 532 2384; x_wconf 87' lang='lat' dir='ltr'><strong>iter</strong></span> <span class='ocrx_word' id='word_1_348' title='bbox 546 2344 595 2383; x_wconf 91' lang='lat' dir='ltr'><strong>ad</strong></span> <span class='ocrx_word' id='word_1_349' title='bbox 610 2347 733 2383; x_wconf 90' lang='lat' dir='ltr'><strong>Deum</strong></span> <span class='ocrx_word' id='word_1_350' title='bbox 757 2345 976 2391; x_wconf 86' lang='lat' dir='ltr'><strong>instituunt,</strong></span> <span class='ocrx_word' id='word_1_351' title='bbox 1003 2345 1117 2385; x_wconf 85' lang='lat' dir='ltr'><strong>duces</strong></span> <span class='ocrx_word' id='word_1_352' title='bbox 1134 2345 1287 2394; x_wconf 86' lang='lat' dir='ltr'><strong>quidam</strong></span> <span class='ocrx_word' id='word_1_353' title='bbox 1309 2346 1408 2384; x_wconf 89' lang='lat' dir='ltr'><strong>fiunt</strong></span> 
     </span>
     <span class='ocr_line' id='line_1_64' title="bbox 309 2404 1409 2454; baseline 0 -10"><span class='ocrx_word' id='word_1_354' title='bbox 309 2418 353 2445; x_wconf 90' lang='lat' dir='ltr'><strong>ac</strong></span> <span class='ocrx_word' id='word_1_355' title='bbox 383 2406 498 2444; x_wconf 81' lang='lat' dir='ltr'><strong>veluti</strong></span> <span class='ocrx_word' id='word_1_356' title='bbox 518 2404 685 2451; x_wconf 90' lang='lat' dir='ltr'><strong>indices,</strong></span> <span class='ocrx_word' id='word_1_357' title='bbox 702 2404 768 2450; x_wconf 79' lang='lat' dir='ltr'><strong>qui</strong></span> <span class='ocrx_word' id='word_1_358' title='bbox 792 2404 1002 2443; x_wconf 86' lang='lat' dir='ltr'><strong>laborantes</strong></span> <span class='ocrx_word' id='word_1_359' title='bbox 1026 2416 1048 2443; x_wconf 92' lang='lat' dir='ltr'><strong>a</strong></span> <span class='ocrx_word' id='word_1_360' title='bbox 1072 2406 1150 2443; x_wconf 87' lang='lat' dir='ltr'><strong>viae</strong></span> <span class='ocrx_word' id='word_1_361' title='bbox 1172 2405 1409 2454; x_wconf 84' lang='lat' dir='ltr'><strong>longitudine</strong></span> 
     </span>
     <span class='ocr_line' id='line_1_65' title="bbox 307 2464 1408 2513; baseline 0.002 -11"><span class='ocrx_word' id='word_1_362' title='bbox 307 2470 487 2504; x_wconf 88' lang='lat' dir='ltr'><strong>recreant.</strong></span> <span class='ocrx_word' id='word_1_363' title='bbox 516 2466 631 2502; x_wconf 91' lang='lat' dir='ltr'><strong>Porro</strong></span> <span class='ocrx_word' id='word_1_364' title='bbox 657 2464 748 2502; x_wconf 90' lang='lat' dir='ltr'><strong>haec</strong></span> <span class='ocrx_word' id='word_1_365' title='bbox 771 2464 960 2512; x_wconf 87' lang='lat' dir='ltr'><strong>proverbia</strong></span> <span class='ocrx_word' id='word_1_366' title='bbox 985 2464 1195 2502; x_wconf 85' lang='lat' dir='ltr'><strong>salomonis</strong></span> <span class='ocrx_word' id='word_1_367' title='bbox 1213 2470 1302 2503; x_wconf 89' lang='lat' dir='ltr'><strong>sunt</strong></span> <span class='ocrx_word' id='word_1_368' title='bbox 1316 2493 1326 2511; x_wconf 93' lang='lat'>‚</span> <span class='ocrx_word' id='word_1_369' title='bbox 1345 2475 1408 2513; x_wconf 88' lang='lat' dir='ltr'><strong>pa-</strong></span> 
     </span>
    </p>
   </div>
   <div class='ocr_carea' id='block_1_18' title="bbox 309 2525 1458 2574">
    <p class='ocr_par' dir='ltr' id='par_1_28' title="bbox 309 2525 1458 2574">
     <span class='ocr_line' id='line_1_66' title="bbox 309 2525 1458 2574; baseline 0.001 -10"><span class='ocrx_word' id='word_1_370' title='bbox 309 2526 406 2565; x_wconf 85' lang='lat' dir='ltr'><strong>cifici</strong></span> <span class='ocrx_word' id='word_1_371' title='bbox 429 2526 609 2564; x_wconf 89' lang='lat' dir='ltr'><strong>nimirum</strong></span> <span class='ocrx_word' id='word_1_372' title='bbox 623 2554 635 2571; x_wconf 83' lang='lat'>,</span> <span class='ocrx_word' id='word_1_373' title='bbox 651 2526 724 2564; x_wconf 90' lang='lat' dir='ltr'><strong>sive</strong></span> <span class='ocrx_word' id='word_1_374' title='bbox 738 2526 879 2565; x_wconf 82' lang='lat' dir='ltr'><strong>Christi</strong></span> <span class='ocrx_word' id='word_1_375' title='bbox 891 2525 1096 2564; x_wconf 87' lang='lat' dir='ltr'><strong>servatoris.</strong></span> <span class='ocrx_word' id='word_1_376' title='bbox 1114 2526 1211 2574; x_wconf 87' lang='lat' dir='ltr'><strong>Quia</strong></span> <span class='ocrx_word' id='word_1_377' title='bbox 1228 2536 1312 2564; x_wconf 86' lang='lat' dir='ltr'><strong>vero</strong></span> <span class='ocrx_word' id='word_1_378' title='bbox 1329 2528 1408 2565; x_wconf 87' lang='lat' dir='ltr'><strong>Do·</strong></span> <span class='ocrx_word' id='word_1_379' title='bbox 1453 2530 1458 2534; x_wconf 84' lang='lat'><em>&#39;</em></span> 
     </span>
    </p>
   </div>
   <div class='ocr_carea' id='block_1_19' title="bbox 277 2584 1414 3856">
    <p class='ocr_par' dir='ltr' id='par_1_29' title="bbox 277 2584 1414 3856">
     <span class='ocr_line' id='line_1_67' title="bbox 311 2584 1409 2634; baseline 0 -10"><span class='ocrx_word' id='word_1_380' title='bbox 311 2587 405 2624; x_wconf 89' lang='lat' dir='ltr'><strong>mini</strong></span> <span class='ocrx_word' id='word_1_381' title='bbox 422 2596 609 2624; x_wconf 84' lang='lat' dir='ltr'><strong>sermones</strong></span> <span class='ocrx_word' id='word_1_382' title='bbox 620 2613 631 2631; x_wconf 92' lang='lat'>,</span> <span class='ocrx_word' id='word_1_383' title='bbox 648 2590 840 2634; x_wconf 88' lang='lat' dir='ltr'><strong>propterea</strong></span> <span class='ocrx_word' id='word_1_384' title='bbox 855 2584 955 2634; x_wconf 87' lang='lat' dir='ltr'><strong>quod</strong></span> <span class='ocrx_word' id='word_1_385' title='bbox 971 2585 1122 2623; x_wconf 89' lang='lat' dir='ltr'><strong>Domini</strong></span> <span class='ocrx_word' id='word_1_386' title='bbox 1139 2591 1245 2632; x_wconf 85' lang='lat' dir='ltr'><strong>sunt,</strong></span> <span class='ocrx_word' id='word_1_387' title='bbox 1270 2585 1409 2624; x_wconf 88' lang='lat' dir='ltr'><strong>idcirco</strong></span> 
     </span>
     <span class='ocr_line' id='line_1_68' title="bbox 311 2644 1409 2693; baseline 0.002 -11"><span class='ocrx_word' id='word_1_388' title='bbox 311 2653 375 2682; x_wconf 91' lang='lat' dir='ltr'><strong>eos</strong></span> <span class='ocrx_word' id='word_1_389' title='bbox 397 2645 478 2683; x_wconf 91' lang='lat' dir='ltr'><strong>sine</strong></span> <span class='ocrx_word' id='word_1_390' title='bbox 497 2644 724 2683; x_wconf 83' lang='lat' dir='ltr'><strong>offendiculo</strong></span> <span class='ocrx_word' id='word_1_391' title='bbox 750 2645 1028 2692; x_wconf 88' lang='lat' dir='ltr'><strong>cognoscimus;</strong></span> <span class='ocrx_word' id='word_1_392' title='bbox 1061 2645 1192 2693; x_wconf 89' lang='lat' dir='ltr'><strong>nequis</strong></span> <span class='ocrx_word' id='word_1_393' title='bbox 1218 2644 1313 2682; x_wconf 88' lang='lat' dir='ltr'><strong>forte</strong></span> <span class='ocrx_word' id='word_1_394' title='bbox 1339 2654 1409 2684; x_wconf 83' lang='lat' dir='ltr'><strong>nos</strong></span> 
     </span>
     <span class='ocr_line' id='line_1_69' title="bbox 313 2701 1408 2751; baseline 0.002 -12"><span class='ocrx_word' id='word_1_395' title='bbox 313 2701 475 2740; x_wconf 88' lang='lat' dir='ltr'><strong>nominis</strong></span> <span class='ocrx_word' id='word_1_396' title='bbox 498 2704 654 2751; x_wconf 88' lang='lat' dir='ltr'><strong>paritate</strong></span> <span class='ocrx_word' id='word_1_397' title='bbox 675 2703 842 2749; x_wconf 84' lang='lat' dir='ltr'><strong>falleret,</strong></span> <span class='ocrx_word' id='word_1_398' title='bbox 870 2702 976 2740; x_wconf 81' lang='lat' dir='ltr'><strong>addit</strong></span> <span class='ocrx_word' id='word_1_399' title='bbox 992 2702 1076 2751; x_wconf 86' lang='lat' dir='ltr'><strong>quis</strong></span> <span class='ocrx_word' id='word_1_400' title='bbox 1094 2703 1184 2741; x_wconf 86' lang='lat' dir='ltr'><strong>haec</strong></span> <span class='ocrx_word' id='word_1_401' title='bbox 1199 2702 1408 2751; x_wconf 87' lang='lat' dir='ltr'><strong>scripserit,</strong></span> 
     </span>
     <span class='ocr_line' id='line_1_70' title="bbox 316 2760 1410 2807; baseline 0.002 -9"><span class='ocrx_word' id='word_1_402' title='bbox 316 2766 355 2798; x_wconf 87' lang='lat' dir='ltr'><strong>et</strong></span> <span class='ocrx_word' id='word_1_403' title='bbox 382 2760 488 2798; x_wconf 85' lang='lat' dir='ltr'><strong>cuius</strong></span> <span class='ocrx_word' id='word_1_404' title='bbox 512 2761 630 2807; x_wconf 88' lang='lat' dir='ltr'><strong>gentis</strong></span> <span class='ocrx_word' id='word_1_405' title='bbox 657 2773 721 2799; x_wconf 84' lang='lat' dir='ltr'><strong>rex</strong></span> <span class='ocrx_word' id='word_1_406' title='bbox 745 2761 950 2800; x_wconf 87' lang='lat' dir='ltr'><strong>fuerit..Sic</strong></span> <span class='ocrx_word' id='word_1_407' title='bbox 974 2761 1074 2798; x_wconf 89' lang='lat' dir='ltr'><strong>enim</strong></span> <span class='ocrx_word' id='word_1_408' title='bbox 1102 2760 1258 2799; x_wconf 85' lang='lat' dir='ltr'><strong>dicentis</strong></span> <span class='ocrx_word' id='word_1_409' title='bbox 1285 2766 1410 2800; x_wconf 88' lang='lat' dir='ltr'><strong>aucto-</strong></span> 
     </span>
     <span class='ocr_line' id='line_1_71' title="bbox 313 2819 1410 2868; baseline 0.002 -11"><span class='ocrx_word' id='word_1_410' title='bbox 313 2821 404 2857; x_wconf 85' lang='lat' dir='ltr'><strong>ritas</strong></span> <span class='ocrx_word' id='word_1_411' title='bbox 433 2819 783 2859; x_wconf 85' lang='lat' dir='ltr'><strong>commendatiorem</strong></span> <span class='ocrx_word' id='word_1_412' title='bbox 805 2831 1013 2859; x_wconf 90' lang='lat' dir='ltr'><strong>sermonem</strong></span> <span class='ocrx_word' id='word_1_413' title='bbox 1040 2820 1327 2868; x_wconf 85' lang='lat' dir='ltr'><strong>attentioresque</strong></span> <span class='ocrx_word' id='word_1_414' title='bbox 1341 2831 1410 2859; x_wconf 89' lang='lat' dir='ltr'><strong>au-</strong></span> 
     </span>
     <span class='ocr_line' id='line_1_72' title="bbox 314 2878 1412 2926; baseline 0.001 -9"><span class='ocrx_word' id='word_1_415' title='bbox 314 2879 452 2917; x_wconf 88' lang='lat' dir='ltr'><strong>ditores</strong></span> <span class='ocrx_word' id='word_1_416' title='bbox 469 2878 590 2916; x_wconf 85' lang='lat' dir='ltr'><strong>faeiet.</strong></span> <span class='ocrx_word' id='word_1_417' title='bbox 613 2880 732 2918; x_wconf 87' lang='lat' dir='ltr'><strong>Verba</strong></span> <span class='ocrx_word' id='word_1_418' title='bbox 749 2881 848 2918; x_wconf 91' lang='lat' dir='ltr'><strong>enim</strong></span> <span class='ocrx_word' id='word_1_419' title='bbox 871 2881 1078 2919; x_wconf 90' lang='lat' dir='ltr'><strong>Salomonis</strong></span> <span class='ocrx_word' id='word_1_420' title='bbox 1094 2880 1195 2918; x_wconf 87' lang='lat' dir='ltr'><strong>illius</strong></span> <span class='ocrx_word' id='word_1_421' title='bbox 1219 2885 1330 2926; x_wconf 88' lang='lat' dir='ltr'><strong>sunt,</strong></span> <span class='ocrx_word' id='word_1_422' title='bbox 1349 2880 1412 2918; x_wconf 89' lang='lat' dir='ltr'><strong>cui</strong></span> 
     </span>
     <span class='ocr_line' id='line_1_73' title="bbox 313 2937 1408 2987; baseline -0.001 -11"><span class='ocrx_word' id='word_1_423' title='bbox 313 2939 408 2976; x_wconf 82' lang='lat' dir='ltr'><strong>dixit</strong></span> <span class='ocrx_word' id='word_1_424' title='bbox 428 2938 633 2975; x_wconf 88' lang='lat' dir='ltr'><strong>Dominus:</strong></span> <span class='ocrx_word' id='word_1_425' title='bbox 650 2937 745 2975; x_wconf 90' lang='lat' dir='ltr'><strong>dabo</strong></span> <span class='ocrx_word' id='word_1_426' title='bbox 765 2939 836 2976; x_wconf 88' lang='lat' dir='ltr'><strong>tibi</strong></span> <span class='ocrx_word' id='word_1_427' title='bbox 850 2950 913 2977; x_wconf 88' lang='lat' dir='ltr'><strong>cor</strong></span> <span class='ocrx_word' id='word_1_428' title='bbox 927 2939 1090 2987; x_wconf 85' lang='lat' dir='ltr'><strong>prudens</strong></span> <span class='ocrx_word' id='word_1_429' title='bbox 1114 2945 1224 2987; x_wconf 87' lang='lat' dir='ltr'><strong>atque</strong></span> <span class='ocrx_word' id='word_1_430' title='bbox 1239 2939 1408 2987; x_wconf 82' lang='lat' dir='ltr'><strong>sapiens:</strong></span> 
     </span>
     <span class='ocr_line' id='line_1_74' title="bbox 313 2996 1412 3047; baseline 0 -12"><span class='ocrx_word' id='word_1_431' title='bbox 313 3007 424 3035; x_wconf 89' lang='lat' dir='ltr'><strong>nemo</strong></span> <span class='ocrx_word' id='word_1_432' title='bbox 453 2997 510 3034; x_wconf 93' lang='lat' dir='ltr'><strong>tui</strong></span> <span class='ocrx_word' id='word_1_433' title='bbox 535 3007 602 3044; x_wconf 89' lang='lat' dir='ltr'><strong>par</strong></span> <span class='ocrx_word' id='word_1_434' title='bbox 629 2997 671 3033; x_wconf 90' lang='lat' dir='ltr'><strong>in</strong></span> <span class='ocrx_word' id='word_1_435' title='bbox 694 2996 782 3035; x_wconf 89' lang='lat' dir='ltr'><strong>orbe</strong></span> <span class='ocrx_word' id='word_1_436' title='bbox 802 2997 897 3045; x_wconf 84' lang='lat' dir='ltr'><strong>fuit,</strong></span> <span class='ocrx_word' id='word_1_437' title='bbox 926 3009 1046 3047; x_wconf 88' lang='lat' dir='ltr'><strong>neque</strong></span> <span class='ocrx_word' id='word_1_438' title='bbox 1073 3004 1217 3047; x_wconf 88' lang='lat' dir='ltr'><strong>postero</strong></span> <span class='ocrx_word' id='word_1_439' title='bbox 1247 3003 1412 3046; x_wconf 86' lang='lat' dir='ltr'><strong>tempore</strong></span> 
     </span>
     <span class='ocr_line' id='line_1_75' title="bbox 316 3053 1413 3105; baseline 0.001 -11"><span class='ocrx_word' id='word_1_440' title='bbox 316 3057 466 3101; x_wconf 82' lang='lat' dir='ltr'><strong>existet3</strong></span> <span class='ocrx_word' id='word_1_441' title='bbox 497 3060 535 3093; x_wconf 90' lang='lat' dir='ltr'><strong>et</strong></span> <span class='ocrx_word' id='word_1_442' title='bbox 562 3054 705 3103; x_wconf 87' lang='lat' dir='ltr'><strong>reliqua</strong></span> <span class='ocrx_word' id='word_1_443' title='bbox 730 3053 776 3092; x_wconf 89' lang='lat' dir='ltr'><strong>de</strong></span> <span class='ocrx_word' id='word_1_444' title='bbox 801 3065 844 3093; x_wconf 88' lang='lat' dir='ltr'><strong>eo</strong></span> <span class='ocrx_word' id='word_1_445' title='bbox 874 3057 1022 3105; x_wconf 88' lang='lat' dir='ltr'><strong>scripta.</strong></span> <span class='ocrx_word' id='word_1_446' title='bbox 1055 3058 1134 3094; x_wconf 88' lang='lat' dir='ltr'><strong>Iam</strong></span> <span class='ocrx_word' id='word_1_447' title='bbox 1157 3058 1190 3095; x_wconf 94' lang='lat' dir='ltr'><strong>is</strong></span> <span class='ocrx_word' id='word_1_448' title='bbox 1217 3057 1363 3105; x_wconf 85' lang='lat' dir='ltr'><strong>sapiens</strong></span> <span class='ocrx_word' id='word_1_449' title='bbox 1389 3067 1413 3095; x_wconf 88' lang='lat' dir='ltr'><strong>a</strong></span> 
     </span>
     <span class='ocr_line' id='line_1_76' title="bbox 317 3112 1411 3162; baseline 0.002 -10"><span class='ocrx_word' id='word_1_450' title='bbox 317 3114 483 3162; x_wconf 83' lang='lat' dir='ltr'><strong>sapiente</strong></span> <span class='ocrx_word' id='word_1_451' title='bbox 510 3114 658 3161; x_wconf 87' lang='lat' dir='ltr'><strong>genitus</strong></span> <span class='ocrx_word' id='word_1_452' title='bbox 681 3112 778 3150; x_wconf 85' lang='lat' dir='ltr'><strong>fuit:</strong></span> <span class='ocrx_word' id='word_1_453' title='bbox 814 3123 926 3161; x_wconf 88' lang='lat' dir='ltr'><strong>quare</strong></span> <span class='ocrx_word' id='word_1_454' title='bbox 953 3115 1136 3153; x_wconf 88' lang='lat' dir='ltr'><strong>adtexitur</strong></span> <span class='ocrx_word' id='word_1_455' title='bbox 1168 3114 1317 3153; x_wconf 86' lang='lat' dir='ltr'><strong>Davidis</strong></span> <span class='ocrx_word' id='word_1_456' title='bbox 1341 3125 1411 3154; x_wconf 91' lang='lat' dir='ltr'><strong>no-</strong></span> 
     </span>
     <span class='ocr_line' id='line_1_77' title="bbox 316 3171 1412 3222; baseline 0.002 -12"><span class='ocrx_word' id='word_1_457' title='bbox 316 3183 403 3210; x_wconf 91' lang='lat' dir='ltr'><strong>men</strong></span> <span class='ocrx_word' id='word_1_458' title='bbox 418 3200 428 3218; x_wconf 94' lang='lat'>‚</span> <span class='ocrx_word' id='word_1_459' title='bbox 445 3171 546 3210; x_wconf 88' lang='lat' dir='ltr'><strong>unde</strong></span> <span class='ocrx_word' id='word_1_460' title='bbox 573 3171 748 3209; x_wconf 85' lang='lat' dir='ltr'><strong>Salomon</strong></span> <span class='ocrx_word' id='word_1_461' title='bbox 775 3178 986 3219; x_wconf 90' lang='lat' dir='ltr'><strong>procreatus</strong></span> <span class='ocrx_word' id='word_1_462' title='bbox 1008 3172 1104 3211; x_wconf 83' lang='lat' dir='ltr'><strong>fuit:</strong></span> <span class='ocrx_word' id='word_1_463' title='bbox 1129 3173 1228 3212; x_wconf 90' lang='lat' dir='ltr'><strong>idem</strong></span> <span class='ocrx_word' id='word_1_464' title='bbox 1253 3185 1274 3211; x_wconf 88' lang='lat' dir='ltr'><strong>a</strong></span> <span class='ocrx_word' id='word_1_465' title='bbox 1298 3183 1412 3222; x_wconf 87' lang='lat' dir='ltr'><strong>puero</strong></span> 
     </span>
     <span class='ocr_line' id='line_1_78' title="bbox 313 3229 1414 3281; baseline 0 -11"><span class='ocrx_word' id='word_1_466' title='bbox 313 3232 429 3270; x_wconf 89' lang='lat' dir='ltr'><strong>sacris</strong></span> <span class='ocrx_word' id='word_1_467' title='bbox 446 3231 580 3268; x_wconf 88' lang='lat' dir='ltr'><strong>litteris</strong></span> <span class='ocrx_word' id='word_1_468' title='bbox 603 3229 789 3275; x_wconf 81' lang='lat' dir='ltr'><strong>eruditus;</strong></span> <span class='ocrx_word' id='word_1_469' title='bbox 808 3240 928 3278; x_wconf 89' lang='lat' dir='ltr'><strong>neque</strong></span> <span class='ocrx_word' id='word_1_470' title='bbox 945 3237 1043 3270; x_wconf 88' lang='lat' dir='ltr'><strong>sorte</strong></span> <span class='ocrx_word' id='word_1_471' title='bbox 1064 3233 1122 3270; x_wconf 89' lang='lat' dir='ltr'><strong>vel</strong></span> <span class='ocrx_word' id='word_1_472' title='bbox 1139 3234 1175 3270; x_wconf 88' lang='lat' dir='ltr'><strong>vi</strong></span> <span class='ocrx_word' id='word_1_473' title='bbox 1195 3233 1318 3281; x_wconf 86' lang='lat' dir='ltr'><strong>aliqua</strong></span> <span class='ocrx_word' id='word_1_474' title='bbox 1332 3235 1414 3281; x_wconf 83' lang='lat' dir='ltr'><strong>reg-</strong></span> 
     </span>
     <span class='ocr_line' id='line_1_79' title="bbox 315 3287 1411 3337; baseline -0.001 -8"><span class='ocrx_word' id='word_1_475' title='bbox 315 3302 408 3329; x_wconf 92' lang='lat' dir='ltr'><strong>num</strong></span> <span class='ocrx_word' id='word_1_476' title='bbox 436 3289 619 3335; x_wconf 84' lang='lat' dir='ltr'><strong>obtinuit,</strong></span> <span class='ocrx_word' id='word_1_477' title='bbox 649 3288 713 3326; x_wconf 85' lang='lat' dir='ltr'><strong>sed</strong></span> <span class='ocrx_word' id='word_1_478' title='bbox 741 3287 881 3326; x_wconf 88' lang='lat' dir='ltr'><strong>iudicio</strong></span> <span class='ocrx_word' id='word_1_479' title='bbox 906 3289 1066 3337; x_wconf 87' lang='lat' dir='ltr'><strong>Spiritus</strong></span> <span class='ocrx_word' id='word_1_480' title='bbox 1096 3297 1133 3328; x_wconf 89' lang='lat' dir='ltr'><strong>et</strong></span> <span class='ocrx_word' id='word_1_481' title='bbox 1157 3291 1302 3329; x_wconf 89' lang='lat' dir='ltr'><strong>decreto</strong></span> <span class='ocrx_word' id='word_1_482' title='bbox 1327 3291 1411 3329; x_wconf 91' lang='lat' dir='ltr'><strong>Dei.</strong></span> 
     </span>
     <span class='ocr_line' id='line_1_80' title="bbox 364 3348 1412 3398; baseline -0.001 -11"><span class='ocrx_word' id='word_1_483' title='bbox 364 3349 426 3387; x_wconf 81' lang='lat' dir='ltr'><strong>Ad</strong></span> <span class='ocrx_word' id='word_1_484' title='bbox 448 3348 644 3386; x_wconf 80' lang='lat' dir='ltr'><strong>sciendam</strong></span> <span class='ocrx_word' id='word_1_485' title='bbox 668 3349 902 3395; x_wconf 73' lang='lat' dir='ltr'><strong>sapientiam</strong></span> <span class='ocrx_word' id='word_1_486' title='bbox 920 3350 958 3385; x_wconf 80' lang='lat' dir='ltr'><strong>et</strong></span> <span class='ocrx_word' id='word_1_487' title='bbox 975 3349 1233 3396; x_wconf 78' lang='lat' dir='ltr'><strong>disciplinam.</strong></span> <span class='ocrx_word' id='word_1_488' title='bbox 1254 3349 1328 3398; x_wconf 89' lang='lat' dir='ltr'><strong>Qui</strong></span> <span class='ocrx_word' id='word_1_489' title='bbox 1342 3349 1412 3387; x_wconf 89' lang='lat' dir='ltr'><strong>Dei</strong></span> 
     </span>
     <span class='ocr_line' id='line_1_81' title="bbox 313 3405 1413 3457; baseline 0.001 -10"><span class='ocrx_word' id='word_1_490' title='bbox 313 3409 534 3457; x_wconf 87' lang='lat' dir='ltr'><strong>sapientiam</strong></span> <span class='ocrx_word' id='word_1_491' title='bbox 560 3406 662 3444; x_wconf 88' lang='lat' dir='ltr'><strong>novit</strong></span> <span class='ocrx_word' id='word_1_492' title='bbox 677 3433 687 3451; x_wconf 90' lang='lat'>‚</span> <span class='ocrx_word' id='word_1_493' title='bbox 705 3407 738 3443; x_wconf 89' lang='lat' dir='ltr'><strong>is</strong></span> <span class='ocrx_word' id='word_1_494' title='bbox 765 3405 811 3443; x_wconf 86' lang='lat' dir='ltr'><strong>ab</strong></span> <span class='ocrx_word' id='word_1_495' title='bbox 829 3405 957 3443; x_wconf 87' lang='lat' dir='ltr'><strong>eodem</strong></span> <span class='ocrx_word' id='word_1_496' title='bbox 985 3416 1131 3454; x_wconf 89' lang='lat' dir='ltr'><strong>quoque</strong></span> <span class='ocrx_word' id='word_1_497' title='bbox 1146 3408 1314 3447; x_wconf 88' lang='lat' dir='ltr'><strong>eruditur</strong></span> <span class='ocrx_word' id='word_1_498' title='bbox 1327 3437 1339 3456; x_wconf 90' lang='lat'>,</span> <span class='ocrx_word' id='word_1_499' title='bbox 1359 3410 1413 3448; x_wconf 88' lang='lat' dir='ltr'><strong>ita</strong></span> 
     </span>
     <span class='ocr_line' id='line_1_82' title="bbox 277 3465 1412 3514; baseline 0.001 -9"><span class='ocrx_word' id='word_1_500' title='bbox 277 3474 282 3478; x_wconf 89' lang='grc'>·</span> <span class='ocrx_word' id='word_1_501' title='bbox 321 3473 366 3505; x_wconf 90' lang='lat' dir='ltr'><strong>ut</strong></span> <span class='ocrx_word' id='word_1_502' title='bbox 379 3467 565 3514; x_wconf 84' lang='lat' dir='ltr'><strong>intelligat</strong></span> <span class='ocrx_word' id='word_1_503' title='bbox 581 3475 794 3503; x_wconf 90' lang='lat' dir='ltr'><strong>sermonum</strong></span> <span class='ocrx_word' id='word_1_504' title='bbox 813 3465 998 3514; x_wconf 84' lang='lat' dir='ltr'><strong>mysteria.</strong></span> <span class='ocrx_word' id='word_1_505' title='bbox 1020 3466 1097 3502; x_wconf 87' lang='lat' dir='ltr'><strong>Iam</strong></span> <span class='ocrx_word' id='word_1_506' title='bbox 1114 3467 1314 3514; x_wconf 84' lang='lat' dir='ltr'><strong>quiveram</strong></span> <span class='ocrx_word' id='word_1_507' title='bbox 1331 3479 1412 3506; x_wconf 88' lang='lat' dir='ltr'><strong>cae-</strong></span> 
     </span>
     <span class='ocr_line' id='line_1_83' title="bbox 314 3524 1413 3574; baseline 0.001 -10"><span class='ocrx_word' id='word_1_508' title='bbox 314 3527 518 3574; x_wconf 89' lang='lat' dir='ltr'><strong>lestemque</strong></span> <span class='ocrx_word' id='word_1_509' title='bbox 546 3524 765 3572; x_wconf 87' lang='lat' dir='ltr'><strong>sapientiam</strong></span> <span class='ocrx_word' id='word_1_510' title='bbox 793 3529 945 3569; x_wconf 86' lang='lat' dir='ltr'><strong>tenent,</strong></span> <span class='ocrx_word' id='word_1_511' title='bbox 984 3524 1011 3561; x_wconf 93' lang='lat' dir='ltr'><strong>ii</strong></span> <span class='ocrx_word' id='word_1_512' title='bbox 1042 3525 1299 3573; x_wconf 88' lang='lat' dir='ltr'><strong>mysteriorum</strong></span> <span class='ocrx_word' id='word_1_513' title='bbox 1331 3537 1413 3565; x_wconf 87' lang='lat' dir='ltr'><strong>seu-</strong></span> 
     </span>
     <span class='ocr_line' id='line_1_84' title="bbox 314 3582 1413 3632; baseline 0 -10"><span class='ocrx_word' id='word_1_514' title='bbox 314 3585 468 3623; x_wconf 87' lang='lat' dir='ltr'><strong>tentiam</strong></span> <span class='ocrx_word' id='word_1_515' title='bbox 492 3583 600 3622; x_wconf 88' lang='lat' dir='ltr'><strong>facile</strong></span> <span class='ocrx_word' id='word_1_516' title='bbox 625 3583 842 3631; x_wconf 87' lang='lat' dir='ltr'><strong>percipiunt.</strong></span> <span class='ocrx_word' id='word_1_517' title='bbox 863 3582 1003 3620; x_wconf 84' lang='lat' dir='ltr'><strong>Idcirco</strong></span> <span class='ocrx_word' id='word_1_518' title='bbox 1029 3583 1106 3620; x_wconf 90' lang='lat' dir='ltr'><strong>ait:</strong></span> <span class='ocrx_word' id='word_1_519' title='bbox 1126 3583 1180 3621; x_wconf 85' lang='lat' dir='ltr'><strong>ad</strong></span> <span class='ocrx_word' id='word_1_520' title='bbox 1203 3586 1413 3632; x_wconf 77' lang='lat' dir='ltr'><strong>capiendas</strong></span> 
     </span>
     <span class='ocr_line' id='line_1_85' title="bbox 313 3642 1413 3691; baseline 0.001 -10"><span class='ocrx_word' id='word_1_521' title='bbox 313 3654 530 3681; x_wconf 85' lang='lat' dir='ltr'><strong>sermonum</strong></span> <span class='ocrx_word' id='word_1_522' title='bbox 562 3643 754 3691; x_wconf 74' lang='lat' dir='ltr'><strong>strophas.</strong></span> <span class='ocrx_word' id='word_1_523' title='bbox 789 3642 883 3679; x_wconf 90' lang='lat' dir='ltr'><strong>Nam</strong></span> <span class='ocrx_word' id='word_1_524' title='bbox 907 3653 1000 3690; x_wconf 90' lang='lat' dir='ltr'><strong>quae</strong></span> <span class='ocrx_word' id='word_1_525' title='bbox 1026 3644 1265 3690; x_wconf 85' lang='lat' dir='ltr'><strong>praeposteris</strong></span> <span class='ocrx_word' id='word_1_526' title='bbox 1298 3643 1413 3683; x_wconf 79' lang='lat' dir='ltr'><strong>veluti</strong></span> 
     </span>
     <span class='ocr_line' id='line_1_86' title="bbox 314 3700 1414 3751; baseline 0.002 -12"><span class='ocrx_word' id='word_1_527' title='bbox 314 3702 434 3740; x_wconf 88' lang='lat' dir='ltr'><strong>verbis</strong></span> <span class='ocrx_word' id='word_1_528' title='bbox 458 3713 479 3740; x_wconf 90' lang='lat' dir='ltr'><strong>a</strong></span> <span class='ocrx_word' id='word_1_529' title='bbox 505 3708 634 3741; x_wconf 89' lang='lat' dir='ltr'><strong>sancto</strong></span> <span class='ocrx_word' id='word_1_530' title='bbox 662 3702 805 3750; x_wconf 89' lang='lat' dir='ltr'><strong>Spiritu</strong></span> <span class='ocrx_word' id='word_1_531' title='bbox 833 3700 930 3738; x_wconf 90' lang='lat' dir='ltr'><strong>dicta</strong></span> <span class='ocrx_word' id='word_1_532' title='bbox 959 3700 1129 3747; x_wconf 83' lang='lat' dir='ltr'><strong>fuerunt,</strong></span> <span class='ocrx_word' id='word_1_533' title='bbox 1158 3712 1200 3739; x_wconf 87' lang='lat' dir='ltr'><strong>ea</strong></span> <span class='ocrx_word' id='word_1_534' title='bbox 1226 3701 1319 3749; x_wconf 90' lang='lat' dir='ltr'><strong>illis,</strong></span> <span class='ocrx_word' id='word_1_535' title='bbox 1347 3703 1414 3751; x_wconf 85' lang='lat' dir='ltr'><strong>qui</strong></span> 
     </span>
     <span class='ocr_line' id='line_1_87' title="bbox 314 3759 1412 3809; baseline 0.003 -12"><span class='ocrx_word' id='word_1_536' title='bbox 314 3759 414 3797; x_wconf 84' lang='lat' dir='ltr'><strong>fideli</strong></span> <span class='ocrx_word' id='word_1_537' title='bbox 441 3771 527 3809; x_wconf 85' lang='lat' dir='ltr'><strong>erga</strong></span> <span class='ocrx_word' id='word_1_538' title='bbox 543 3762 662 3799; x_wconf 89' lang='lat' dir='ltr'><strong>Deum</strong></span> <span class='ocrx_word' id='word_1_539' title='bbox 682 3759 790 3798; x_wconf 90' lang='lat' dir='ltr'><strong>corde</strong></span> <span class='ocrx_word' id='word_1_540' title='bbox 812 3765 899 3798; x_wconf 86' lang='lat' dir='ltr'><strong>sunt</strong></span> <span class='ocrx_word' id='word_1_541' title='bbox 916 3759 1090 3808; x_wconf 85' lang='lat' dir='ltr'><strong>praediti,</strong></span> <span class='ocrx_word' id='word_1_542' title='bbox 1120 3759 1412 3808; x_wconf 77' lang='lat' dir='ltr'><strong>expediteinno·</strong></span> 
     </span>
     <span class='ocr_line' id='line_1_88' title="bbox 316 3824 526 3856; baseline 0.005 -2"><span class='ocrx_word' id='word_1_543' title='bbox 316 3824 472 3856; x_wconf 84' lang='lat' dir='ltr'><strong>tescunt.</strong></span> <span class='ocrx_word' id='word_1_544' title='bbox 522 3844 526 3847; x_wconf 85' lang='lat'>-</span> 
     </span>
    </p>
   </div>
   <div class='ocr_carea' id='block_1_20' title="bbox 1477 2201 2580 2719">
    <p class='ocr_par' dir='ltr' id='par_1_30' title="bbox 1477 2201 2580 2719">
     <span class='ocr_line' id='line_1_89' title="bbox 1483 2201 2573 2286; baseline 0 -15"><span class='ocrx_word' id='word_1_545' title='bbox 1483 2201 1767 2282; x_wconf 84' lang='grc' dir='ltr'><strong>ΙΠΠΟΛΥΤΟΥ.</strong></span> <span class='ocrx_word' id='word_1_546' title='bbox 1791 2236 1974 2286; x_wconf 88' lang='grc' dir='ltr'>Παροιμίαι</span> <span class='ocrx_word' id='word_1_547' title='bbox 2001 2234 2106 2272; x_wconf 80' lang='grc' dir='ltr'>τοίνυν</span> <span class='ocrx_word' id='word_1_548' title='bbox 2130 2236 2198 2271; x_wconf 79' lang='grc' dir='ltr'>εἶσὶ</span> <span class='ocrx_word' id='word_1_549' title='bbox 2220 2235 2316 2284; x_wconf 87' lang='grc' dir='ltr'>λόγοι</span> <span class='ocrx_word' id='word_1_550' title='bbox 2337 2236 2573 2285; x_wconf 78' lang='grc' dir='ltr'>προτρεπτικοὶ</span> 
     </span>
     <span class='ocr_line' id='line_1_90' title="bbox 1477 2297 2576 2346; baseline 0.001 -14"><span class='ocrx_word' id='word_1_551' title='bbox 1477 2298 1573 2345; x_wconf 64' lang='grc' dir='ltr'>παραὶ</span> <span class='ocrx_word' id='word_1_552' title='bbox 1593 2300 1706 2333; x_wconf 76' lang='grc' dir='ltr'>πᾶσαν</span> <span class='ocrx_word' id='word_1_553' title='bbox 1731 2298 1805 2334; x_wconf 72' lang='grc' dir='ltr'>ὁδόν</span> <span class='ocrx_word' id='word_1_554' title='bbox 1831 2300 1891 2334; x_wconf 83' lang='grc' dir='ltr'><strong>τοῦ</strong></span> <span class='ocrx_word' id='word_1_555' title='bbox 1915 2297 1989 2341; x_wconf 73' lang='grc' dir='ltr'>βίου</span> <span class='ocrx_word' id='word_1_556' title='bbox 2012 2298 2288 2346; x_wconf 84' lang='grc' dir='ltr'>χρησιμευόντες·</span> <span class='ocrx_word' id='word_1_557' title='bbox 2321 2299 2395 2340; x_wconf 80' lang='grc' dir='ltr'>τοῖς</span> <span class='ocrx_word' id='word_1_558' title='bbox 2427 2299 2494 2346; x_wconf 86' lang='grc' dir='ltr'>γοὶρ</span> <span class='ocrx_word' id='word_1_559' title='bbox 2521 2298 2576 2333; x_wconf 80' lang='grc' dir='ltr'><strong>ἐπὶ</strong></span> 
     </span>
     <span class='ocr_line' id='line_1_91' title="bbox 1477 2357 2577 2409; baseline 0.001 -16"><span class='ocrx_word' id='word_1_560' title='bbox 1477 2359 1532 2394; x_wconf 77' lang='grc' dir='ltr'>τὸν</span> <span class='ocrx_word' id='word_1_561' title='bbox 1559 2357 1636 2395; x_wconf 71' lang='grc' dir='ltr'>θεόν</span> <span class='ocrx_word' id='word_1_562' title='bbox 1660 2360 1719 2399; x_wconf 73' lang='grc' dir='ltr'><strong>τήν</strong></span> <span class='ocrx_word' id='word_1_563' title='bbox 1744 2360 1818 2396; x_wconf 73' lang='grc' dir='ltr'>ὁδὸν</span> <span class='ocrx_word' id='word_1_564' title='bbox 1842 2360 2071 2409; x_wconf 74' lang='grc' dir='ltr'>ποιουμένοις,</span> <span class='ocrx_word' id='word_1_565' title='bbox 2095 2359 2217 2407; x_wconf 78' lang='grc' dir='ltr'>ὅδηγός</span> <span class='ocrx_word' id='word_1_566' title='bbox 2243 2373 2294 2401; x_wconf 93' lang='grc' dir='ltr'><strong>τις</strong></span> <span class='ocrx_word' id='word_1_567' title='bbox 2315 2359 2442 2407; x_wconf 80' lang='grc' dir='ltr'>γίνεται</span> <span class='ocrx_word' id='word_1_568' title='bbox 2468 2374 2577 2407; x_wconf 72' lang='grc' dir='ltr'>παρα-</span> 
     </span>
     <span class='ocr_line' id='line_1_92' title="bbox 1478 2419 2576 2470; baseline 0.001 -14"><span class='ocrx_word' id='word_1_569' title='bbox 1478 2419 1629 2462; x_wconf 86' lang='grc' dir='ltr'>πλησίως</span> <span class='ocrx_word' id='word_1_570' title='bbox 1650 2423 1693 2467; x_wconf 79' lang='grc' dir='ltr'>τῷ</span> <span class='ocrx_word' id='word_1_571' title='bbox 1712 2421 1932 2470; x_wconf 75' lang='grc' dir='ltr'>ὑποδείγματι</span> <span class='ocrx_word' id='word_1_572' title='bbox 1946 2451 1955 2466; x_wconf 92' lang='grc'>,</span> <span class='ocrx_word' id='word_1_573' title='bbox 1976 2423 2055 2464; x_wconf 77' lang='grc' dir='ltr'>τούς</span> <span class='ocrx_word' id='word_1_574' title='bbox 2075 2422 2261 2470; x_wconf 69' lang='grc' dir='ltr'>κάμνοντας</span> <span class='ocrx_word' id='word_1_575' title='bbox 2283 2423 2338 2457; x_wconf 88' lang='grc' dir='ltr'>διοὶ</span> <span class='ocrx_word' id='word_1_576' title='bbox 2358 2423 2395 2458; x_wconf 83' lang='grc' dir='ltr'>τὸ</span> <span class='ocrx_word' id='word_1_577' title='bbox 2417 2425 2476 2463; x_wconf 77' lang='grc' dir='ltr'>τῆς</span> <span class='ocrx_word' id='word_1_578' title='bbox 2499 2422 2576 2457; x_wconf 77' lang='grc' dir='ltr'>ὁδοῦ</span> 
     </span>
     <span class='ocr_line' id='line_1_93' title="bbox 1477 2482 2578 2532; baseline -0.002 -13"><span class='ocrx_word' id='word_1_579' title='bbox 1477 2485 1588 2531; x_wconf 77' lang='grc' dir='ltr'>μῆκος</span> <span class='ocrx_word' id='word_1_580' title='bbox 1599 2482 1823 2532; x_wconf 73' lang='grc' dir='ltr'>ἀνακτωμένη·</span> <span class='ocrx_word' id='word_1_581' title='bbox 1843 2483 1931 2519; x_wconf 79' lang='grc' dir='ltr'>εἰσὶν</span> <span class='ocrx_word' id='word_1_582' title='bbox 1953 2482 2005 2520; x_wconf 73' lang='grc' dir='ltr'><strong>οὖν</strong></span> <span class='ocrx_word' id='word_1_583' title='bbox 2027 2482 2128 2520; x_wconf 79' lang='grc' dir='ltr'>αὗται</span> <span class='ocrx_word' id='word_1_584' title='bbox 2148 2483 2187 2519; x_wconf 83' lang='grc' dir='ltr'><strong>αἶ</strong></span> <span class='ocrx_word' id='word_1_585' title='bbox 2207 2483 2383 2532; x_wconf 80' lang='grc' dir='ltr'>παροιμίαι</span> <span class='ocrx_word' id='word_1_586' title='bbox 2406 2486 2578 2530; x_wconf 80' lang='grc' dir='ltr'>Σολομῶν-</span> 
     </span>
     <span class='ocr_line' id='line_1_94' title="bbox 1479 2544 2579 2595; baseline 0.001 -16"><span class='ocrx_word' id='word_1_587' title='bbox 1479 2558 1556 2588; x_wconf 85' lang='grc' dir='ltr'>τος,</span> <span class='ocrx_word' id='word_1_588' title='bbox 1581 2544 1601 2581; x_wconf 82' lang='grc' dir='ltr'>ὅ</span> <span class='ocrx_word' id='word_1_589' title='bbox 1626 2544 1717 2581; x_wconf 82' lang='grc' dir='ltr'>ἐστιν</span> <span class='ocrx_word' id='word_1_590' title='bbox 1743 2545 1928 2594; x_wconf 73' lang='grc' dir='ltr'>εἰρηνικοῦ,</span> <span class='ocrx_word' id='word_1_591' title='bbox 1953 2546 2028 2586; x_wconf 76' lang='grc' dir='ltr'>ἦτοι</span> <span class='ocrx_word' id='word_1_592' title='bbox 2054 2548 2116 2582; x_wconf 84' lang='grc' dir='ltr'><strong>τοῦ</strong></span> <span class='ocrx_word' id='word_1_593' title='bbox 2135 2548 2282 2595; x_wconf 76' lang='grc' dir='ltr'>σωτῆρος</span> <span class='ocrx_word' id='word_1_594' title='bbox 2307 2548 2466 2594; x_wconf 80' lang='grc' dir='ltr'>Χριστοῦ·</span> <span class='ocrx_word' id='word_1_595' title='bbox 2491 2545 2579 2580; x_wconf 83' lang='grc' dir='ltr'>ἐπει·</span> 
     </span>
     <span class='ocr_line' id='line_1_95' title="bbox 1479 2606 2580 2657; baseline 0 -15"><span class='ocrx_word' id='word_1_596' title='bbox 1479 2608 1519 2646; x_wconf 75' lang='grc' dir='ltr'><strong>δή</strong></span> <span class='ocrx_word' id='word_1_597' title='bbox 1541 2607 1577 2642; x_wconf 82' lang='grc' dir='ltr'><em>δέ</em></span> <span class='ocrx_word' id='word_1_598' title='bbox 1597 2608 1676 2649; x_wconf 76' lang='grc' dir='ltr'>τούς</span> <span class='ocrx_word' id='word_1_599' title='bbox 1697 2610 1756 2644; x_wconf 84' lang='grc' dir='ltr'><strong>τοῦ</strong></span> <span class='ocrx_word' id='word_1_600' title='bbox 1775 2606 1887 2657; x_wconf 80' lang='grc' dir='ltr'>κυρίου</span> <span class='ocrx_word' id='word_1_601' title='bbox 1908 2607 2051 2656; x_wconf 86' lang='grc' dir='ltr'>λόγους,</span> <span class='ocrx_word' id='word_1_602' title='bbox 2066 2607 2127 2643; x_wconf 76' lang='grc' dir='ltr'><strong>ἅτε</strong></span> <span class='ocrx_word' id='word_1_603' title='bbox 2149 2609 2187 2647; x_wconf 77' lang='grc' dir='ltr'>δή</span> <span class='ocrx_word' id='word_1_604' title='bbox 2204 2607 2316 2656; x_wconf 84' lang='grc' dir='ltr'>κυρίου</span> <span class='ocrx_word' id='word_1_605' title='bbox 2331 2608 2580 2656; x_wconf 71' lang='grc' dir='ltr'>τυγχάνοντας,</span> 
     </span>
     <span class='ocr_line' id='line_1_96' title="bbox 1478 2668 2579 2719; baseline 0 -15"><span class='ocrx_word' id='word_1_606' title='bbox 1478 2668 1674 2712; x_wconf 70' lang='grc' dir='ltr'>ἀπταίστως</span> <span class='ocrx_word' id='word_1_607' title='bbox 1705 2669 1944 2719; x_wconf 64' lang='grc' dir='ltr'>ἐπισταίμεθα,</span> <span class='ocrx_word' id='word_1_608' title='bbox 1981 2670 2037 2706; x_wconf 75' lang='grc' dir='ltr'>’ίνα</span> <span class='ocrx_word' id='word_1_609' title='bbox 2066 2671 2118 2719; x_wconf 76' lang='grc' dir='ltr'>μή</span> <span class='ocrx_word' id='word_1_610' title='bbox 2150 2685 2201 2712; x_wconf 89' lang='grc' dir='ltr'><strong>τις</strong></span> <span class='ocrx_word' id='word_1_611' title='bbox 2227 2670 2263 2706; x_wconf 82' lang='grc' dir='ltr'><strong>ἐκ</strong></span> <span class='ocrx_word' id='word_1_612' title='bbox 2297 2672 2359 2712; x_wconf 80' lang='grc' dir='ltr'><strong>τῆς</strong></span> <span class='ocrx_word' id='word_1_613' title='bbox 2391 2669 2579 2717; x_wconf 82' lang='grc' dir='ltr'>ὁμωνυμίας</span> 
     </span>
    </p>
   </div>
   <div class='ocr_carea' id='block_1_21' title="bbox 1453 2730 2578 2784">
    <p class='ocr_par' dir='ltr' id='par_1_31' title="bbox 1453 2730 2578 2784">
     <span class='ocr_line' id='line_1_97' title="bbox 1453 2730 2578 2784; baseline -0.001 -18"><span class='ocrx_word' id='word_1_614' title='bbox 1453 2748 1456 2751; x_wconf 94' lang='grc'><em>·</em></span> <span class='ocrx_word' id='word_1_615' title='bbox 1479 2730 1570 2778; x_wconf 80' lang='grc' dir='ltr'><strong>ἦμοῖς</strong></span> <span class='ocrx_word' id='word_1_616' title='bbox 1595 2731 1808 2781; x_wconf 74' lang='grc' dir='ltr'>οέφαρποίσῃ,</span> <span class='ocrx_word' id='word_1_617' title='bbox 1836 2733 1921 2780; x_wconf 82' lang='grc' dir='ltr'>φησὶ</span> <span class='ocrx_word' id='word_1_618' title='bbox 1948 2731 1998 2773; x_wconf 85' lang='grc' dir='ltr'><strong>τίς</strong></span> <span class='ocrx_word' id='word_1_619' title='bbox 2025 2732 2043 2768; x_wconf 89' lang='lat' dir='ltr'><strong>o‘</strong></span> <span class='ocrx_word' id='word_1_620' title='bbox 2067 2731 2208 2780; x_wconf 76' lang='grc' dir='ltr'>γράψας</span> <span class='ocrx_word' id='word_1_621' title='bbox 2241 2734 2372 2784; x_wconf 72' lang='grc' dir='ltr'>ταῦτα,</span> <span class='ocrx_word' id='word_1_622' title='bbox 2397 2732 2455 2767; x_wconf 79' lang='grc' dir='ltr'><strong>καὶ</strong></span> <span class='ocrx_word' id='word_1_623' title='bbox 2490 2731 2578 2766; x_wconf 81' lang='grc' dir='ltr'>τίνων</span> 
     </span>
    </p>
   </div>
   <div class='ocr_carea' id='block_1_22' title="bbox 1479 2788 2585 3397">
    <p class='ocr_par' dir='ltr' id='par_1_32' title="bbox 1479 2788 2585 3397">
     <span class='ocr_line' id='line_1_98' title="bbox 1479 2788 2578 2842; baseline -0.001 -15"><span class='ocrx_word' id='word_1_624' title='bbox 1479 2789 1520 2831; x_wconf 67' lang='grc' dir='ltr'><strong>’ἦν</strong></span> <span class='ocrx_word' id='word_1_625' title='bbox 1547 2792 1719 2835; x_wconf 74' lang='grc' dir='ltr'>βασιλεύς·</span> <span class='ocrx_word' id='word_1_626' title='bbox 1741 2792 1798 2828; x_wconf 73' lang='grc' dir='ltr'><strong>ἵνα</strong></span> <span class='ocrx_word' id='word_1_627' title='bbox 1815 2794 1836 2833; x_wconf 80' lang='grc' dir='ltr'><strong>’ἡ</strong></span> <span class='ocrx_word' id='word_1_628' title='bbox 1859 2797 1919 2829; x_wconf 85' lang='grc' dir='ltr'><strong>τοῦ</strong></span> <span class='ocrx_word' id='word_1_629' title='bbox 1937 2794 2096 2842; x_wconf 80' lang='grc' dir='ltr'>λέγοντος</span> <span class='ocrx_word' id='word_1_630' title='bbox 2117 2788 2316 2838; x_wconf 63' lang='grc' dir='ltr'>ἀξιοπιστία</span> <span class='ocrx_word' id='word_1_631' title='bbox 2336 2793 2578 2841; x_wconf 78' lang='grc' dir='ltr'>εὖπαροίδεκτον</span> 
     </span>
     <span class='ocr_line' id='line_1_99' title="bbox 1480 2854 2579 2903; baseline 0.001 -15"><span class='ocrx_word' id='word_1_632' title='bbox 1480 2855 1535 2889; x_wconf 75' lang='grc' dir='ltr'><strong>τὸν</strong></span> <span class='ocrx_word' id='word_1_633' title='bbox 1561 2854 1663 2901; x_wconf 80' lang='grc' dir='ltr'>λόγον</span> <span class='ocrx_word' id='word_1_634' title='bbox 1689 2855 1894 2903; x_wconf 69' lang='grc' dir='ltr'>καταστήσῃ</span> <span class='ocrx_word' id='word_1_635' title='bbox 1916 2855 1973 2890; x_wconf 78' lang='grc' dir='ltr'><strong>καί</strong></span> <span class='ocrx_word' id='word_1_636' title='bbox 1995 2857 2181 2903; x_wconf 84' lang='grc' dir='ltr'>προσεχεῖς</span> <span class='ocrx_word' id='word_1_637' title='bbox 2201 2855 2281 2896; x_wconf 76' lang='grc' dir='ltr'>τούς</span> <span class='ocrx_word' id='word_1_638' title='bbox 2302 2854 2496 2895; x_wconf 74' lang='grc' dir='ltr'>ἀκούοντας.</span> <span class='ocrx_word' id='word_1_639' title='bbox 2516 2856 2579 2889; x_wconf 84' lang='grc' dir='ltr'><strong>Σο-</strong></span> 
     </span>
     <span class='ocr_line' id='line_1_100' title="bbox 1480 2914 2574 2965; baseline 0 -15"><span class='ocrx_word' id='word_1_640' title='bbox 1480 2918 1648 2963; x_wconf 80' lang='grc' dir='ltr'>λομῶντος</span> <span class='ocrx_word' id='word_1_641' title='bbox 1674 2918 1739 2964; x_wconf 73' lang='grc' dir='ltr'><strong>γάρ</strong></span> <span class='ocrx_word' id='word_1_642' title='bbox 1760 2917 1844 2952; x_wconf 82' lang='grc' dir='ltr'>εἶσιν</span> <span class='ocrx_word' id='word_1_643' title='bbox 1866 2916 2010 2960; x_wconf 82' lang='grc' dir='ltr'>ἐκείνου,</span> <span class='ocrx_word' id='word_1_644' title='bbox 2030 2917 2112 2965; x_wconf 76' lang='grc' dir='ltr'>πρός</span> <span class='ocrx_word' id='word_1_645' title='bbox 2137 2914 2171 2952; x_wconf 81' lang='grc' dir='ltr'>ὃν</span> <span class='ocrx_word' id='word_1_646' title='bbox 2194 2914 2284 2952; x_wconf 78' lang='grc' dir='ltr'>εἶπεν</span> <span class='ocrx_word' id='word_1_647' title='bbox 2305 2916 2323 2952; x_wconf 85' lang='grc' dir='ltr'>ὁ</span> <span class='ocrx_word' id='word_1_648' title='bbox 2343 2915 2463 2965; x_wconf 74' lang='grc' dir='ltr'>κύριος·</span> <span class='ocrx_word' id='word_1_649' title='bbox 2485 2916 2574 2951; x_wconf 72' lang='grc' dir='ltr'>δώσω</span> 
     </span>
     <span class='ocr_line' id='line_1_101' title="bbox 1482 2977 2575 3027; baseline 0 -15"><span class='ocrx_word' id='word_1_650' title='bbox 1482 2991 1535 3012; x_wconf 90' lang='grc' dir='ltr'><strong>σοι</strong></span> <span class='ocrx_word' id='word_1_651' title='bbox 1561 2978 1698 3026; x_wconf 81' lang='grc' dir='ltr'>καρδίαν</span> <span class='ocrx_word' id='word_1_652' title='bbox 1724 2978 1883 3027; x_wconf 72' lang='grc' dir='ltr'>φρονίμην</span> <span class='ocrx_word' id='word_1_653' title='bbox 1917 2980 1974 3014; x_wconf 75' lang='grc' dir='ltr'><strong>καί</strong></span> <span class='ocrx_word' id='word_1_654' title='bbox 2009 2978 2124 3026; x_wconf 73' lang='grc' dir='ltr'>σοφήν·</span> <span class='ocrx_word' id='word_1_655' title='bbox 2158 2978 2200 3019; x_wconf 73' lang='grc' dir='ltr'>ὦς</span> <span class='ocrx_word' id='word_1_656' title='bbox 2226 2978 2268 3013; x_wconf 86' lang='grc' dir='ltr'><em>σύ</em></span> <span class='ocrx_word' id='word_1_657' title='bbox 2295 2977 2332 3013; x_wconf 78' lang='grc' dir='ltr'><strong>οὐ</strong></span> <span class='ocrx_word' id='word_1_658' title='bbox 2358 2978 2493 3025; x_wconf 80' lang='grc' dir='ltr'>γέγονεν</span> <span class='ocrx_word' id='word_1_659' title='bbox 2519 2978 2575 3012; x_wconf 81' lang='grc' dir='ltr'><strong>ἐπί</strong></span> 
     </span>
     <span class='ocr_line' id='line_1_102' title="bbox 1482 3037 2576 3087; baseline 0.001 -14"><span class='ocrx_word' id='word_1_660' title='bbox 1482 3041 1542 3080; x_wconf 84' lang='grc' dir='ltr'><strong>τῆς</strong></span> <span class='ocrx_word' id='word_1_661' title='bbox 1567 3042 1654 3087; x_wconf 82' lang='grc' dir='ltr'>γῆς,</span> <span class='ocrx_word' id='word_1_662' title='bbox 1682 3040 1738 3075; x_wconf 85' lang='grc' dir='ltr'><strong>καί</strong></span> <span class='ocrx_word' id='word_1_663' title='bbox 1765 3040 1855 3087; x_wconf 81' lang='grc' dir='ltr'>μετοὶ</span> <span class='ocrx_word' id='word_1_664' title='bbox 1880 3042 1921 3075; x_wconf 82' lang='grc' dir='ltr'><strong>σε’</strong></span> <span class='ocrx_word' id='word_1_665' title='bbox 1947 3039 2005 3076; x_wconf 69' lang='grc' dir='ltr'><strong>οὐκ</strong></span> <span class='ocrx_word' id='word_1_666' title='bbox 2032 3039 2261 3078; x_wconf 70' lang='grc' dir='ltr'>ἀναστήσεται</span> <span class='ocrx_word' id='word_1_667' title='bbox 2287 3037 2402 3087; x_wconf 84' lang='grc' dir='ltr'>ὅμοιός</span> <span class='ocrx_word' id='word_1_668' title='bbox 2427 3047 2492 3074; x_wconf 90' lang='grc' dir='ltr'>σοι·</span> <span class='ocrx_word' id='word_1_669' title='bbox 2517 3040 2576 3074; x_wconf 84' lang='grc' dir='ltr'><strong>καί</strong></span> 
     </span>
     <span class='ocr_line' id='line_1_103' title="bbox 1482 3099 2576 3150; baseline 0.001 -15"><span class='ocrx_word' id='word_1_670' title='bbox 1482 3102 1526 3136; x_wconf 80' lang='grc' dir='ltr'><strong>τοὶ</strong></span> <span class='ocrx_word' id='word_1_671' title='bbox 1550 3101 1656 3137; x_wconf 83' lang='grc' dir='ltr'>λοιποὶ</span> <span class='ocrx_word' id='word_1_672' title='bbox 1680 3103 1754 3150; x_wconf 78' lang='grc' dir='ltr'>περὶ</span> <span class='ocrx_word' id='word_1_673' title='bbox 1778 3099 1882 3137; x_wconf 66' lang='grc' dir='ltr'>αὐτοῦ</span> <span class='ocrx_word' id='word_1_674' title='bbox 1900 3100 2131 3150; x_wconf 83' lang='grc' dir='ltr'>γεγραμμένα·</span> <span class='ocrx_word' id='word_1_675' title='bbox 2156 3099 2195 3140; x_wconf 74' lang='grc' dir='ltr'>ἦν</span> <span class='ocrx_word' id='word_1_676' title='bbox 2217 3101 2252 3136; x_wconf 85' lang='grc' dir='ltr'>δὲ</span> <span class='ocrx_word' id='word_1_677' title='bbox 2273 3102 2377 3148; x_wconf 81' lang='grc' dir='ltr'>σοφός</span> <span class='ocrx_word' id='word_1_678' title='bbox 2407 3099 2443 3135; x_wconf 81' lang='grc' dir='ltr'><strong>ἐκ</strong></span> <span class='ocrx_word' id='word_1_679' title='bbox 2462 3102 2576 3148; x_wconf 82' lang='grc' dir='ltr'>σοφοῦ·</span> 
     </span>
     <span class='ocr_line' id='line_1_104' title="bbox 1483 3160 2578 3212; baseline -0.001 -14"><span class='ocrx_word' id='word_1_680' title='bbox 1483 3163 1531 3199; x_wconf 78' lang='grc' dir='ltr'><strong>διο1</strong></span> <span class='ocrx_word' id='word_1_681' title='bbox 1557 3163 1750 3212; x_wconf 82' lang='grc' dir='ltr'>πρόσκειται</span> <span class='ocrx_word' id='word_1_682' title='bbox 1779 3164 1815 3199; x_wconf 84' lang='grc' dir='ltr'>τὸ</span> <span class='ocrx_word' id='word_1_683' title='bbox 1837 3163 1968 3207; x_wconf 71' lang='grc' dir='ltr'>Δαβίδ,</span> <span class='ocrx_word' id='word_1_684' title='bbox 1990 3163 2029 3207; x_wconf 80' lang='grc' dir='ltr'><strong>ἔξ</strong></span> <span class='ocrx_word' id='word_1_685' title='bbox 2049 3161 2089 3199; x_wconf 81' lang='grc' dir='ltr'><strong>οὗ</strong></span> <span class='ocrx_word' id='word_1_686' title='bbox 2108 3164 2264 3211; x_wconf 65' lang='grc' dir='ltr'>Σολομῶν</span> <span class='ocrx_word' id='word_1_687' title='bbox 2289 3162 2421 3210; x_wconf 77' lang='grc' dir='ltr'>γέγονε,</span> <span class='ocrx_word' id='word_1_688' title='bbox 2444 3160 2480 3197; x_wconf 81' lang='grc' dir='ltr'><strong>ἐκ</strong></span> <span class='ocrx_word' id='word_1_689' title='bbox 2503 3161 2578 3210; x_wconf 81' lang='grc' dir='ltr'>βρέ-</span> 
     </span>
     <span class='ocr_line' id='line_1_105' title="bbox 1482 3223 2585 3276; baseline -0.002 -16"><span class='ocrx_word' id='word_1_690' title='bbox 1482 3235 1563 3273; x_wconf 73' lang='grc' dir='ltr'>φους</span> <span class='ocrx_word' id='word_1_691' title='bbox 1590 3225 1634 3260; x_wconf 84' lang='grc' dir='ltr'><strong>τοὶ</strong></span> <span class='ocrx_word' id='word_1_692' title='bbox 1659 3225 1733 3274; x_wconf 76' lang='grc' dir='ltr'>ἱεροὶ</span> <span class='ocrx_word' id='word_1_693' title='bbox 1756 3226 1949 3274; x_wconf 68' lang='grc' dir='ltr'>γράμματα</span> <span class='ocrx_word' id='word_1_694' title='bbox 1973 3224 2227 3273; x_wconf 83' lang='grc' dir='ltr'>παιδευόμενος,</span> <span class='ocrx_word' id='word_1_695' title='bbox 2248 3225 2305 3260; x_wconf 77' lang='grc' dir='ltr'><strong>καί</strong></span> <span class='ocrx_word' id='word_1_696' title='bbox 2329 3223 2365 3260; x_wconf 79' lang='grc' dir='ltr'><strong>οὐ</strong></span> <span class='ocrx_word' id='word_1_697' title='bbox 2386 3223 2494 3271; x_wconf 73' lang='grc' dir='ltr'>κλήρῳ</span> <span class='ocrx_word' id='word_1_698' title='bbox 2516 3225 2585 3276; x_wconf 67' lang='grc' dir='ltr'><strong>τήνΙ</strong></span> 
     </span>
     <span class='ocr_line' id='line_1_106' title="bbox 1482 3285 2576 3335; baseline -0.002 -13"><span class='ocrx_word' id='word_1_699' title='bbox 1482 3287 1592 3335; x_wconf 71' lang='grc' dir='ltr'>ἀρχήν</span> <span class='ocrx_word' id='word_1_700' title='bbox 1618 3286 1807 3334; x_wconf 77' lang='grc' dir='ltr'>λαβόμενος</span> <span class='ocrx_word' id='word_1_701' title='bbox 1833 3286 1907 3322; x_wconf 74' lang='grc' dir='ltr'>οὐδὲ</span> <span class='ocrx_word' id='word_1_702' title='bbox 1934 3285 2016 3332; x_wconf 76' lang='grc' dir='ltr'>βία,</span> <span class='ocrx_word' id='word_1_703' title='bbox 2041 3287 2133 3322; x_wconf 71' lang='grc' dir='ltr'>ἀλλὰ</span> <span class='ocrx_word' id='word_1_704' title='bbox 2157 3286 2264 3335; x_wconf 82' lang='grc' dir='ltr'>κρίσει</span> <span class='ocrx_word' id='word_1_705' title='bbox 2298 3288 2358 3322; x_wconf 81' lang='grc' dir='ltr'><strong>τοῦ</strong></span> <span class='ocrx_word' id='word_1_706' title='bbox 2388 3286 2576 3334; x_wconf 77' lang='grc' dir='ltr'>πνεύματος</span> 
     </span>
     <span class='ocr_line' id='line_1_107' title="bbox 1483 3349 1785 3397; baseline 0.007 -13"><span class='ocrx_word' id='word_1_707' title='bbox 1483 3351 1541 3385; x_wconf 83' lang='grc' dir='ltr'><strong>καί</strong></span> <span class='ocrx_word' id='word_1_708' title='bbox 1567 3349 1669 3397; x_wconf 67' lang='grc' dir='ltr'><strong>ψήφῳ</strong></span> <span class='ocrx_word' id='word_1_709' title='bbox 1695 3349 1785 3386; x_wconf 65' lang='grc' dir='ltr'>θεοῦ.</span> 
     </span>
    </p>
   </div>
   <div class='ocr_carea' id='block_1_23' title="bbox 2612 1650 2891 1752">
    <p class='ocr_par' dir='ltr' id='par_1_33' title="bbox 2612 1650 2891 1752">
     <span class='ocr_line' id='line_1_108' title="bbox 2613 1650 2891 1687; baseline 0.004 -7"><span class='ocrx_word' id='word_1_710' title='bbox 2613 1650 2668 1680; x_wconf 88' lang='lat' dir='ltr'><strong>Gr.</strong></span> <span class='ocrx_word' id='word_1_711' title='bbox 2689 1651 2891 1687; x_wconf 81' lang='lat' dir='ltr'><strong>cap.xxv11.</strong></span> 
     </span>
     <span class='ocr_line' id='line_1_109' title="bbox 2612 1689 2816 1752; baseline 0.005 -2"><span class='ocrx_word' id='word_1_712' title='bbox 2612 1693 2649 1750; x_wconf 58' lang='lat' dir='ltr'><strong>X.</strong></span> <span class='ocrx_word' id='word_1_713' title='bbox 2661 1689 2767 1752; x_wconf 49' lang='grc'><strong>23129.</strong></span> <span class='ocrx_word' id='word_1_714' title='bbox 2785 1722 2816 1751; x_wconf 88' lang='lat' dir='ltr'><strong>b.</strong></span> 
     </span>
    </p>
   </div>
   <div class='ocr_carea' id='block_1_24' title="bbox 2612 1786 2890 1889">
    <p class='ocr_par' dir='ltr' id='par_1_34' title="bbox 2612 1786 2890 1889">
     <span class='ocr_line' id='line_1_110' title="bbox 2612 1786 2890 1824; baseline 0.007 -9"><span class='ocrx_word' id='word_1_715' title='bbox 2612 1786 2705 1823; x_wconf 80' lang='lat' dir='ltr'><strong>vulg.</strong></span> <span class='ocrx_word' id='word_1_716' title='bbox 2714 1788 2890 1824; x_wconf 81' lang='lat' dir='ltr'><strong>cap.XXXI.</strong></span> 
     </span>
     <span class='ocr_line' id='line_1_111' title="bbox 2612 1828 2823 1889; baseline 0 -1"><span class='ocrx_word' id='word_1_717' title='bbox 2612 1828 2773 1889; x_wconf 50' lang='lat' dir='ltr'><strong>X‘.³f?&#39;139.</strong></span> <span class='ocrx_word' id='word_1_718' title='bbox 2794 1867 2823 1888; x_wconf 85' lang='lat' dir='ltr'><strong>a.</strong></span> 
     </span>
    </p>
   </div>
   <div class='ocr_carea' id='block_1_25' title="bbox 2614 2236 2874 2310">
    <p class='ocr_par' dir='ltr' id='par_1_35' title="bbox 2614 2236 2874 2310">
     <span class='ocr_line' id='line_1_112' title="bbox 2615 2236 2874 2269; baseline -0.019 0"><span class='ocrx_word' id='word_1_719' title='bbox 2615 2238 2658 2269; x_wconf 79' lang='lat' dir='ltr'><strong>Ex</strong></span> <span class='ocrx_word' id='word_1_720' title='bbox 2679 2239 2787 2267; x_wconf 75' lang='lat' dir='ltr'><strong>catena</strong></span> <span class='ocrx_word' id='word_1_721' title='bbox 2812 2236 2874 2265; x_wconf 68' lang='lat' dir='ltr'><strong>xat.</strong></span> 
     </span>
     <span class='ocr_line' id='line_1_113' title="bbox 2614 2273 2857 2310; baseline -0.016 -6"><span class='ocrx_word' id='word_1_722' title='bbox 2614 2282 2670 2304; x_wconf 77' lang='grc' dir='ltr'><strong>ωε.</strong></span> <span class='ocrx_word' id='word_1_723' title='bbox 2690 2275 2763 2310; x_wconf 79' lang='lat' dir='ltr'><strong>cap.</strong></span> <span class='ocrx_word' id='word_1_724' title='bbox 2786 2273 2808 2302; x_wconf 93' lang='lat'><strong>1.</strong></span> <span class='ocrx_word' id='word_1_725' title='bbox 2833 2277 2857 2301; x_wconf 87' lang='lat'><strong>1.</strong></span> 
     </span>
    </p>
   </div>
   <div class='ocr_carea' id='block_1_26' title="bbox 2614 2925 2892 2962">
    <p class='ocr_par' dir='ltr' id='par_1_36' title="bbox 2614 2925 2892 2962">
     <span class='ocr_line' id='line_1_114' title="bbox 2614 2925 2892 2962; baseline -0.007 -7"><span class='ocrx_word' id='word_1_726' title='bbox 2614 2925 2892 2962; x_wconf 64' lang='lat' dir='ltr'><strong>&#39;111.Reg.111.12.</strong></span> 
     </span>
    </p>
   </div>
   <div class='ocr_carea' id='block_1_27' title="bbox 1530 3410 2689 3459">
    <p class='ocr_par' dir='ltr' id='par_1_37' title="bbox 1530 3410 2689 3459">
     <span class='ocr_line' id='line_1_115' title="bbox 1530 3410 2689 3459; baseline -0.002 -13"><span class='ocrx_word' id='word_1_727' title='bbox 1530 3413 1649 3446; x_wconf 78' lang='grc' dir='ltr'>Γνῶναι</span> <span class='ocrx_word' id='word_1_728' title='bbox 1678 3411 1800 3459; x_wconf 79' lang='grc' dir='ltr'>σοφίαν</span> <span class='ocrx_word' id='word_1_729' title='bbox 1826 3413 1883 3446; x_wconf 78' lang='grc' dir='ltr'><strong>καί</strong></span> <span class='ocrx_word' id='word_1_730' title='bbox 1909 3412 2071 3448; x_wconf 75' lang='grc' dir='ltr'>παιδείαν.</span> <span class='ocrx_word' id='word_1_731' title='bbox 2089 3410 2133 3448; x_wconf 80' lang='lat'><strong>‘¹0</strong></span> <span class='ocrx_word' id='word_1_732' title='bbox 2153 3412 2253 3459; x_wconf 74' lang='grc' dir='ltr'>γνούς</span> <span class='ocrx_word' id='word_1_733' title='bbox 2283 3412 2342 3450; x_wconf 66' lang='grc' dir='ltr'><strong>τήν</strong></span> <span class='ocrx_word' id='word_1_734' title='bbox 2369 3411 2490 3459; x_wconf 70' lang='grc' dir='ltr'>σοφίαν</span> <span class='ocrx_word' id='word_1_735' title='bbox 2517 3413 2576 3445; x_wconf 76' lang='grc' dir='ltr'><strong>τοῦ</strong></span> <span class='ocrx_word' id='word_1_736' title='bbox 2608 3422 2640 3445; x_wconf 85' lang='lat' dir='ltr'><strong>v.</strong></span> <span class='ocrx_word' id='word_1_737' title='bbox 2662 3417 2689 3444; x_wconf 85' lang='lat'><strong>2.</strong></span> 
     </span>
    </p>
   </div>
   <div class='ocr_carea' id='block_1_28' title="bbox 1482 3470 2575 3889">
    <p class='ocr_par' dir='ltr' id='par_1_38' title="bbox 1482 3470 2575 3889">
     <span class='ocr_line' id='line_1_116' title="bbox 1483 3470 2573 3521; baseline 0.001 -15"><span class='ocrx_word' id='word_1_738' title='bbox 1483 3470 1564 3507; x_wconf 68' lang='grc' dir='ltr'>θεοῦ</span> <span class='ocrx_word' id='word_1_739' title='bbox 1588 3472 1754 3520; x_wconf 68' lang='grc' dir='ltr'>λαμβάνει</span> <span class='ocrx_word' id='word_1_740' title='bbox 1782 3472 1856 3521; x_wconf 91' lang='grc' dir='ltr'>παρ’</span> <span class='ocrx_word' id='word_1_741' title='bbox 1882 3472 1987 3508; x_wconf 74' lang='grc' dir='ltr'>αὐτοῦ</span> <span class='ocrx_word' id='word_1_742' title='bbox 2018 3474 2074 3508; x_wconf 76' lang='grc' dir='ltr'><strong>καὶ</strong></span> <span class='ocrx_word' id='word_1_743' title='bbox 2101 3473 2272 3516; x_wconf 76' lang='grc' dir='ltr'>παιδείαν,</span> <span class='ocrx_word' id='word_1_744' title='bbox 2298 3472 2510 3520; x_wconf 68' lang='grc' dir='ltr'>ἐκμανθάνων</span> <span class='ocrx_word' id='word_1_745' title='bbox 2539 3472 2573 3506; x_wconf 89' lang='grc' dir='ltr'><strong>δι’</strong></span> 
     </span>
     <span class='ocr_line' id='line_1_117' title="bbox 1482 3532 2575 3583; baseline -0.001 -15"><span class='ocrx_word' id='word_1_746' title='bbox 1482 3532 1587 3575; x_wconf 72' lang='grc' dir='ltr'>αὐτῆς</span> <span class='ocrx_word' id='word_1_747' title='bbox 1614 3534 1657 3568; x_wconf 86' lang='grc' dir='ltr'><strong>τοὶ</strong></span> <span class='ocrx_word' id='word_1_748' title='bbox 1683 3536 1741 3568; x_wconf 79' lang='grc' dir='ltr'><strong>τοῦ</strong></span> <span class='ocrx_word' id='word_1_749' title='bbox 1765 3533 1869 3580; x_wconf 85' lang='grc' dir='ltr'>λόγου</span> <span class='ocrx_word' id='word_1_750' title='bbox 1890 3535 2072 3583; x_wconf 71' lang='grc' dir='ltr'>μυστήρια·</span> <span class='ocrx_word' id='word_1_751' title='bbox 2102 3537 2159 3570; x_wconf 80' lang='grc' dir='ltr'><strong>καὶ</strong></span> <span class='ocrx_word' id='word_1_752' title='bbox 2189 3535 2221 3571; x_wconf 86' lang='grc' dir='ltr'><strong>οἱ</strong></span> <span class='ocrx_word' id='word_1_753' title='bbox 2250 3535 2381 3582; x_wconf 80' lang='grc' dir='ltr'>γνόντες</span> <span class='ocrx_word' id='word_1_754' title='bbox 2408 3536 2465 3574; x_wconf 77' lang='grc' dir='ltr'><strong>τήν</strong></span> <span class='ocrx_word' id='word_1_755' title='bbox 2491 3533 2575 3571; x_wconf 85' lang='grc' dir='ltr'>οἷλη·</span> 
     </span>
     <span class='ocr_line' id='line_1_118' title="bbox 1484 3586 2573 3644; baseline -0.002 -13"><span class='ocrx_word' id='word_1_756' title='bbox 1484 3595 1532 3635; x_wconf 72' lang='grc' dir='ltr'><strong><em>θῆ</em></strong></span> <span class='ocrx_word' id='word_1_757' title='bbox 1561 3597 1618 3631; x_wconf 80' lang='grc' dir='ltr'><strong>καὶ</strong></span> <span class='ocrx_word' id='word_1_758' title='bbox 1655 3595 1845 3644; x_wconf 68' lang='grc' dir='ltr'>ἐπουράνιον</span> <span class='ocrx_word' id='word_1_759' title='bbox 1878 3586 2022 3644; x_wconf 70' lang='grc' dir='ltr'>σοῴιάν,</span> <span class='ocrx_word' id='word_1_760' title='bbox 2052 3597 2193 3639; x_wconf 81' lang='grc' dir='ltr'>εὐκόλως</span> <span class='ocrx_word' id='word_1_761' title='bbox 2225 3597 2380 3637; x_wconf 73' lang='grc' dir='ltr'>νοήσουσι</span> <span class='ocrx_word' id='word_1_762' title='bbox 2414 3595 2488 3636; x_wconf 71' lang='grc' dir='ltr'>τους</span> <span class='ocrx_word' id='word_1_763' title='bbox 2522 3596 2573 3630; x_wconf 73' lang='grc' dir='ltr'><strong>ὑπ’</strong></span> 
     </span>
     <span class='ocr_line' id='line_1_119' title="bbox 1483 3657 2573 3707; baseline -0.001 -16"><span class='ocrx_word' id='word_1_764' title='bbox 1483 3657 1586 3692; x_wconf 71' lang='grc' dir='ltr'>αὐτῶν</span> <span class='ocrx_word' id='word_1_765' title='bbox 1612 3657 1836 3704; x_wconf 80' lang='grc' dir='ltr'>λαλουμένους</span> <span class='ocrx_word' id='word_1_766' title='bbox 1861 3657 1994 3704; x_wconf 74' lang='grc' dir='ltr'>λόγους·</span> <span class='ocrx_word' id='word_1_767' title='bbox 2020 3659 2069 3694; x_wconf 75' lang='grc' dir='ltr'><strong>διὸ</strong></span> <span class='ocrx_word' id='word_1_768' title='bbox 2097 3660 2201 3707; x_wconf 78' lang='grc' dir='ltr'>φησί,</span> <span class='ocrx_word' id='word_1_769' title='bbox 2236 3659 2396 3702; x_wconf 81' lang='grc' dir='ltr'>δέξασθαι</span> <span class='ocrx_word' id='word_1_770' title='bbox 2423 3658 2573 3705; x_wconf 75' lang='grc' dir='ltr'>στροφοὲς</span> 
     </span>
     <span class='ocr_line' id='line_1_120' title="bbox 1482 3718 2575 3768; baseline 0.005 -15"><span class='ocrx_word' id='word_1_771' title='bbox 1482 3719 1598 3765; x_wconf 83' lang='grc' dir='ltr'>λόγων·</span> <span class='ocrx_word' id='word_1_772' title='bbox 1619 3718 1663 3752; x_wconf 87' lang='grc' dir='ltr'><strong>τοὶ</strong></span> <span class='ocrx_word' id='word_1_773' title='bbox 1683 3719 1750 3766; x_wconf 79' lang='grc' dir='ltr'>γοὶρ</span> <span class='ocrx_word' id='word_1_774' title='bbox 1771 3718 1992 3767; x_wconf 61' lang='grc' dir='ltr'>ἀντιστρόφως</span> <span class='ocrx_word' id='word_1_775' title='bbox 2022 3720 2088 3756; x_wconf 55' lang='lat' dir='ltr'><strong>tino*</strong></span> <span class='ocrx_word' id='word_1_776' title='bbox 2107 3725 2166 3756; x_wconf 84' lang='grc' dir='ltr'><strong>τοῦ</strong></span> <span class='ocrx_word' id='word_1_777' title='bbox 2189 3720 2288 3768; x_wconf 85' lang='grc' dir='ltr'>οἱγίου</span> <span class='ocrx_word' id='word_1_778' title='bbox 2311 3719 2495 3766; x_wconf 68' lang='grc' dir='ltr'>πνεύματος</span> <span class='ocrx_word' id='word_1_779' title='bbox 2519 3721 2575 3751; x_wconf 70' lang='grc' dir='ltr'><strong>λὲ·</strong></span> 
     </span>
     <span class='ocr_line' id='line_1_121' title="bbox 1482 3777 2573 3829; baseline -0.001 -14"><span class='ocrx_word' id='word_1_780' title='bbox 1482 3779 1677 3826; x_wconf 81' lang='grc' dir='ltr'>λαλημένα,</span> <span class='ocrx_word' id='word_1_781' title='bbox 1703 3781 1811 3814; x_wconf 72' lang='grc' dir='ltr'>ταῦτα</span> <span class='ocrx_word' id='word_1_782' title='bbox 1836 3783 1907 3822; x_wconf 81' lang='grc' dir='ltr'>τοῖς</span> <span class='ocrx_word' id='word_1_783' title='bbox 1932 3783 2055 3821; x_wconf 82' lang='grc' dir='ltr'>πιστήν</span> <span class='ocrx_word' id='word_1_784' title='bbox 2081 3782 2217 3829; x_wconf 75' lang='grc' dir='ltr'>καρδίαν</span> <span class='ocrx_word' id='word_1_785' title='bbox 2251 3781 2370 3828; x_wconf 85' lang='grc' dir='ltr'>ἔχουσι</span> <span class='ocrx_word' id='word_1_786' title='bbox 2396 3779 2475 3828; x_wconf 71' lang='grc' dir='ltr'>πρός</span> <span class='ocrx_word' id='word_1_787' title='bbox 2497 3777 2573 3815; x_wconf 69' lang='grc' dir='ltr'>θεὼ</span> 
     </span>
     <span class='ocr_line' id='line_1_122' title="bbox 1483 3841 1818 3889; baseline 0.006 -13"><span class='ocrx_word' id='word_1_788' title='bbox 1483 3841 1654 3889; x_wconf 81' lang='grc' dir='ltr'>εὔγνωστα</span> <span class='ocrx_word' id='word_1_789' title='bbox 1678 3842 1818 3888; x_wconf 83' lang='grc' dir='ltr'>γίνεται.</span> 
     </span>
    </p>
   </div>
  </div>
 </body>
</html>
