2996 4432
258 2210 326 2240 cod.
346 2210 367 2239 f.
388 2213 432 2240 39.
446 2209 477 2240 h.

269 3044 338 3076 eod.
350 3045 371 3074 1.
383 3049 428 3074 40.
452 3052 480 3075 a.

322 3541 337 3557 *
354 3540 397 3570 ita
415 3539 484 3571 cod.

518 262 581 309 228
1341 278 1344 298 ι
1491 273 1549 306 nx
1582 273 1713 308 nmio
1745 271 1811 308 w.

522 379 645 412 xxv.
790 353 960 424 Quod
994 353 1053 408 in
1088 355 1235 427 Papa
1270 355 1317 409 si
1350 354 1525 410 desint
1554 358 1699 411 bona
1726 375 1824 431 per
1858 358 2135 425 meritum,
2160 360 2434 415 sufficiunt
2464 381 2603 436 quae
2640 362 2790 437 apud

992 437 1325 493 decessorem
1359 450 1641 494 testantur.

523 544 667 578 xxv1.
705 556 709 560 1
799 521 967 590 Quod
1004 523 1145 575 inter
1180 523 1448 599 apostolos
1481 523 1584 576 fuit
1618 521 1881 595 quaedam
1918 522 2166 579 discretio
2202 528 2495 599 potestatis,

524 628 685 661 xxvn.
797 605 964 673 Quod
1000 606 1261 659 sententia
1296 607 1503 660 romani
1538 606 1805 679 pontificis
1836 625 1867 659 a
1895 608 2046 660 nullo
2079 612 2247 681 possit
2269 614 2561 665 retractari.
2623 627 2626 630 ’

524 700 707 746 xxviu.
793 688 961 757 Quod
996 689 1143 760 Papa
1168 690 1335 761 possit
1360 689 1670 762 episcopum
1695 700 1882 743 contra
1905 691 2233 747 voluntatem
2256 695 2641 768 archiepiscopi
2665 715 2792 750 con-

991 790 1267 828 sesecrare.
1700 838 1710 847 ,

525 879 669 912 xx1x.
787 854 957 923 Quod
993 856 1068 909 sic
1097 856 1240 928 Papa
1269 855 1410 908 vices
1437 873 1558 907 suas
1587 855 1817 908 contulit
1848 856 2248 932 archiepiscopo
2268 901 2283 927 ,
2317 871 2377 913 ut
2413 862 2475 914 in
2505 874 2707 934 partem
2731 864 2798 916 sit

986 949 1204 992 vocatus
1234 936 1620 991 sollicitudinis.

525 1044 650 1077 xxx.
782 1021 950 1090 Quod
986 1023 1080 1094 qui
1104 1039 1353 1075 romanae
1376 1020 1624 1073 ecclesiae
1652 1031 1877 1078 conatur
1910 1022 2149 1079 minuere
2184 1024 2522 1097 dignitatem,
2562 1029 2784 1081 haereti-

967 1124 1062 1159 cus
1098 1116 1183 1157 slt.
1911 1174 1914 1176 .

525 1210 668 1243 xxx1.
788 1187 953 1256 Quod
988 1187 1124 1240 nulli
1157 1186 1235 1239 fas
1259 1185 1328 1239 sit
1361 1186 1652 1258 apostolica
1681 1199 1961 1260 praecepta
1985 1207 2202 1244 cassare.

524 1293 688 1326 xxxu.
787 1269 950 1338 Quod
989 1269 1134 1322 Petri
1168 1287 1283 1321 non
1311 1279 1498 1322 tenens
1533 1265 1822 1334 unitatem,
1855 1270 2015 1325 fidem
2045 1292 2158 1327 non
2188 1285 2350 1328 tenet.

526 1375 708 1409 xxxin.
782 1352 945 1421 Quod
982 1353 1079 1424 qui
1106 1363 1416 1424 potestatem
1444 1370 1694 1427 romanae
1717 1353 1963 1407 ecelesiae
1982 1354 2220 1408 minuere
2253 1355 2432 1427 cupit,
2455 1355 2512 1407 in
2530 1354 2785 1408 haeresim
2853 1383 2855 1386 ·
2916 1364 2918 1367 ’

978 1435 1196 1489 labitur.

524 1542 703 1576 xxx1v.
780 1519 944 1587 Quod
980 1520 1158 1572 nullus
1192 1519 1445 1572 incolumi
1474 1521 1618 1592 Papa
1657 1519 1851 1573 ambiat
1882 1522 2156 1592 papatum.

523 1625 686 1658 xxxv.
778 1603 941 1670 Quod
976 1603 1072 1675 qui
1107 1621 1294 1656 navem
1329 1603 1472 1656 Petri
1498 1622 1612 1656 non
1645 1604 1913 1671 ascendit,
1949 1603 2149 1657 diluvio
2180 1602 2475 1657 inundante
2510 1605 2725 1676 peribit.

525 1708 707 1741 xxxv1.
777 1686 940 1754 Quod
975 1687 1147 1739 omnis
1175 1686 1418 1757 Bulgaria
1447 1697 1500 1739 et
1529 1687 1806 1739 Pannonia
1832 1705 2079 1740 romanae
2108 1687 2215 1740 sint
2241 1687 2481 1740 subditae
2517 1687 2724 1742 ditioni.

524 1790 724 1824 xxxvu.
782 1769 945 1837 Quod
982 1769 1153 1823 omnis
1180 1768 1458 1823 Sclavonia
1484 1770 1843 1842 pannoniensi
1871 1771 1939 1823 sit
1975 1770 2097 1822 data
2133 1769 2379 1823 dioecesi.

526 1874 744 1908 xxxv111.
781 1853 945 1920 Quod
981 1871 1138 1906 omne
1165 1853 1433 1924 Illyricum
1464 1872 1714 1906 romanae
1744 1854 1812 1906 sit
1835 1854 2128 1907 subiectum
2154 1854 2361 1907 ditioni.

525 1958 707 1992 xxx1x.
780 1935 945 2004 Quod
977 1948 1240 1990 tentantes
1270 1937 1466 2009 Papam
1496 1955 1526 1990 e
1553 1936 1675 1990 sede
1700 1937 1896 2009 pellere
1922 1938 2465 2008 excommunicentur.

527 2036 625 2075 XL.'
783 2021 944 2088 Quod
980 2022 1190 2074 vivente
1218 2022 1360 2092 Papa
1384 2020 1563 2073 nullus
1598 2021 1655 2072 in
1692 2020 1804 2072 eius
1835 2020 2013 2072 locum
2036 2020 2203 2091 possit
2229 2019 2486 2072 ordinari.

757 2105 953 2157 Bonizo
979 2104 1258 2175 episcopus
1294 2103 1362 2156 de
1395 2102 1790 2156 consecratione
1819 2104 2159 2163 ecclesiarum
2192 2114 2246 2156 et
2271 2103 2536 2156 altarium.

653 2208 768 2241 112.
817 2187 1254 2241 Consecrationes
1294 2187 1536 2240 altarium
1574 2198 1626 2239 et
1668 2187 2001 2239 ecclesiarum
2044 2186 2339 2240 secundum
2384 2187 2583 2250 ritum,
2628 2204 2786 2258 quem

527 2291 672 2325 nunc
704 2291 921 2345 romana
957 2271 1172 2324 ecclesia
1201 2282 1375 2335 tenet,
1408 2270 1655 2323 Silvester
1685 2290 1825 2342 papa
1854 2271 2058 2342 primus
2093 2270 2207 2322 ficri
2237 2269 2495 2337 instituit3
2531 2269 2689 2322 fuisse
2702 2281 2786 2322 .ta·

528 2376 649 2408 men
680 2376 709 2407 a
740 2356 923 2426 primis
960 2356 1319 2425 apostolorum
1354 2355 1683 2427 temporibus
1710 2355 1827 2406 loca
1856 2356 1970 2406 Deo
2005 2353 2202 2419 dicata,
2235 2371 2372 2424 quae
2402 2372 2433 2405 a
2464 2352 2783 2424 quibusdam

528 2440 785 2503 oratoria,
826 2458 856 2491 a
887 2438 1210 2509 quibusdam
1250 2457 1376 2491 vero
1419 2439 1670 2491 ecclesiae·
1697 2437 2136 2509 appellabantur,
2181 2437 2274 2489 ubi
2310 2436 2559 2488 collectae
2597 2436 2784 2488 fierent

528 2541 626 2593 per
656 2541 815 2574 unam
847 2521 1082 2587 sabbati,
1120 2533 1172 2574 et
1196 2522 1254 2572 in
1290 2520 1487 2592 quibus
1511 2522 1746 2593 populus
1770 2520 2086 2573 christianus
2110 2519 2179 2572 ad
2208 2510 2534 2572 audiendum
2564 2519 2786 2571 verbum

529 2606 660 2669 Dei,
695 2617 746 2656 et
782 2605 849 2657 ad
887 2603 1290 2676 percipiendum
1320 2603 1572 2656 dominici
1608 2604 1847 2675 corporis
1872 2614 1925 2655 et
1952 2603 2221 2673 sanguinis
2257 2614 2640 2655 sacramentum
2666 2620 2788 2654 con·
2838 2663 2842 2665 ,

528 2689 736 2740 veniret
759 2729 771 2753 ,
811 2700 863 2740 et
900 2688 1262 2758 apostolorum
1291 2685 1574 2739 edocemur
1609 2687 1873 2758 epistoliS,
1916 2697 1967 2739 et
1993 2697 2294 2739 sanctorum
2330 2697 2542 2756 patrum
2572 2686 2786 2738 instrui-

531 2790 652 2822 mur
677 2770 933 2841 exemplis
957 2770 1030 2840 1):
1055 2768 1335 2841 quaelicet
1353 2769 1550 2822 salibus
1569 2769 2008 2822 exorcizabantur
2024 2811 2038 2835 ‚
2060 2788 2171 2821 non
2195 2780 2371 2821 tamen
2395 2769 2670 2821 chrismate
2695 2788 2787 2820 un·
2857 2807 2864 2812 -

532 2854 790 2924 gebantur
805 2893 819 2917 ‚
854 2872 952 2905 nec
985 2854 1145 2905 altare
1170 2852 1341 2905 stabat
1367 2852 1636 2924 lapideum
1665 2853 1840 2906 adhuc
1871 2864 2101 2906 erectum
2126 2854 2184 2905 in
2210 2852 2421 2905 titulum
2438 2892 2453 2915 ‚
2483 2853 2540 2904 in
2564 2852 2786 2924 figuram

531 2937 733 2989 domini
770 2938 937 2989 nostri
967 2937 1086 2989 Iesu
1128 2935 1322 2989 Christi
1355 2936 1635 2990 chrismate
1675 2936 2004 3002 delibutum,
2034 2936 2129 3007 qui
2160 2946 2238 2987 est
2267 2935 2430 2987 altare
2462 2946 2706 2987 nostrum
2730 2947 2784 2988 et

532 3019 775 3073 sacerdos
793 3031 844 3072 et
867 3020 1058 3072 hostia.
1090 3020 1378 3090 Postquam
1396 3038 1525 3072 vero
1544 3020 1942 3083 Constantium,
1966 3020 2060 3090 qui
2084 3019 2443 3071 monarchiam
2461 3019 2676 3072 tenebat
2699 3019 2787 3070 im-

531 3104 694 3175 perii,
724 3123 754 3155 a
776 3103 934 3156 beato
958 3102 1204 3155 Silvestro
1223 3102 1471 3174 baptismi
1498 3103 1693 3155 meruit
1716 3101 1985 3174 purificari
2020 3112 2346 3154 sacramento
2365 3142 2378 3166 ‚
2407 3112 2538 3153 tunc
2556 3102 2787 3173 primum
2857 3123 2859 3126 ·

530 3187 642 3256 lege
674 3186 741 3237 ab
766 3186 882 3257 ipso
905 3186 1237 3256 promulgata
1266 3203 1575 3238 concessum
1598 3196 1674 3237 est
1697 3184 1946 3237 omnibus
1976 3184 2075 3236 sub
2103 3202 2326 3236 romano
2352 3184 2574 3255 imperio
2601 3183 2788 3255 degen-
2826 3244 2828 3247 ⁸

531 3269 672 3320 tibus
695 3269 835 3320 licite
860 3269 1099 3320 ecclesias
1123 3269 1380 3322 fabricare
1395 3289 1416 3321 :·
1437 3281 1490 3321 et
1513 3268 1582 3321 ad
1606 3267 1905 3321 faciendum
1930 3287 2027 3320 suo
2052 3268 2182 3320 alios
2206 3279 2267 3319 ut
2293 3269 2594 3320 hortaretur
2612 3285 2786 3319 exem-

531 3351 652 3421 plo,
694 3350 751 3401 in
788 3351 1006 3422 proprio
1031 3351 1344 3404 lateranensi
1377 3352 1577 3423 palatio
1614 3351 1883 3404 ecclesiam
1917 3352 1974 3403 in
2010 3351 2270 3403 honorem
2294 3349 2574 3403 Salvatoris
2599 3348 2785 3401 mundi

533 3433 805 3485 fabricavit
825 3474 837 3496 ,
879 3445 931 3484 et
965 3434 1232 3487 basilicam
1267 3433 1637 3506 appendiciam
1673 3435 1824 3486 iuxta
1858 3436 1915 3486 in
1951 3434 2209 3486 honorem
2243 3434 2494 3486 Iohannis
2529 3433 2786 3503 baptistae

534 3518 595 3568 in·
618 3517 817 3578 'balneo
855 3517 1040 3569 caloris
1064 3517 1087 3542 ⁴²
1113 3518 1224 3582 sui,
1264 3519 1322 3570 in
1357 3518 1476 3570 loco
1501 3518 1558 3569 in
1583 3536 1692 3589 quo
1716 3517 2036 3588 baptizatUS‚
2065 3536 2096 3569 a
2118 3517 2265 3588 lepra
2289 3516 2480 3569 meruit
2508 3514 2780 3579 mundari;

535 3619 696 3672 quam
734 3599 886 3653 etiam
909 3600 1175 3669 praefatus
1198 3602 1343 3672 Papa
1372 3601 1590 3673 publice
1620 3601 1945 3653 consecravit
1984 3600 2070 3650 ·V-
2112 3599 2232 3652 id-us
2262 3599 2590 3664 novembri53
2625 3608 2786 3651 et.est

534 3685 621 3736 illa
656 3701 825 3754 usque
861 3681 1020 3734 hodie
1056 3684 1391 3741 celeberrima
1426 3684 1677 3737 festivitas
1713 3685 1939 3747 Romae,
1979 3683 2036 3735 in
2073 3701 2197 3754 qua·
2217 3683 2385 3754 prima
2427 3681 2642 3734 ecclesia
2683 3698 2784 3751 pu-

535 3767 671 3819 blice
713 3775 1016 3818 consecrata
1051 3776 1158 3830 est,-
1198 3777 1250 3818 ct
1285 3768 1455 3838 imago
1491 3766 1769 3830 Salvatoris
1805 3766 2014 3839 depicta
2039 3766 2331 3838 parietibus
2356 3766 2583 3838 primum
2607 3762 2783 3815 visibi-
2839 3824 2842 3827 ἢ

619 3876 653 3918 1)
669 3874 725 3910 De
740 3871 905 3910 ecclesiis
920 3870 1218 3911 Christianorum
1232 3872 1371 3911 librum
1386 3872 1575 3913 eruditum
1590 3883 1660 3913 nos
1675 3872 1863 3913 edidimus
1876 3873 1923 3912 Ο.
1935 3872 2108 3913 Panvinii
2120 3872 2161 3912 in
2177 3872 2303 3921 spicil.
2316 3882 2409 3911 rom.
2423 3872 2467 3909 T.
2481 3871 2547 3908 IX.
2561 3880 2597 3918 p.
2610 3870 2783 3907 141·180.
