2996 4432
357 2489 390 2582 Pru<

382 3277 409 3298 v.
423 3274 453 3299 1³

494 264 585 311 152

487 363 690 425 ἑκατοστῷ
720 356 861 442 πρώτῳ
892 362 1043 423 ψαλμῷ
1078 359 1178 408 οὕτω
1199 358 1319 424 ἔχον·
1358 382 1377 403 α
1405 382 1455 409 συ
1485 361 1591 408 ἀνα-

489 454 569 490 ςας
600 429 867 518 οἶκτειρησεις
880 449 952 481 την
986 425 1110 491 Σιων“,
1143 451 1204 479 οτι
1241 427 1374 496 καιρὸς
1412 433 1481 480 τοῦ
1508 452 1592 479 om-

497 527 516 548 »
554 506 739 590 τειρῆσαι
767 523 927 559 αυτην,
961 501 1023 548 οτι
1052 499 1138 551 ἥκει
1159 498 1310 567 καιρὸς.

562 570 647 621 Και
678 568 959 622 ἐλπισάτωσαν
998 567 1063 621 ἔπι
1102 568 1149 620 σὲ
1185 572 1221 619 οἱ
1257 568 1511 636 γινώσκοντες
1548 567 1593 619 τὸ

490 641 617 707 ὄνομα
652 661 737 691 σου·
777 645 837 690 ὅτι
875 641 940 689 οὐκ
978 639 1233 706 ἐγκατέλιπες
1271 638 1355 696 τοὺς
1387 643 1594 696 ἐκζητουν-

494 711 567 769 τάς
609 735 679 771 σε,
721 730 840 779 κυριε·
882 707 1014 766 πάσης
1054 707 1296 778 ἀνθρωπίνης
1332 708 1594 764 πεποιθησεως

490 781 672 850 ἀνωτέρω
704 799 974 849 χωρησαντες·
1014 785 1156 845 γνῶσιν
1193 779 1268 849 γὰρ
1301 785 1368 831 τοῧ
1400 778 1595 843 ὀνόματός

494 875 564 903 σου
594 853 753 918 ἔχοντες
776 855 940 920 ἀσφαλῆ
963 874 1030 900 και
1055 850 1232 911 τελειοιν,
1261 853 1320 902 ἐπ
1348 849 1511 899 οὐδενι’
1497 847 1595 898 enel-

489 944 566 973 νων
599 922 845 975 ὲλπῖσουσιν·
879 925 1039 977 ζητοῦσι
1073 920 1116 971 δὲ
1145 920 1253 971 ..νεόν
1274 922 1308 969 οἱ
1338 919 1472 971 πάντα
1503 921 1596 985 παρ’

490 998 614 1044 αὐτοῦ
644 993 835 1049 θέλοντες
871 992 1140 1059 ὖωαρχθῆναι
1171 989 1199 1039 ἆ
1231 993 1320 1046 ἐξ“
1306 1012 1462 1041 εαυτων
1487 989 1595 1053 ἔχειν

494 1068 570 1130 οὐχ
600 1088 671 1114 οιοι
705 1087 749 1116 τε
782 1060 895 1114 εισιν·
929 1064 1028 1111 &Seu
1054 1085 1120 1111 ουκ
1145 1058 1500 1127 ἐγκαταλειπονται
1530 1060 1595 1110 ὑπ’

493 1139 628 1185 αὐτοῦ·
661 1133 779 1191 ὄσῖως
810 1157 876 1183 και
911 1154 1099 1200 φρονιμως
1130 1154 1194 1180 και
1233 1153 1383 1186 ταυτης
1416 1134 1488 1186 τῆς
1525 1127 1597 1178 λε-

490 1209 592 1262 ξεως
629 1207 793 1256 ἀκοῦσαι
830 1224 1031 1270 ωροσηκει·
1071 1205 1104 1251 εὶ
1137 1200 1212 1287 γὰρ
1247 1223 1401 1263 νομισοι
1444 1223 1503 1255 τις
1538 1223 1596 1263 μη

490 1274 873 1342 ἐγκαταλειωεσθαι
909 1276 989 1322 ὑπὸ
1026 1276 1124 1321 θεοῦ
1155 1269 1223 1322 τόν
1262 1272 1301 1320 ἑν
1339 1293 1420 1326 τοις
1455 1275 1596 1332 βιωτι-

488 1351 576 1402 κοῖς
609 1345 887 1408 εὐοόούμενον,
925 1341 1166 1429 σφάλλεται·
1205 1339 1356 1391 πολλοι
1387 1339 1464 1428 γὰρ
1496 1343 1597 1390 ἀσε-

488 1420 581 1476 βέῖς
614 1413 812 1481 διάγουσιν
845 1416 982 1468 οὕτως’
1012 1410 1096 1463 ἐπει
1120 1414 1200 1480 ὥρα
1224 1409 1353 1472 λέγειν
1378 1408 1448 1460 τδν
1460 1413 1595 1471 ’Άβελ

493 1489 817 1572 ἐγκαταλέῖφ9αι
838 1523 851 1542 ,
897 1481 1073 1572 ἀνῃρεὲη
1116 1482 1208 1550 γάρ·
1253 1480 1364 1531 ἀλλὰ
1406 1505 1472 1530 και
1511 1501 1598 1535 τους

489 1577 697 1622 προφητοις
733 1579 798 1603 και
835 1552 1094 1608 ἀποστόλους
1136 1550 1365 1613 ἑ9λιβησαν
1402 1550 1478 1618 γὰρ
1510 1555 1598 1603 διη-

493 1629 636 1683 νεκῶς,
670 1648 738 1674 και
772 1623 887 1680 τέλος
918 1623 1172 1692 ἀνῃρέθησαν
1204 1621 1278 1674 ὑπὸ
1309 1620 1525 1688 ἀνθρωπων
1563 1645 1597 1670 οι

494 1700 685 1745 ωλειστοι
730 1698 875 1746 αὐτῶν·
913 1717 1012 1744 ουτω
1055 1698 1270 1749 διαστολῆς.
1310 1691 1597 1759 γεγενημένης,

497 1764 627 1835 φαμὲν
670 1788 725 1829 μη
769 1763 1117 1853 ἔγκαταλείφὲαι
1135 1764 1202 1814 τὸν
1249 1762 1389 1830 μέχρις
1427 1761 1599 1828 ἐσχάτης

496 1839 703 1892 &vocam-713
735 1833 1012 1902 περιεχόμενον
1044 1833 1118 1887 ὑπὸ
1154 1839 1252 1884 .9εο’”
1212 1858 1286 1892 υ,
1319 1831 1394 1894 κᾷν
1422 1831 1598 1901 μυριάκις

497 1907 558 1958 ὑπ’
592 1910 747 1973 ἒχ9ρων
780 1906 910 1972 πά9ῃ·
947 1911 1061 1957 τοῦτο
1092 1928 1168 1972 γαρ
1199 1908 1352 1960 ἀληθῶς
1385 1902 1430 1954 τὸ
1454 1902 1510 1969 μὴ
1536 1907 1599 1970 ἑγ-

495 1982 821 2063 καταλειφ9ηναι
858 1976 938 2028 υωὸ
975 1999 1104 2043 κυριου
1137 1975 1257 2027 ἐστίν·
1293 1996 1581 2042 ωαρισταται
1580 1974 1599 2022 3

497 2045 637 2113 τρόπος
674 2071 726 2103 ως
759 2051 817 2097 dea
850 2052 985 2135 {ntem
1017 2045 1085 2099 τὸν
1117 2045 1248 2108 9εόν,
1288 2048 1328 2096 ἐκ
1365 2049 1439 2095 τῶν
1479 2048 1518 2093 ἐν
1552 2049 1601 2110 τῇ

496 2141 542 2168 σο
525 2139 616 2185 φιᾳ
647 2120 770 2174 οὕτως
804 2117 992 2184 ἑχόντων·
1032 2142 1050 2162 «
1074 2141 1141 2185 φρο
1126 2138 1293 2170 νησατε
1316 2137 1402 2183 περι
1437 2119 1504 2165 τοῧ
1535 2139 1602 2163 κυ-

505 2211 523 2231 v,
560 2187 642 2253 ριόυ
671 2191 712 2237 ἐν
745 2188 975 2254 ἀγα9ότητι
997 2228 1009 2251 ,
1043 2211 1113 2237 και
1141 2191 1179 2237 ἐν
1212 2184 1406 2239 ἁπλᾶτητι
1437 2188 1601 2252 καρδίας

504 2281 524 2301 »
561 2256 762 2314 ζητησοιτε
794 2258 929 2310 αὐτόν·
962 2262 1026 2310 ὅτι
1059 2257 1281 2325 εὑρίσκεται
1314 2262 1399 2312 τοῖς
1431 2280 1487 2320 μη
1518 2278 1603 2306 πει-

505 2352 523 2372 »
559 2327 742 2394 ράζουσιν
775 2328 919 2390 αὐτὸν,
947 2326 1205 2398 ἐμφανιζεται
1238 2327 1282 2379 δὲ
1313 2331 1394 2383 τοῖς
1427 2350 1481 2391 μη
1512 2330 1603 2378 ἀπι-

506 2422 525 2442 »
562 2418 722 2450 στουσιν
757 2396 886 2464 αὐτ-ῳ
911 2423 930 2444 »
976 2447 980 2451 ,

556 2471 713 2532 ’Ύμνον
748 2473 870 2520 ειπέῖν
907 2493 976 2538 προ
961 2468 1224 2520 στάττονται
1248 2492 1281 2517 οι
1315 2465 1508 2530 πνεύματι
1533 2491 1602 2516 και

445 2573 452 2581 ·
497 2537 557 2587 νόι
589 2537 633 2589 2¹3
665 2535 835 2603 ψαλλειν
869 2539 1104 2604 εσχηκοΙτες·
1139 2537 1358 2604 ψάλλουσιν
1391 2536 1434 2586 δε
1469 2535 1599 2596 οὑτοι

497 2612 652 2668 εὐσεβεῖ
685 2632 812 2663 νοησει
844 2634 909 2659 και
945 2608 1124 2672 ἐπιπνοίᾳ
1149 2614 1216 2659 τοῧ
1241 2628 1475 2673 πνευματος·
1509 2631 1604 2674 προ-

495 2679 736 2731 στάττονται
773 2678 850 2746 γὰρ
885 2681 993 2741 ᾁδειν
1031 2706 1096 2731 και
1135 2679 1302 2744 ψάλλειν
1341 2684 1392 2745 τῇ
1431 2678 1601 2745 καρδιᾳ,

494 2772 527 2797 οι
566 2752 665 2836 ρῦτω
702 2748 925 2816 ψαλλοντες
964 2756 1019 2817 τῷ
1061 2755 1300 2800 κατοικοῦντι
1339 2753 1377 2800 ἐν
1415 2753 1465 2814 τῇ
1505 2747 1604 2797 Σιων

495 2842 607 2885 κυριῳ
643 2824 738 2869 καθ’
776 2819 962 2889 ὑφήγησιν
1001 2826 1072 2873 τοῧ
1107 2820 1219 2887 ἁγίου
1256 2840 1495 2884 πνευματος·
1533 2842 1602 2868 και

497 2888 633 2958 ετὲραν
671 2891 885 2958 πρόσταξιν
924 2890 1112 2956 ὃεχονται
1151 2888 1247 2959 πρός
1284 2894 1407 2940 αὐτοῦ
1429 2927 1441 2949 ,
1478 2893 1517 2937 ἐν
1549 2893 1606 2953 τῷ

494 2963 732 3027 ἀναγγεῖλαι
758 2982 798 3011 εν
831 2986 911 3017 τοις
938 2965 1089 3012 ἔθνεσιν
1123 2962 1175 3012 τοὶ
1199 2960 1497 3023 ἐπιτηδευματα
1530 2983 1601 3008 αυ-

496 3053 537 3079 το
540 3035 578 3079 ῧ·
614 3055 746 3082 ταυτα
779 3029 821 3081 δέ
855 3034 962 3084 ἐστιν
984 3073 996 3092 .,
1037 3056 1112 3083 οσα
1149 3029 1388 3096 θαυμασίως
1425 3026 1603 3081 ἐπειησεν

496 3100 744 3166 ἐπιδημησας
778 3103 895 3154 νοητά
921 3127 961 3153 τε
987 3127 1051 3153 και
1078 3102 1281 3155 azo-&moa
1315 3098 1470 3154 Ρηθειη
1497 3102 1528 3149 ὂ
1554 3099 1602 3149 ἂν

496 3170 522 3222 ἦ
556 3170 718 3239 δευτέρα
757 3172 978 3239 ωρᾶσταξις
1016 3173 1199 3237 μαλιστα
1236 3196 1318 3227 τοις
1356 3168 1604 3227 ἀωοστόλοις

497 3245 729 3308 πεμφθεῖσιν
763 3248 1019 3304 μαθητεῦσαι
1054 3242 1185 3315 πάντα
1217 3267 1272 3294 τα
1303 3242 1409 3295 ἐ’θνη·
1443 3265 1508 3291 και
1542 3264 1604 3291 οτι

500 3313 666 3366 ἐκζητῶν
699 3334 750 3361 τοι
781 3336 945 3374 αιματοι
978 3336 1053 3362 αυτ
1057 3336 1107 3362 ων
1123 3310 1310 3377 ἐμνήσθη
1343 3318 1424 3364 τῶν-
1451 3312 1605 3377 ἀναιρε-

496 3378 593 3430 .9ε’ντ
577 3402 650 3429 ων
682 3380 754 3431 ὗπό
793 3387 869 3432 τῶν
904 3382 1194 3470 πεωυρωμὲνων
1224 3387 1348 3446 βελῶν
1382 3406 1450 3433 του
1484 3404 1605 3433 πονη-

490 3455 576 3517 ροῧ·
613 3474 786 3509 τουτοις,
822 3475 966 3519 φησιν
1002 3453 1222 3522 ἐπιφέρεται
1257 3452 1324 3513 τό,
1359 3476 1424 3501 ουκ
1462 3452 1606 3500 ἐπελά-

483 3525 596 3571 ’.9ετο
627 3544 696 3577 της
727 3527 906 3586 κραυγῆς
940 3546 1013 3573 των
1046 3548 1094 3575 πε
1099 3545 1238 3576 νητων·
1274 3545 1360 3589 περι
1387 3521 1432 3573 οὑ
1456 3522 1606 3572 ἐπαπο-

495 3613 606 3656 ρησει
638 3614 698 3647 τις
730 3589 877 3656 λέγων·
913 3617 993 3648 πως
1028 3594 1186 3659 ἔκραζον
1212 3592 1307 3662 πρὸς
1340 3592 1425 3642 θεὸν
1460 3593 1493 3643 οἶ
1527 3594 1604 3643 ἀπὸ

498 3664 624 3711 ἒ9νων
657 3684 818 3739 πενητες
851 3685 965 3717 οντες
988 3703 999 3720 ,
1034 3663 1097 3713 καί
1132 3688 1188 3714 τοι
1221 3669 1352 3729 ἀναιρ
1339 3656 1497 3718 ε9έντες
1531 3663 1605 3714 fano*

495 3736 565 3786 τῆς
596 3755 849 3797 κατεχουσης
885 3731 1075 3782 πολυθεου
1107 3738 1162 3785 ἀπ
1167 3758 1264 3791 ατης
1297 3758 1360 3784 και
1397 3739 1470 3784 τῶν
1505 3736 1608 3799 ἐνερ-

494 3800 664 3871 γούντων
697 3801 821 3855 αὖτ’-ἤν
851 3801 1024 3870 ἀοράτων
1052 3808 1232 3870 ἐχὲρῶνς
1259 3804 1351 3871 πρός
1375 3802 1394 3852 3
1429 3801 1605 3864 λεκτέον,

1545 274 1706 306 monn

1662 361 1771 404 Item
1795 359 1915 416 quod
1930 360 1979 403 im
1992 359 2265 415 nonagesimo
2285 360 2428 414 primo
2444 359 2607 415 psalmo
2635 360 2693 403 ita
2712 355 2760 403 se

1662 432 1793 475 habet
1806 446 1816 474 ε
1829 450 1845 469 »
1865 437 1917 474 tu
1927 444 2184 486 consurgens
2199 430 2461 473 misereberis
2476 431 2613 473 Sionis
2626 462 2638 485 ,
2657 433 2759 487 quia

1665 506 1833 558 tempus
1854 503 2078 546 miserendi
2098 503 2189 545 eius
2204 533 2216 556 ,
2240 502 2475 557 quia-venit
2486 506 2678 557 tempus.

1731 591 1748 609 α
1772 575 1825 615 Et
1859 579 2027 628 sperent
2062 574 2108 616 in
2135 579 2178 617 te
2213 574 2288 629 qui
2328 576 2563 628 agnoscunt
2600 586 2759 615 nomen

1673 662 1691 680 u
1725 648 1864 686 tuum.
1888 645 1996 697 Quia
2015 658 2104 688 non
2127 635 2388 700 dereliquisti
2419 648 2667 698 quaerentes
2684 648 2730 684 te
2747 673 2766 695 r

1674 733 1691 750 »
1726 715 1924 757 Domine.
1948 733 1964 751 n
1992 710 2207 758 ‘Videlicet
2236 717 2444 758 humanae
2467 715 2557 769 spei
2585 714 2761 757 cuilibet

1665 786 1909 839 superiores
1943 786 2100 829 effecti.
2131 788 2236 830 Nam
2270 786 2556 842 cognitionem
2579 786 2763 828 nominis

1666 856 1731 897 tui
1753 856 1991 910 perfectam*
2005 856 2209 899 habentes
2225 888 2237 910 ‚
2261 858 2366 899 nulli
2389 857 2508 899 alteri
2538 858 2597 898 rei
2624 855 2763 898 confi-

1668 925 1790 968 dunt.
1825 926 1962 967 Deum
1997 930 2138 968 autem
2171 932 2378 985 quaerunt
2399 928 2460 969 illi
2476 958 2495 980 ‚.
2522 927 2597 982 qui
2621 928 2766 968 omnia·

1668 996 1796 1038 abeo
1817 996 1900 1038 sibi
1917 996 2007 1038 fieri
2029 997 2180 1039 volunt
2194 1028 2206 1049 ,
2231 1009 2339 1053 quae
2367 999 2449 1053 ipsi
2468 998 2629 1040 viribus
2658 1010 2762 1052 pro-

1667 1066 1772 1122 priis
1791 1078 2038 1121 comparare
2053 1071 2285 1122 nequeunt.
2307 1067 2594 1120 Quamobrem
2612 1068 2666 1109 ab
2684 1067 2769 1109 illo

1667 1148 1755 1179 non
1778 1136 2158 1192 derelinquuntur:
2186 1138 2305 1192 quod
2333 1138 2511 1181 verbum
2541 1141 2610 1193 pie
2634 1143 2762 1193 atque

1665 1207 1902 1263 prudenter
1922 1208 2242 1263 intelligendum
2262 1213 2347 1252 est:
2375 1222 2472 1252 nam
2498 1211 2534 1251 si
2565 1211 2658 1264 quis
2680 1222 2769 1264 pu-

1668 1283 1729 1321 tet
1750 1291 1837 1321 non
1860 1279 2099 1335 derelinqui
2118 1292 2143 1322 a
2163 1281 2254 1323 Deo
2276 1280 2492 1323 hominem
2507 1312 2518 1333 ,
2540 1283 2613 1335 qui
2637 1294 2762 1323 mun-

1669 1350 1788 1393 danis
1811 1351 1856 1392 in
1878 1351 2007 1393 rebus
2025 1362 2230 1407 prospere
2251 1356 2347 1406 agat
2362 1382 2374 1405 ‚
2398 1351 2574 1393 fallitur.
2602 1353 2768 1394 Etenim*

1669 1422 1909 1476 complures
1927 1422 2047 1476 impii
2066 1422 2123 1464 ita
2145 1435 2189 1464 se
2211 1422 2390 1464 habent.v
2411 1423 2536 1468 Secus
2553 1453 2564 1474 ‚
2593 1422 2763 1464 Abelem

1668 1492 1798 1535 fuisse
1829 1492 2075 1535 derelictum
2105 1492 2190 1535 dici
2218 1497 2461 1548 oporteret,
2490 1494 2563 1547 qui
2593 1493 2768 1535 interfe-

1670 1568 1764 1605 ctus
1792 1563 1899 1605 fuit:
1933 1564 2038 1618 quin
2071 1563 2195 1606 etiam
2231 1564 2461 1619 prophetas
2503 1569 2630 1618 atque
2660 1576 2769 1619 apo-

1670 1633 1803 1676 stolos
1822 1647 1833 1687 ;
1851 1647 2034 1690 namque
2050 1639 2093 1677 et
2110 1635 2161 1676 hi
2174 1639 2382 1690 perpetuo
2403 1635 2560 1677 adflicti
2573 1634 2766 1688 fuerunt,

1672 1706 1926 1761 tandemque
1950 1706 2003 1748 ab
2025 1706 2269 1748 hominibus
2289 1706 2462 1761 plurimi
2489 1718 2636 1747 eorum
2658 1706 2766 1747 inte—

1670 1778 1838 1831 rempti.
1863 1778 1952 1819 Hac
1983 1789 2086 1831 ergo
2106 1777 2228 1819 >facta
2250 1777 2520 1819 distinctione
2540 1809 2552 1830 ‚
2588 1776 2766 1819 dicimus

1671 1860 1759 1891 non
1782 1847 2019 1903 derelinqui
2043 1848 2164 1890 illum
2185 1847 2260 1902 qui
2294 1859 2428 1902 usque
2448 1847 2513 1890 ad
2534 1851 2767 1889 extremum
2786 1888 2791 1895 ,

1672 1920 1868 1974 spiritum
1899 1928 1997 1961 cum
2026 1921 2117 1968 Deo
2150 1924 2241 1973 est,
2273 1919 2436 1961 etiamsi
2461 1919 2684 1960 innumera
2713 1917 2770 1960 ab

1672 1991 1851 2032 inimicis
1879 1992 2080 2045 patiatur.
2119 1990 2170 2032 Id
2199 1991 2413 2032 enimvero
2437 1993 2549 2031 recte
2582 1988 2765 2042 dicitur,

1673 2073 1760 2103 non
1784 2061 2020 2116 derelinqui
2042 2074 2065 2104 a
2085 2062 2194 2104 Deo.
2218 2061 2308 2103 Iam
2331 2073 2417 2115 qua
2438 2060 2604 2104 ratione
2635 2061 2767 2115 qliae-

1675 2132 1830 2175 rendus
1846 2133 1901 2175 sit
1918 2134 2032 2175 Deus
2049 2164 2060 2185 ‚
2080 2132 2352 2187 cognoscitur
2378 2144 2427 2173 ex
2449 2131 2501 2173 iis
2518 2132 2593 2186 qui
2617 2132 2675 2173 ita
2703 2143 2769 2174 sa·

1674 2204 1837 2258 pienter
1858 2216 1902 2246 se
1924 2208 2101 2258 gerunt:
2141 2203 2317 2246 «sentite
2341 2203 2394 2245 de
2415 2204 2506 2244 Deo
2528 2214 2630 2244 cum.
2644 2201 2770 2244 boni-

1683 2293 1698 2311 »
1732 2279 1837 2326 tate,
1865 2279 1907 2316 et
1928 2287 2035 2318 cum2
2052 2274 2319 2329 simplicitate
2339 2273 2480 2316 cordis
2503 2273 2692 2328 quaerite
2710 2273 2767 2315 il-

1682 2366 1698 2383 »
1733 2347 1850 2389 lum:
1885 2348 1985 2402 quia
2006 2338 2220 2389 invenitur
2242 2346 2295 2389 ab
2318 2347 2369 2388 iis
2393 2347 2467 2401 qui
2488 2359 2575 2388 non
2605 2350 2771 2388 tentant

1681 2437 1698 2454 ι»
1734 2419 1853 2461 illum
1869 2449 1881 2472 ,
1907 2423 1949 2460 et
1971 2423 2146 2473 apparet
2166 2418 2217 2460 iis
2239 2419 2313 2473 qui
2332 2419 2478 2460 cinon
2507 2417 2766 2459 discredunt.

1735 2491 1950 2544 Hymnum
1966 2489 2103 2531 dicere
2115 2487 2333 2541 iubentur,
2345 2489 2418 2543 qui
2429 2490 2580 2543 spiritu
2589 2500 2641 2530 ac
2655 2500 2771 2528 inen-

1675 2559 1914 2615 te-psallere
1943 2559 2079 2601 solent
2096 2573 2112 2600 2,
2136 2572 2324 2614 namque
2345 2559 2389 2600 hi
2411 2558 2580 2602 demum
2611 2559 2682 2613 pio
2705 2559 2772 2601 in-

1676 2630 1875 2683 tellectu,
1910 2643 1958 2672 ac
1993 2630 2174 2688 Spiritus
2200 2629 2400 2671 instinctu
2428 2629 2635 2684 psalmnt.
2665 2630 2769 2670 Nam

1675 2701 1873 2743 iubentur
1903 2713 2051 2742 canere
2078 2705 2204 2755 atque
2229 2694 2408 2755 psallere
2430 2700 2587 2752 corde,
2621 2701 2694 2754 qui
2713 2701 2772 2741 ita

1676 2771 1884 2814 habitanti
1901 2773 2072 2814 Sionem
2083 2759 2268 2815 Domino
2285 2771 2487 2826 psallunt,
2503 2771 2658 2826 Spiritu
2674 2783 2771 2812 san·

1676 2848 1747 2886 cto
1773 2843 1950 2885 chorum
1970 2842 2163 2885 ducente.
2189 2841 2770 2897 Aliudinsupervmandatum

1677 2915 1730 2957 ab
1750 2927 1800 2956 eo
1823 2915 2061 2968 accipiunt,
2084 2904 2235 2969 nempe
2251 2918 2299 2956 ut
2318 2914 2428 2956 inter
2447 2918 2592 2967 gentoe
2610 2925 2773 2955 annun-

1676 2986 1780 3027 tient
1813 2984 1950 3027 studia
1983 2977 2097 3026 eius:
2135 2985 2206 3026 illa
2237 2984 2397 3026 scilicet
2427 2996 2541 3038 quae
2566 2982 2771 3024 mirabili-

1676 3061 1742 3099 ter
1770 3057 1813 3098 iu
1834 3048 2020 3098 adventu
2039 3068 2116 3098 suo
2132 3055 2233 3098 fecit
2254 3060 2346 3097 tum
2366 3054 2663 3097 intellectualia
2680 3058 2770 3099 tum

1677 3127 1904 3170 sensibilia.
1935 3128 2070 3169 Porro
2098 3121 2276 3168 alterum
2304 3126 2387 3167 hoc
2406 3125 2647 3167 manda-tum
2670 3137 2774 3179 apo-

1677 3199 1797 3240 stolis
1817 3198 2043 3252 praecipue
2067 3197 2160 3239 dari
2184 3196 2442 3241 credendum
2460 3184 2601 3237 estad
2627 3207 2772 3236 omnes

1678 3271 1823 3323 gentes
1848 3267 2061 3310 docendas
2077 3267 2228 3309 missis.
2255 3268 2307 3308 Et
2324 3267 2429 3321 quia
2440 3266 2663 3320 requirens.
2674 3277 2772 3307 san-

1676 3341 1843 3393 gui-[iem
1864 3342 2027 3389 eorum,
2046 3337 2293 3379 recordatus
2309 3341 2370 3379 est
2385 3334 2770 3378 interfectorumab
2834 3370 2841 3375 ,

1677 3411 1823 3464 ignitis
1855 3409 2017 3452 diaboli
2038 3409 2158 3462 tclis3
2183 3409 2250 3450 his
2276 3407 2574 3464 subiungitur:
2602 3417 2687 3447 non
2709 3409 2773 3445 est

1679 3481 1837 3523 oblitus
1864 3481 2091 3522 clamorem
2110 3491 2360 3534 pauperum.
2382 3477 2477 3529 Quo
2496 3477 2539 3518 in
2563 3476 2770 3518 loco-am—

1677 3551 1798 3605 big-et
1825 3551 2002 3605 aliquis,
2037 3550 2205 3592 dicens:
2239 3548 2458 3603 quomodo
2488 3547 2773 3589 clamaverunt
2840 3602 2843 3604 -
2886 3608 2889 3611 ,
2917 3552 2918 3555 ’
2956 3543 2958 3546 ’

1679 3622 1735 3664 ad
1758 3623 1895 3664 Deum
1924 3621 2111 3672 ethnici,
2137 3621 2212 3675 qui
2243 3630 2477 3675 pauperum
2502 3616 2669 3659 nomine
2693 3627 2768 3657 vo·
2824 3668 2827 3675 ,

1680 3693 1879 3742 citantur,
1894 3692 1969 3733 etsi
1984 3691 2255 3746 polytheismi
2268 3701 2409 3731 errore
2425 3686 2619 3729 suffocati
2635 3689 2771 3738 erant,

1680 3768 1721 3806 et
1747 3763 1800 3806 ab
1816 3764 1926 3807 illius
1952 3762 2232 3805 sectatoribus
2249 3760 2428 3804 inimicis
2456 3756 2772 3800 invisibilibus?

1680 3834 1757 3876 Cui
1770 3834 2112 3889 respondendum
2128 3820 2207 3886 est,
2223 3830 2423 3886 operibus
2434 3829 2532 3872 illos
2545 3828 2774 3871 clamorem
