2944 4426
1170 274 1214 305 m
1247 265 2473 310 pnovnnau.17

212 368 277 408 tes
296 396 308 419 ,
346 375 452 420 quas
484 367 629 425 noster
657 372 830 417 quoque
853 361 1052 406 servator
1078 359 1204 402 nohis
1231 360 1310 402 im-

214 437 381 492 peravit
400 467 412 490 ‚
442 435 644 477 ieiunium
672 433 830 475 scilicet
849 464 860 485 ,
895 431 1152 473 continentia
1169 461 1181 484 ,
1211 443 1308 474 ora-

212 507 301 560 tio,
338 509 381 548 et
410 504 577 547 similia.
615 503 731 545 Clam
751 513 866 543 ,νει-ο
903 501 1007 543 haec
1035 499 1196 556 agenda
1215 530 1228 554 3
1259 512 1312 569 ne

215 578 258 620 in
289 580 518 632 conspectu
550 574 771 616 hominum
797 574 896 615 sint.

1381 380 1473 415 ται,
1507 359 1656 413 α’ίτινες
1687 379 1754 406 και
1785 357 1892 426 παρὰ
1923 382 1963 410 το
1965 364 1990 409 'fi
2014 365 2160 427 σωτῆρο
2144 385 2183 417 ς
2218 363 2326 425 ἦμων
2363 385 2478 448 προσ·

1382 448 1583 493 εταγησαν
1614 428 1703 495 Δίιαρ’
1734 430 1830 492 τῖμιν
1863 427 2068 494 γινεσθαι·
2104 429 2260 488 τουτέςι
2292 429 2475 494 νηστεῖα,

1383 495 1620 563 ἐγκράτεια,
1653 496 1872 564 προσευχὴ,
1904 522 1972 548 και
2005 499 2056 550 τοὶ
2085 503 2218 564 ὅμοια·
2250 507 2370 586 κρυφῇ
2402 501 2475 563 δὲ,

1383 589 1480 675 προς
1518 566 1561 618 τὸ
1594 590 1648 631 μη
1680 572 1886 621 θεαθῆναι
1917 567 2022 619 αὐτὰ
2056 593 2135 626 τοις
2172 570 2404 638 olus-pamm.

1192 698 1373 741 CAP.
1435 699 1489 741 X.

217 816 405 906 Virum
426 859 530 902 dicit
547 858 745 902 doctrina
762 871 1018 915 pauperem3
1044 871 1214 913 manus,
1243 871 1312 902 sa-

216 932 400 988 pientiae
431 935 565 974 actus·

275 1002 351 1044 Vir
374 1000 575 1044 cordatus
591 1031 603 1055 ‚
628 1001 681 1044 ab
713 1003 923 1044 aerumnis
944 1007 985 1045 et
1008 1002 1313 1045 calamitatibus

216 1085 305 1116 nou
345 1072 583 1116 amburitur
609 1085 631 1125 ‚·
669 1077 712 1115 et
753 1073 938 1115 iustitiae
981 1074 1171 1128 germina
1204 1086 1310 1129 pro-

217 1144 329 1193 sent:
361 1148 404 1187 at
423 1143 611 1199 iniquus,
637 1156 687 1186 ex
708 1157 754 1187 re
780 1157 953 1217 quoque
973 1145 1090 1188 hona
1111 1145 1312 1188 damnum

218 1215 396 1272 patitur.

275 1287 551 1342 Disciplinam
566 1287 857 1342 increpatione
877 1293 1083 1331 carentem
1108 1286 1210 1331 dicit
1227 1290 1314 1332 ani-

219 1369 311 1401 mae
341 1357 495 1400 malam
531 1357 686 1411 agendi
715 1359 923 1400 rationem
940 1392 952 1413 3
980 1372 1090 1414 quae
1107 1365 1164 1417 *et
1194 1372 1314 1407 erro-

219 1439 311 1471 rem
333 1433 377 1470 et
397 1428 570 1470 exitium
592 1429 632 1471 ei
662 1429 842 1472 confert.
868 1430 948 1472 Sed
971 1431 1037 1472 via
1058 1430 1193 1483 vitae,
1226 1426 1315 1474 non

220 1499 359 1542 solum
380 1499 432 1541 ab
462 1503 629 1541 aeterna
649 1512 874 1553 aerumna,
907 1513 1056 1543 verum
1084 1502 1210 1544 etiam
1241 1502 1317 1545 abs

221 1570 413 1626 qualibet
439 1570 552 1612 vitae
575 1571 768 1613 molestia
788 1602 800 1624 3
833 1584 906 1614 eos
924 1573 998 1627 qui
1017 1574 1202 1616 malitiae
1220 1578 1318 1616 sunt

222 1644 416 1696 expertes
429 1671 441 1693 ,
459 1640 662 1684 defendit·
692 1642 852 1684 Malitia
871 1655 975 1685 vero
1001 1638 1200 1686 carentes*
1215 1643 1318 1687 dicit

220 1712 320 1755 illos
338 1743 350 1764 ‚
379 1713 459 1767 qui
477 1712 583 1754 male
611 1712 664 1754 ab
692 1713 833 1768 aliquo
861 1716 1002 1769 passi,
1030 1716 1319 1759 innocentiam

221 1787 364 1825 tamen
387 1795 483 1825 cum
510 1783 685 1825 caritate
713 1785 908 1827 retinent.
943 1787 1023 1829 Vel
1050 1787 1319 1843 disciplinam

223 1838 479 1906 ἄνεξὲλεγτσν
507 1854 610 1896 dicit
637 1855 777 1908 illam,
809 1868 916 1911 quae
939 1858 1121 1912 speciem
1146 1859 1319 1915 quidem

221 1924 393 1979 pietatis
410 1923 560 1976 habet,
587 1925 660 1967 sed
681 1930 821 1968 tamen
836 1934 950 1970 caret
972 1930 1260 1984 experimento
1277 1935 1320 1973 et

225 1995 532 2049 exploratione.
559 1997 663 2038 Nam
686 1998 760 2053 qui
787 2011 875 2040 non
898 1986 1024 2042 suerit
1052 2001 1318 2056 exploratus,

224 2078 362 2121 neque
394 2066 484 2108 aliis
515 2071 697 2110 mentem
720 2081 839 2111 suam
861 2069 1227 2127 cogitationesque
1247 2086 1323 2129 pa-

222 2136 439 2189 tefecerit‚
471 2137 507 2179 is
536 2138 581 2179 iu
610 2136 721 2181 Vana
747 2143 1091 2197 praesumptione
1113 2140 1319 2187 versatur.

252 2211 255 2215 '
283 2207 495 2263 Operiunt'
507 2208 612 2251 dicit
623 2221 702 2264 pro
719 2241 730 2264 ,
746 2219 834 2252 non
850 2211 992 2255 sinunt
1004 2214 1224 2269 apparere.
1245 2217 1323 2259 Vel

224 2278 489 2322 inimicitiam
517 2280 578 2321 ait
605 2292 685 2334 pro
703 2281 894 2338 malitia,
913 2284 1034 2326 cuius
1061 2297 1182 2328 causa
1198 2287 1323 2341 inyisi

225 2349 440 2392 evadimus
471 2351 579 2393 Deo.
609 2343 667 2394 At
696 2354 806 2395 enim
832 2354 1092 2399 inimicitiam
1124 2357 1323 2401 adversus

223 2419 361 2463 Deum
386 2425 429 2463 et
444 2421 651 2477 homines,
673 2425 828 2466 nostris
855 2425 900 2467 in
926 2427 1128 2471 cordibus
1154 2442 1178 2472 a
1203 2417 1325 2474 mali-

226 2503 312 2545 gno
331 2492 496 2534 insitam
513 2491 623 2546 ,firi
644 2495 742 2536 iusti
763 2497 975 2550 expellunt
988 2529 1000 2552 3
1019 2499 1242 2555 Deumque
1264 2502 1325 2545 la-

225 2561 308 2604 biis
330 2562 566 2617 celebrant,
589 2577 686 2622 eum
711 2567 770 2608 ita
784 2562 1002 2623 'malignus
1030 2583 1103 2613 eos
1126 2576 1321 2616 tentave-

225 2633 300 2675 rit.
315 2633 356 2675 si
371 2634 482 2676 euim
500 2648 597 2677 cum
610 2637 768 2679 inimici
779 2650 982 2695 essemus,
993 2641 1133 2696 inquit
1148 2635 1320 2699 Paulus,

226 2704 486 2747 reconciliati
515 2719 658 2749 sumus
684 2709 776 2757 Deo
800 2721 878 2763 per
907 2716 1087 2753 mortem
1114 2712 1190 2754 filii
1216 2714 1320 2756 eius.

230 2769 356 2822 Quod
387 2773 424 2814 si
440 2774 658 2817 inimicitia
684 2777 832 2818 vitium
851 2782 913 2819 est
928 2810 941 2832 3
974 2780 1123 2834 utique
1142 2781 1324 2825 amicitia

227 2841 363 2883 virtus
381 2846 424 2884 et
439 2845 598 2897 agnitio
618 2846 695 2888 Dei
708 2871 730 2898 ,·
745 2859 830 2902 qua
858 2847 1068 2891 efficimur
1091 2851 1214 2892 amici
1234 2853 1324 2894 eius

230 2915 273 2952 et
302 2915 540 2954 sanctarum
581 2920 853 2975 potestatum.
887 2919 978 2962 Iam
1011 2921 1086 2975 qui
1114 2922 1189 2963 tali
1219 2924 1324 2964 ami-

229 2983 352 3025 citiae
374 2994 526 3038 genere
542 2986 634 3028 Deo
657 2987 814 3032 fuerint
842 2992 990 3046 amici,
1018 2994 1165 3049 utique
1196 2998 1238 3037 et
1258 2996 1324 3038 in·

231 3053 368 3096 vicem
403 3055 526 3096 amici
557 3061 696 3099 erunt.

287 3125 496 3178 Domine,
525 3130 622 3168 ante
656 3132 699 3170 te
727 3135 852 3172 omne
880 3131 1135 3177 desiderium
1159 3149 1321 3188 meum,

229 3195 370 3250 inquit
392 3196 544 3238 David.
567 3196 619 3239 Id
641 3202 704 3240 est
722 3200 927 3254 quicquid
943 3203 1032 3245 Deo
1055 3210 1224 3258 gratum
1243 3213 1322 3262 est,

229 3269 272 3307 et
300 3267 432 3308 iustos
469 3266 589 3309 decet
609 3297 622 3320 3
650 3268 696 3310 id
731 3269 967 3323 optandum
1001 3277 1092 3326 est,
1130 3280 1179 3317 ut
1205 3289 1326 3319 acce-

232 3336 400 3390 ptabilis
430 3337 484 3379 sit
513 3339 646 3380 oratio
674 3344 819 3382 nostra
848 3353 993 3384 coram
1021 3344 1127 3386 Deo.
1159 3348 1215 3389 At
1243 3349 1326 3390 im-

230 3403 326 3461 pius
363 3408 602 3463 perditione
637 3415 842 3464 perpetua
868 3411 1192 3470 circumagitur,
1223 3417 1326 3461 dum

233 3489 342 3533 quae
371 3479 463 3521 Deo
494 3480 665 3522 minime
682 3485 801 3535 grata
830 3486 949 3536 sunt,
987 3485 1105 3538 cupit
1134 3487 1321 3541 agitque.

290 3549 333 3591 Si
361 3550 489 3592 timor
518 3551 594 3592 Dei
621 3550 739 3593 addit
754 3551 867 3607 dies,
891 3553 1058 3596 initium
1087 3559 1226 3598 autem
1243 3570 1314 3600 sa-

232 3619 416 3673 pientiae
445 3621 575 3663 timor
601 3621 800 3675 Domini,
823 3623 982 3678 -utique
1002 3624 1045 3666 hi
1069 3625 1157 3669 dies
1183 3633 1325 3682 partes

232 3691 460 3745 sapientiae
477 3697 575 3734 sunt
593 3705 617 3734 a
639 3693 818 3738 iustitiae
841 3694 930 3737 sole
958 3709 1194 3740 concessae.
1220 3699 1326 3742 Nam

232 3760 298 3802 vir
323 3761 548 3815 proficiens
564 3796 575 3817 ,
609 3768 734 3817 auget
763 3766 960 3808 notiones
991 3771 1032 3809 et
1058 3768 1328 3812 illuminatio-

234 3844 323 3874 neS.
353 3834 436 3877 Pro
465 3834 614 3879 diebus
642 3841 782 3880 autem
806 3838 1046 3883 huiusmodi
1072 3846 1164 3885 orat
1190 3843 1327 3886 David

1372 813 1620 922 uAydpoe
1589 893 1600 915 ‚
1636 878 1704 906 τον
1730 879 1771 907 το
1774 862 1798 906 ’ὗ
1823 855 1914 923 λᾶγο
1917 881 1940 908 υ
1963 874 2273 923 πτωχευσαντοι·
2300 882 2363 908 και
2396 880 2541 932 χει·ο
2524 867 2566 897 0³
2543 869 2733 933 ’fg-‘4321'-

1382 951 1453 995 ρας
1474 966 1487 984 .,
1523 948 1595 981 τας
1629 931 1700 983 τῆς
1734 950 1871 996 σοφιας
1891 926 2063 996 πραξεις-

1450 1001 1503 1048 ‘O
1529 1019 1676 1062 νοημων
1701 998 1774 1049 ὖπο
1807 1003 1880 1048 τῶν
1913 999 2041 1063 &Nike
2045 1022 2095 1048 ων
2129 1021 2193 1047 και
2230 1022 2303 1048 των
2304 1022 2485 1087 συμφο-

1383 1073 1456 1136 ρῶν
1488 1067 1543 1133 μῆ
1567 1066 1864 1135 συγκαιόμενος,
1891 1069 2123 1136 γεννήματα
2147 1073 2266 1120 δικαιο
2252 1093 2386 1125 συνης
2416 1094 2487 1139 φε-

1383 1157 1456 1205 ρει·
1497 1140 1518 1189 ἑ
1556 1138 1598 1188 δὲ
1635 1139 1788 1206 ωαράνο
1791 1163 1861 1205 μσς
1884 1179 1896 1201 ,
1941 1163 2006 1192 και
2044 1139 2125 1190 {auxo
2167 1145 2239 1192 τῶν
2275 1140 2487 1203 βελτιὲνων

1385 1207 1683 1295 ὂιαφὲειρεται.

1458 1278 1656 1330 Παιόεἶοιν
1679 1279 1957 1347 οἷνεξέὶεγκτον
1978 1279 2156 1348 ἆνομαζει
2178 1305 2250 1335 την
2273 1306 2394 1337 κακην
2415 1289 2490 1340 τῆς

1387 1355 1520 1415 ψυχης
1552 1375 1600 1402 πο
1605 1350 1778 1411 ὶιτειαν,
1818 1354 1905 1408 ἥτις
1935 1376 2003 1401 και
2039 1352 2248 1409 απωὶειας
2279 1378 2347 1403 και
2385 1353 2492 1406 πὶα-

1387 1443 1452 1476 7713
1486 1424 1590 1487 αὐτῇ
1621 1421 1775 1508 γίνεται
1809 1424 2008 1508 πρὸξενος·
2033 1425 2057 1476 ’1⁴2
2083 1423 2126 1473 δὲ
2158 1423 2245 1480 ἕδος
2272 1429 2343 1481 τῆς
2371 1430 2491 1484 ζωῆς,

1389 1494 1434 1539 ου’
1465 1514 1578 1555 μονον
1613 1495 1655 1541 ἐκ
1693 1516 1764 1548 της
1801 1492 1936 1543 αἰωνιο
1940 1518 1961 1542 υ
1984 1534 1996 1555 ,
2034 1493 2147 1554 α’λὶα
2183 1518 2249 1544 και
2289 1499 2330 1544 ἐκ
2365 1496 2515 1565 ποὶσιοςι

1388 1562 1601 1617 κακότητος
1634 1587 1676 1614 το
1678 1568 1701 1612 Z
1730 1563 1794 1624 βιο
1797 1587 1818 1611 υ
1843 1563 2078 1653 ὂυοχερειας
2107 1588 2197 1621 τους
2222 1564 2385 1623 ἀκακους
2418 1589 2496 1635 φυ-

1390 1631 1547 1683 λασσει
1589 1632 1755 1689 ἀκακους
1793 1632 1862 1682 ὂε
1873 1635 1977 1701 λέγει
2015 1658 2104 1691 τους
2123 1641 2269 1721 Νκοικῶς
2315 1639 2357 1686 ’ἐκ
2394 1660 2495 1694 τινος

2527 1016 2555 1036 v.
2577 1012 2603 1037 5.

2528 1044 2596 1073 cod.
2624 1044 2643 1073 s.
2662 1048 2706 1073 48.
2726 1051 2754 1072 a.

2533 1298 2563 1319 v.
2587 1295 2628 1320 17.

2534 1326 2603 1356 cod.
2615 1326 2636 1355 s.
2654 1330 2697 1355 (19.
2712 1326 2741 1354 b.

1390 1703 1686 1767 ὑπομένοντας,
1721 1727 1785 1753 καί
1818 1727 1990 1755 azanim)
2022 1728 2244 1763 αἳκθυν”ας
2280 1712 2317 1759 ἐν
2342 1707 2493 1774 ἀγαπῃ

1381 1769 1440 1826 Ἠ
1473 1777 1610 1829 οὕτως.
1636 1773 2004 1862 Ἀνεξέλεγκτος,
1983 1799 2009 1828 η
2031 1775 2251 1843 πρέσχημα
2272 1777 2343 1843 μὲν
2381 1781 2496 1829 εὐσε-

1391 1839 1557 1907 fidam*
1539 1868 1688 1910 εχουσα
1711 1885 1723 1907 ,
1762 1845 2018 1912 οἷγυμνοιστος
2052 1846 2091 1896 δὲ
2125 1845 2226 1898 οῧσα
2255 1873 2320 1898 και
2357 1853 2422 1898 ἀνο
2427 1848 2495 1906 ξέ-

1392 1935 1555 1971 ταστος·
1595 1939 1613 1968 ο
1653 1938 1728 2003 γαρ
1771 1940 1828 1980 μη
1874 1915 2169 1984 ἐλεγχομενος,
2214 1944 2281 1969 και
2327 1925 2495 2009 φανερῶν

1391 2007 1460 2034 και
1495 1985 1600 2053 ετὲρο
1585 2010 1635 2041 ις
1667 2011 1718 2037 τα
1742 2010 1807 2055 φρο
1791 1987 1966 2052 ..wigstan
1998 2012 2062 2038 και
2095 2012 2134 2039 τε
2139 2014 2184 2046 υς
2217 1994 2327 2042 διοαλ
2313 2014 2496 2058 ογισμους

1394 2058 1516 2105 αὐτου
1539 2095 1551 2118 .,
1586 2062 1788 2108 πλανᾶται
1827 2056 1964 2112 cimaea.

1464 2197 1523 2246 Το
1554 2195 1736 2249 nalum:
1722 2222 1847 2258 υσιν,
1875 2199 1970 2251 οἷντι
2001 2223 2043 2250 το
2047 2205 2069 2249 ῧ
2098 2204 2162 2250 οὐκ
2196 2205 2304 2253 ἐῶσιν
2330 2206 2498 2253 ἀνανευ-
2563 2253 2569 2259 ,
2635 2252 2641 2259 ,

1396 2290 1480 2317 σαι
1512 2265 1537 2321 ἦ
1571 2268 1728 2337 ἔχθραν
1762 2292 1831 2321 την
1865 2269 2001 2321 κακῖαν
2035 2270 2169 2338 λέγει,
2203 2277 2249 2322 δι’
2279 2270 2328 2329 ἦς
2363 2274 2493 2341 ἐχθροι

1395 2336 1594 2403 γινόμεθα
1628 2344 1696 2390 τοῦ
1726 2344 1837 2391 θεοῦ·
1874 2363 1941 2393 την
1977 2339 2018 2391 δὲ
2050 2341 2158 2393 κατὰ
2194 2347 2262 2393 τοῦ
2297 2350 2397 2394 &soz
2431 2368 2494 2394 και

1396 2407 1603 2493 ἀνθρωπων
1638 2411 1792 2478 ἔχθραν
1832 2411 2077 2479 ἐγγενομένην
2111 2416 2206 2477 ἦμῖν
2245 2417 2285 2464 ἐν
2323 2420 2372 2482 τῇ
2409 2439 2499 2483 καρ-

1397 2476 1461 2540 δίᾳ
1492 2478 1566 2532 ὑπὸ
1599 2484 1669 2530 τοῧ
1700 2505 1729 2532 π
1731 2486 1893 2548 ονηροῧ,
1929 2506 2052 2535 αυτην
2084 2482 2156 2547 μὲν
2182 2486 2432 2537 ἀποσείονται
2465 2490 2497 2535 οἶ

1396 2547 1560 2611 δίκαιοι,
1587 2555 1671 2607 τοῖς
1697 2551 1738 2600 δὲ
1772 2551 1920 2616 χειλεσι
1954 2576 2023 2603 τον
2049 2553 2136 2603 θεον
2161 2558 2367 2619 ὑμνοῧσιν,
2403 2559 2500 2606 ὅταν

1396 2622 1518 2677 οὕτως
1551 2622 1689 2678 αὐτοις
1715 2646 1733 2670 ο
1760 2646 1923 2690 πονηρος
1955 2624 2179 2691 ὖποβάλλῃ·
2208 2629 2243 2675 εἰ
2267 2626 2343 2694 γὰρ
2368 2627 2499 2694 ἐχθροι

1395 2713 1532 2750 οντες,
1560 2714 1677 2760 φησιν
1703 2716 1721 2741 ο
1750 2698 1889 2743 Παῧλο
1873 2718 1911 2750 3
1942 2699 1980 2781 ἶ,
2006 2695 2327 2785 κατηλλαγημεν
2344 2703 2396 2762 τῷ
2427 2696 2501 2763 θεῳ

1397 2759 1461 2808 δια
1492 2767 1560 2811 τοῦ
1591 2762 1768 2815 θανάτου’
1792 2769 1860 2813 τοῦ
1890 2769 1973 2814 υἱοῦ
2007 2789 2100 2817 αυτο
2099 2771 2142 2815 ῧ·
2171 2769 2203 2816 εἰ
2238 2766 2327 2818 δὲ
2303 2792 2328 2820 η
2353 2769 2498 2835 ἔχθρα,

1396 2830 1514 2880 κακιόι
1546 2854 1700 2895 εστιν,
1739 2838 1766 2886 γῖ
1804 2834 1913 2903 <pocot
1950 2836 2069 2903 ἀρετνι
2106 2860 2170 2887 και
2209 2860 2348 2903 γνωσις
2387 2843 2496 2897 θεου,

1397 2904 1445 2950 δι’
1475 2898 1525 2958 ἧς
1557 2903 1659 2971 φιλοι
1690 2903 1898 2969 γινόμεθα
1926 2929 2047 2956 αυτου
2076 2930 2142 2956 και
2177 2912 2250 2957 τῶν
2275 2908 2393 2974 ἁγιων
2426 2913 2498 2958 δυ-

1395 2970 1566 3034 νάμεων
1606 2973 1672 3024 {use
1713 2975 1756 3023 δὲ
1794 2980 1867 3031 τῆς
1905 2975 2037 3042 φιλιας
2081 2999 2230 3032 ταυτης
2253 3015 2268 3037 ,
2305 2981 2338 3027 οἷ
2385 3001 2496 3035 οντες

1395 3044 1518 3092 αὖτοῧ
1549 3041 1677 3129 qnlot3
1709 3068 1773 3094 και
1803 3045 1987 3098 αλληλων
2020 3048 2094 3098 εἰσι
2133 3046 2251 3115 φιλοι.

1467 3111 1586 3179 Κυριε
1608 3153 1621 3172 3
1658 3136 1808 3164 εναντιο
1811 3140 1830 3164 ν
1865 3141 1934 3166 σου
1965 3122 2079 3168 πᾶσα
2109 3141 2133 3170 η
2165 3116 2360 3183 §mavum
2396 3143 2495 3184 μου,

1396 3205 1511 3250 φησιν
1537 3207 1555 3233 0
1583 3183 1759 3234 Δαυιό*
1765 3206 2001 3238 ’τουτεστιν
2027 3212 2102 3238 οσα
2127 3193 2182 3253 τῷ
2211 3193 2285 3254 θεῷ
2321 3212 2496 3257 αρεστα,

1395 3275 1460 3302 και
1495 3254 1619 3304 δικαιο
1604 3279 1656 3310 ις
1689 3255 1872 3345 αρμόζειῖ
1909 3259 2111 3321 ἐπιθυμειν
2144 3281 2251 3325 χρη,
2287 3282 2352 3311 ινα
2385 3260 2498 3313 dent->1

1395 3327 1421 3375 ἦ
1454 3345 1654 3390 προσευχτι
1684 3350 1792 3391 ημων
1825 3351 1987 3394 γενηται
2022 3328 2199 3379 ἐναντιον
2237 3336 2306 3382 τοῦ
2343 3336 2448 3382 Θεοῦ·
2482 3334 2500 3380 ὅ

1397 3393 1438 3442 δὲ
1468 3393 1624 3455 ἀσεβης
1645 3435 1657 3456 3
1693 3398 1872 3460 &uxr-»hnc
1909 3397 2053 3460 αιωνῖᾳ
2082 3421 2338 3488 ωεριφιρεται
2372 3406 2414 3451 ἐν
2449 3426 2502 3468 τῳ

1398 3467 1608 3527 ἐπιθυμειν
1641 3490 1708 3515 και
1741 3467 1928 3533 πράττειν
1960 3492 2015 3519 τα
2043 3492 2098 3532 μη
2129 3476 2214 3520 Sec.»
2243 3469 2356 3540 φίλα.

1473 3539 1524 3582 Ει
1549 3534 1646 3602 ωοβο
1651 3559 1684 3593 ς
1691 3560 1792 3604 κυριο
1779 3561 1819 3586 υ
1842 3561 1963 3606 προστ
1969 3537 2107 3591 {fimo-ca
2129 3541 2300 3620 ἦαέρας,
2327 3566 2434 3610 αρχτι
2458 3546 2497 3591 δε
2541 3551 2646 3611 {bf-⁷5·
2665 3578 2746 3607 mn.

1396 3626 1533 3670 σοφιοις
1564 3603 1680 3672 φόβος
1699 3606 1807 3693 κυριο
1792 3632 1859 3668 ου,
1885 3612 1926 3658 αἱ
1959 3607 2102 3676 ἧμὲραι
2126 3617 2273 3674 αὗται,
2281 3613 2399 3698 μέρη
2425 3637 2496 3668 της

1397 3696 1535 3742 σοφιας
1567 3674 1667 3724 εἰσιν
1689 3677 1765 3727 ὑπο
1790 3683 1859 3727 rev
1880 3677 1967 3730 ἧλιο
1953 3702 1992 3728 υ
2017 3685 2091 3737 τῆς
2124 3685 2241 3732 ὂικοιιο
2227 3707 2365 3738 cuv-⁶3
2389 3705 2497 3748 γινο-

1398 3764 1530 3806 μεναι·
1570 3768 1690 3811 Upon&
1674 3769 1808 3799 ὤτων
1845 3772 1920 3816 γαρ
1956 3772 2033 3816 &pc
2039 3751 2205 3805 στιῖἵησι
2242 3775 2397 3819 γνωσεςι
2432 3776 2495 3801 και

1400 3837 1479 3882 qam?
1484 3838 1641 3879 ισμσυς·

2545 2649 2663 2678 ‘Rom
2685 2649 2720 2677 V.
2745 2652 2787 2677 ιο.

2539 3121 2568 3141 ν.
2590 3118 2634 3143 24.

2541 3149 2610 3179 cod.
2632 3149 2652 3178 s.
2679 3153 2722 3178 50.
2741 3158 2758 3178 a

2543 3204 2611 3233 ·Ps.
2635 3203 2822 3232 xxxvlmo

1673 3817 1768 3886 ὑπὲρ
1793 3818 1833 3869 δὲ
1867 3844 1908 3872 το
1912 3844 1942 3870 ιο
1947 3845 2045 3872 υτων
2075 3823 2222 3890 -Δμερῶν
2250 3823 2407 3886 εὔχεται
2431 3845 2495 3872 και

2349 3929 2368 3961 3
