2944 4426
1199 253 1244 284 m
1276 252 1541 287 rnovnnma.

244 335 340 382 linis
376 337 633 396 imponetur.
676 339 863 394 Namque
901 337 1192 394 inquinabitur
1228 338 1336 383 dixit

242 422 325 466 pro
358 409 646 467 dissipabitur.
675 409 910 464 Dissipatur
938 422 1042 452 vero
1066 409 1336 453 immunditia

243 482 312 526 vel
341 484 523 539 practica
545 483 728 534 virtute,
758 480 826 523 vel
851 480 1005 523 acerba
1033 482 1272 536 punitione.

301 553 514 598 Utendum
529 557 591 596 est
607 552 691 595 hoc
706 551 822 595 dicto
837 551 1035 595 adversus
1048 565 1138 607 eos,
1152 553 1337 608 quisunt

243 626 386 683 adepti
416 626 582 669 divinae
611 623 807 666 scientiae
841 622 1094 666 beneficium
1112 657 1123 678 ,
1165 625 1336 679 quomi-

243 711 323 742 nus
350 701 586 753 susceptam
609 695 849 738 doctrinam
865 695 1107 750 negligant,
1133 697 1336 751 quoniam

241 766 362 810 multi
377 779 402 808 a
417 766 571 809 malitia
585 766 628 808 in
644 769 826 808 mortem
847 765 1049 820 pertracti
1070 765 1257 808 fuerunt.
1279 765 1336 808 At

241 839 337 883 illos
354 838 428 893 qui
444 837 628 880 insontes
645 836 699 879 ad
715 848 860 879 necem
874 835 1104 889 ducuntur,
1115 849 1168 879 ne
1184 849 1335 880 renuas

238 910 418 967 proprio
436 908 638 963 sanguine
653 907 883 950 redimere:
901 908 1060 960 redime
1073 908 1218 951 saltem
1235 908 1335 952 data

239 981 443 1038 pecunia,
465 981 534 1023 vel
553 980 649 1023 utili
676 979 904 1022 verborum
923 980 1179 1036 patrocinio.
1207 981 1333 1034 Quod

237 1052 275 1095 si
292 1051 468 1095 dixeris:
497 1063 585 1093 non
603 1046 707 1093 novi
726 1050 840 1093 hunc
854 1082 866 1104 ,
897 1050 1085 1106 argueris
1105 1050 1328 1105 mendacii;

238 1123 407 1179 erisque
437 1122 663 1178 dupliciter
686 1135 784 1165 reus
814 1129 857 1165 et
884 1121 936 1165 de
966 1122 1074 1165 falso
1104 1126 1146 1165 et
1177 1122 1230 1165 de
1249 1122 1332 1166 ho-

238 1194 428 1239 micidio.
459 1196 564 1238 Nam
592 1195 666 1250 qui
682 1195 780 1238 fecit
807 1195 999 1250 spiritum
1015 1225 1027 1248 ,
1047 1195 1082 1236 is
1107 1194 1226 1237 novit
1241 1195 1330 1237 sin-

235 1266 338 1324 gula
364 1279 474 1323 quae
491 1267 666 1322 singulis
690 1266 834 1320 dedit,
861 1279 942 1322 pro
965 1267 1168 1322 cuiusque
1193 1266 1330 1321 quali-

233 1341 350 1393 tate,
386 1339 550 1382 bonum
583 1339 702 1382 hono
721 1370 734 1393 ,
764 1338 878 1381 malo
908 1339 1034 1381 mala.
1069 1338 1177 1380 Nam
1209 1338 1328 1393 quod

234 1422 323 1454 non
350 1410 582 1454 secundum
609 1410 884 1466 quantitatem
908 1409 1110 1465 cuiusque
1131 1409 1227 1463 det,
1248 1422 1328 1465 pa-

233 1485 320 1525 tet:
350 1494 438 1524 non
462 1482 572 1524 enim
588 1485 686 1524 sunt
712 1481 946 1537 condignae
964 1482 1178 1536 passiones
1200 1481 1326 1525 huius

234 1553 441 1609 temporis
459 1553 514 1596 ad
529 1553 714 1596 futuram
736 1553 932 1608 gloriam.
952 1544 1079 1606 Quod
1091 1554 1127 1595 si
1148 1553 1244 1608 quis
1267 1566 1327 1596 se-

234 1623 422 1667 cundum
437 1624 715 1679 quantitatem
726 1616 960 1679 intelligere
973 1625 1114 1678 malit,
1131 1636 1210 1679 pro
1224 1636 1326 1680 por-

232 1694 350 1738 tione
376 1695 532 1739 virium
548 1697 749 1752 cuiusque
770 1695 1093 1748 retributionem
1121 1695 1213 1738 fieri
1240 1697 1327 1739 exi-

233 1767 401 1810 stimet:
447 1769 556 1811 sicut
592 1769 718 1811 etiam
752 1768 932 1824 Spiritus
963 1767 1214 1811 charismata
1243 1780 1323 1824 pro

231 1838 335 1883 fidei
363 1843 454 1882 rata
466 1844 587 1895 parte
613 1840 783 1883 dantur.

290 1911 374 1954 Mel
401 1911 614 1965 comedit,
641 1912 718 1967 qui
735 1925 760 1956 a
779 1912 932 1956 divinis
957 1914 1177 1970 scripturis
1195 1914 1320 1958 iuva-

228 1987 317 2026 tur.
343 1982 424 2036 Qui
440 1988 579 2026 autem
602 1984 655 2026 ab
672 1985 774 2040 ipsis
797 1986 990 2029 extundit
1010 1987 1135 2030 factis
1156 1987 1321 2031 doctri-

229 2066 306 2097 nas
325 2085 337 2109 ,
359 2055 472 2098 uude
488 2055 727 2098 'hauserunt
746 2057 880 2099 sancti
900 2058 1136 2114 prophetae
1152 2062 1194 2101 et
1210 2071 1320 2113 apo-

226 2125 352 2179 stoli,
377 2126 532 2180 agendi
550 2131 593 2168 et
616 2126 797 2169 docendi
819 2129 1030 2171 rationem
1046 2159 1058 2182 ,
1085 2128 1155 2171 hic
1177 2129 1321 2171 favum

225 2196 426 2240 comedit.
449 2198 502 2239 Et
525 2196 608 2239 mel
626 2196 798 2252 quidem
828 2198 1051 2241 comedere
1067 2199 1222 2255 cuique
1240 2213 1321 2242 vo-

225 2268 331 2312 lenti
341 2273 525 2324 prostat;
541 2269 617 2311 sed
628 2269 772 2312 favum
782 2300 793 2322 ,
809 2271 976 2312 nonnisi
989 2271 1172 2315 mundus
1186 2272 1317 2315 homo

164 2346 166 2348 ’
225 2343 382 2396 potest.
410 2339 489 2382 Vel
505 2339 591 2382 mel
613 2338 848 2383 ,dicendum
865 2350 929 2388 est
948 2340 1192 2393 allegoriam
1210 2358 1315 2401 esse;

220 2411 367 2454 favum
391 2414 554 2464 autem,
584 2422 676 2452 eam
702 2422 831 2466 quam
859 2403 1038 2452 dicimus
1060 2406 1317 2457 speculatio-

225 2494 324 2525 nem
341 2487 383 2525 et
404 2481 716 2537 indagationem
731 2512 743 2535 ,
767 2493 877 2536 quae
899 2480 1060 2523 habent
1081 2480 1316 2523 abstrusio-

222 2565 315 2597 rem
337 2567 503 2597 sensum
520 2558 563 2597 et
575 2553 902 2610 profundiorem
920 2566 930 2594 z
953 2553 1064 2595 inest
1090 2552 1203 2594 enim
1218 2552 1315 2595 favo

221 2626 325 2668 mel.
353 2626 510 2669 Guttur
538 2626 642 2669 dicit
663 2626 967 2669 alimentariam
997 2626 1160 2667 animae
1178 2624 1316 2666 facul·
1364 2673 1370 2677 ,

219 2699 353 2738 tatem
371 2726 383 2749 ,
410 2697 451 2738 vi
480 2698 598 2740 cuius
615 2697 698 2739 cibi
712 2691 758 2739 in
785 2701 973 2738 ventrem
997 2696 1238 2738 mittuntur.
1273 2695 1315 2737 Si

218 2778 328 2821 -ergo
349 2766 452 2810 haec
473 2771 588 2810 recte
610 2766 880 2810 constitueris
895 2799 907 2820 ,
933 2771 976 2809 et
998 2778 1106 2821 quae
1126 2765 1180 2808 ad
1199 2777 1316 2807 men-

216 2841 309 2880 tem
327 2837 540 2898 pertinent
556 2842 599 2880 et
614 2850 723 2894 quae
747 2838 800 2881 ad
826 2837 1138 2893 indagationem
1150 2867 1162 2890 ‚
1190 2840 1315 2879 erunt

216 2908 302 2952 tibi
315 2921 366 2951 ex
385 2909 612 2964 sapientiae
629 2921 753 2951 sensu
769 2909 977 2964 sapientia·
988 2909 1079 2963 ipsa
1094 2906 1308 2962 dogmata.

219 2981 324 3023 Nam
344 2980 380 3022 si
394 2980 603 3022 inveneris
622 2980 855 3035 spiritalem
872 2980 1106 3035 scripturae
1121 2991 1286 3022 sensum
1297 3009 1309 3031 ,

216 3050 332 3094 bona
345 3050 425 3092 tibi
440 3051 658 3106 continget
671 3062 786 3092 mors
802 3081 814 3103 ,
833 3054 882 3092 ut
902 3050 1041 3093 dicas:
1061 3049 1250 3105 pretiosa
1266 3050 1311 3092 in

214 3125 451 3177 conspectu
476 3121 648 3162 Domini
670 3132 786 3163 mors
818 3125 1063 3163 sanctorum
1084 3121 1196 3164 eius.
1222 3121 1309 3163 Nec

214 3205 320 3236 ’vero
348 3192 401 3235 de
418 3192 574 3234 suturis
601 3204 720 3247 spem
753 3192 925 3235 abicies,

218 3273 227 3278 ·
273 3265 336 3307 Ne
375 3263 587 3324 praeferas
625 3263 842 3306 diabolum
872 3263 1053 3307 iustitiae
1081 3265 1187 3318 Dei,
1223 3276 1308 3319 qua

207 3337 348 3379 sancti
369 3339 616 3391 pascuntur.
639 3336 787 3390 Neque
803 3333 1060 3389 ludificeris,
1092 3339 1141 3377 ut
1165 3335 1306 3378 stultis

148 3450 150 3452 ,
212 3408 529 3464 mortiferisque
557 3407 762 3450 doctrinis
784 3419 860 3449 cor
888 3410 1008 3448 tuum
1024 3437 1035 3459 ,
1067 3406 1186 3461 quod
1207 3420 1306 3449 ven-

207 3479 291 3521 tris
319 3481 452 3522 instar
478 3483 564 3532 est,
594 3479 896 3521 satures.—Ne
921 3478 1153 3532 voluptatis
1180 3490 1304 3521 causa

211 3550 349 3594 Deum
372 3549 633 3606 prodideris:
666 3549 736 3592 hic
757 3550 868 3592 enim
890 3550 1023 3591 iustos
1046 3549 1203 3604 pascit,
1230 3562 1304 3592 ne-

207 3633 296 3678 que
324 3627 368 3666 te
398 3622 678 3677 derelinquet.

214 3736 221 3739 ,
269 3695 436 3738 Avertit
466 3696 581 3738 Deus
614 3694 718 3737 iram
749 3706 869 3736 suam
894 3693 948 3736 ab
980 3706 1032 3735 eo
1058 3693 1133 3749 qui
1159 3693 1298 3748 cadit,

208 3768 403 3810 misertus
424 3767 542 3810 eius:
573 3767 771 3809 irascitur
800 3770 940 3808 autem
961 3767 1000 3808 ei
1029 3766 1103 3821 qui
1128 3765 1298 3808 extolli-

207 3842 279 3881 tur
305 3838 362 3882 ob
388 3839 554 3896 lapsum
581 3837 740 3881 inimici
772 3837 856 3880 sui.
887 3836 1083 3893 Quisquis
1107 3838 1216 3880 enim
1247 3837 1298 3881 de

2435 251 2491 298 41

1405 336 1453 389 ἂν
1480 338 1666 406 ἐκλιπῃ
1641 363 1667 394 η
1691 364 1826 391 κακια·
1850 341 1894 394 τὸ
1918 345 1993 414 γὰρ
2019 347 2429 412 ἐμμολυνθγῖσεται,’
2407 348 2496 402 αντὶ

1382 414 1474 459 “τοῧ
1499 410 1827 479 διαφθαρησεται·
1863 415 2124 485 διαφθειρεται
2151 418 2235 469 δὲ’
2210 443 2236 473 η
2256 419 2500 488 ἀκαθαρσία,

1406 479 1492 530 τ’ῗτοι
1524 481 1596 532 ὑπὸ
1629 503 1879 549 πρακτικης,
1911 485 1987 538 ἦ“
1968 488 2047 537 υσό
2079 488 2255 555 δριμείας
2285 514 2327 540 κο
2331 490 2500 548 λασεως.

1480 550 1685 619 Χρηστέον
1723 577 1845 619 τουτῳ
1890 559 1944 619 τῷ
1975 559 2082 624 ῥητῷ
2115 559 2207 626 πρὶς
2244 585 2333 617 τους
2370 586 2503 613 κατα-

1407 622 1627 679 ξιωθέντας
1658 621 1778 685 ἓειοις
1811 622 2008 690 γνώσεως,
2043 651 2110 677 ινα
2140 653 2194 692 μη
2225 634 2398 694 α’μελῶσι
2431 638 2503 691 τῆς

1409 691 1675 750 διδασκαλιας
1698 733 1710 755 ,
1743 700 1896 745 πολλῶν
1901 696 2185 783 ἀπαγομενων
2221 701 2296 752 ὑπο
2329 708 2396 760 τῆς
2426 727 2503 753 κα·-

1407 787 1495 820 κιας
1529 767 1583 820 εἰς
1615 764 1814 816 θάνατον·
1848 789 1937 823 τους
1971 766 2012 818 δὲ
2044 767 2307 833 κτεινομένους
2341 777 2384 830 ἐξ
2406 777 2504 823 ἀκα-

1406 833 1494 890 κῖας
1527 857 1579 890 εις
1615 833 1830 895 θάνατον,
1862 861 1918 901 μη
1948 861 2064 907 φεισῃ
2100 839 2301 907 πριασὲαι
2335 849 2389 927 τῷ
2419 844 2504 910 ι’ὂῖῳ

1406 926 1568 969 αιματι·
1614 909 1769 974 ἐκπριοῧ
1813 907 1887 968 δὲ,
1934 909 2060 966 διδους
2103 933 2294 977 χρηματα
2330 909 2355 966 ἦ
2390 913 2503 1000 λόγον

1403 974 1612 1045 ὠφέλιμον
1642 976 1708 1026 ἐὰν
1745 976 1785 1027 δὲ
1813 1002 1928 1046 ειπῃς
1961 981 2028 1029 ου’γ.
2057 977 2146 1030 οιδα
2183 986 2290 1033 τοῖτο
2293 1006 2312 1031 ν
2332 1023 2345 1042 ,
2387 983 2506 1050 ἐλέγ·

1403 1052 1458 1105 ξει
1507 1071 1553 1099 σε
1603 1047 1874 1113 ψευδόμενον,
1923 1049 1990 1100 καὶ
2039 1074 2113 1118 εσῃ
2165 1051 2299 1116 ἔνοχος
2358 1055 2501 1116 δυσιν,

1401 1142 1521 1184 ηγουν
1556 1118 1686 1184 ψευόει
1721 1119 1789 1170 καὶ
1827 1120 1944 1189 φόνῳ·
1983 1122 2002 1170 o‘
2035 1121 2110 1207 γᾶρ
2145 1123 2310 1180 πλοὲσας
2347 1147 2501 1190 πνοην,

1403 1189 1527 1246 αὐτος
1558 1187 1638 1239 οἶδε
1676 1188 1807 1243 πάντα
1845 1194 1924 1242 ὅσα
1961 1191 2201 1245 ducatricem„
2239 1193 2393 1261 ἓκοιστῳ
2428 1222 2504 1247 κα-

1402 1259 1456 1312 τὰ
1486 1258 1531 1313 το“
1564 1260 1688 1313 ποιόν·
1725 1259 1889 1328 ἀγαθον
1925 1265 2100 1351 ἀγαιῗῷ,
2131 1262 2196 1313 καὶ
2234 1272 2390 1333 σονηρῷ
2422 1290 2504 1320 1:50·

1401 1330 1510 1399 νηροῘ·
1555 1335 1617 1382 ὅτι
1663 1331 1739 1400 γάρ
1775 1337 1819 1383 οὐ
1853 1332 1959 1384 κατὰ
1994 1331 2039 1385 τό
2078 1332 2241 1394 mah,
2289 1341 2422 1390 δῆλον·
2462 1342 2504 1388 οὗ

1400 1400 1476 1469 γοῖρ
1513 1403 1608 1460 ἄξια
1646 1401 1699 1453 τοὶ
1733 1403 1978 1469 ωαθῆματα
2024 1409 2091 1456 τοῦ
2128 1409 2192 1454 ν’ὖν
2236 1412 2368 1473 καιροῧ
2404 1409 2503 1479 πρὸς

1401 1495 1472 1523 την
1503 1473 1724 1538 μελλουσαν
1761 1474 1915 1532 δόξαν*
1921 1498 1931 1508 ·
1960 1476 1999 1524 εἰ
2031 1473 2072 1525 δὲ
2102 1473 2166 1525 ml
2201 1475 2267 1529 ἐπι
2296 1484 2419 1531 ποσοῦ
2443 1480 2501 1538 τίς

1400 1545 1586 1607 ἐκλαβεῖν
1624 1545 1784 1604 ἐθέλοι,
1830 1549 1918 1596 κατ’
1963 1545 2177 1611 ἀναλογιαν
2216 1552 2289 1605 τῆς
2333 1548 2500 1603 ἑκάστου

1398 1614 1598 1679 δυνάμεως
1637 1638 1711 1669 την
1747 1616 2011 1668 ἀνταπόδοσιν
2049 1614 2217 1667 messm-
2261 1623 2310 1676 ὦς
2346 1620 2411 1670 καὶ
2446 1622 2500 1673 τοὶ

1399 1689 1467 1736 τοῦ
1502 1709 1730 1752 πνευματος
1765 1709 2007 1754 χαρισματα
2043 1689 2127 1738 κατ’
2165 1688 2425 1756 ἀναλογῖαν
2429 1698 2499 1750 τῆς

1397 1753 1569 1815 πίστεως
1584 1756 1771 1808 ‘adoran

1466 1901 1627 1954 Ἐσθιει
1659 1902 1802 1968 με’λι”
1782 1930 1800 1955 ο
1835 1903 1918 1956 aaa*
1953 1909 2027 1955 τῶν
2057 1903 2180 1955 &ele-w
2211 1927 2366 1974 γραφων
2397 1910 2500 1977 ὠφε-

1395 1972 1590 2039 λουμενος·
1626 1978 1645 2025 ὅ
1678 1974 1722 2025 δὲ
1754 1978 1822 2027 ἀπ’
1854 1979 1984 2026 αὐτῶν
2024 1974 2224 2039 ἐκβάλλων
2257 2000 2333 2028 των
2365 2002 2496 2047 πραγ-

1394 2046 1529 2108 μάτων
1561 2069 1652 2102 τους
1684 2045 1850 2113 λογους,
1875 2048 1936 2116 ἀφ’
1961 2043 2013 2096 ὡν
2039 2045 2301 2115 εἱλήφασιν”’
2275 2071 2376 2113 αγιοι
2399 2073 2497 2117 προ-

1394 2119 1514 2183 φῆται
1545 2116 1608 2167 καὶ
1643 2120 1678 2167 οἱ
1709 2116 1922 2177 ἀπᾶςολοι,
1957 2118 1997 2166 ἐν
2030 2141 2085 2182 τῳ
2111 2123 2231 2168 ποιεῖν
2264 2116 2306 2167 τὲ
2337 2118 2400 2170 nal
2434 2125 2497 2172 δι·-

1394 2184 1575 2247 doio-xeno,
1610 2185 1743 2255 τρώγει
1775 2210 1916 2255 κηριον·
1940 2185 2008 2238 ml
2043 2187 2087 2238 τὸ
2119 2187 2222 2254 μὲν
2215 2187 2303 2241 μέλι
2323 2197 2494 2277 φαγεῖν,

1395 2261 1465 2307 τοῦ
1493 2257 1730 2322 βουλομένου
1761 2258 1933 2315 παντός·
1967 2256 2011 2310 τε)
2037 2257 2080 2308 δὲ
2089 2259 2256 2341 κηρίον,
2282 2259 2400 2323 μόνου
2426 2287 2467 2314 το
2472 2268 2496 2312 ’ὖ

1392 2334 1588 2412 καθαροῦ·
1618 2352 1645 2380 η
1674 2329 1744 2379 καὶ
1775 2330 1866 2394 μέλι
1890 2328 2003 2416 fimi:
1988 2351 2026 2378 ν
2052 2352 2122 2382 την
2149 2330 2404 2399 ἁλληγοριαν·
2427 2358 2493 2387 κῃ-

1390 2419 1469 2464 ριον
1505 2398 1549 2449 δὲ
1574 2440 1587 2459 .,
1631 2421 1703 2451 την
1746 2424 1866 2490 pat-nv
1912 2397 2124 2465 ε’ωισκεψιν
2168 2400 2234 2451 καὶ
2279 2401 2490 2471 ἷστοριαν,

1391 2467 1484 2536 προς
1508 2469 1560 2523 τὸ
1592 2467 1698 2535 ἔχειν
1731 2470 1798 2524 τὸν
1830 2470 2165 2539 ἀποκεκρυμμένον
2199 2477 2286 2523 νοῦν
2319 2474 2383 2522 καὶ
2414 2479 2493 2536 βα-

1390 2538 1573 2603 θυτερον·
1607 2543 1736 2593 ἔνεστι
1769 2542 1845 2608 γὰρ
1876 2566 1930 2607 τῳ
1962 2563 2078 2606 κηριῳ
2107 2540 2216 2607 μέλι·
2245 2566 2423 2611 φαρυγγα
2449 2545 2489 2595 δὲ

1391 2631 1463 2662 την
1493 2613 1715 2679 θρεπτικην
1739 2617 1810 2669 τ’ἥς
1835 2616 1971 2678 ψυχῆς
1997 2611 2158 2677 δυ’ναμιν
2184 2612 2284 2663 δι’
2254 2621 2306 2671 ἧς
2331 2616 2374 2664 αἶ
2406 2639 2491 2696 τρο-

1390 2680 1457 2747 φαὶ
1483 2682 1720 2771 παραπέμπο
1725 2707 1813 2734 νται
1838 2687 1895 2740 εἷς
1921 2705 1994 2735 την
2019 2683 2184 2734 κοιλίαν·
2213 2683 2280 2734 ὲοέν
2305 2709 2369 2736 ουν
2390 2708 2490 2737 ταυ-

1390 2772 1440 2799 τα
1470 2775 1562 2804 κατ
1551 2754 1729 2821 ρὲὧσῃς
1747 2794 1760 2813 ,
1796 2754 1850 2806 τα’
1878 2776 1921 2804 τε
1953 2776 2059 2803 κατα
2094 2753 2266 2805 ὂιανοιαν
2288 2794 2301 2816 ‚
2338 2755 2404 2806 καὶ
2439 2780 2492 2808 τα

1387 2827 1474 2869 καθ’
1507 2823 1706 2891 ἶστοριαν,
1741 2823 1903 2876 ἔσονται
1937 2848 1996 2874 σοι
2020 2826 2212 2877 alo-&acea
2246 2830 2321 2883 τῆς
2345 2850 2488 2896 σοφιας

1385 2914 1490 2942 αυτα
1513 2916 1567 2943 τα
1590 2918 1693 2965 σοφα
1716 2898 1916 2961 δόγματα
1945 2893 2013 2944 ἐὰν
2044 2918 2120 2962 γαρ
2144 2918 2257 2963 ευρῃς
2283 2895 2350 2948 τον
2374 2920 2489 2950 πνευ-

1384 2961 1549 3024 ματικον
1582 2969 1652 3022 τῆς
1685 2989 1838 3034 γραγης
1870 2988 1910 3014 νο
1913 2987 1981 3022 vv..
2017 2988 2133 3015 εσται
2164 2965 2265 3019 καλη
2293 2991 2319 3019 η
2353 2974 2487 3018 τελευ-

1386 3054 1434 3085 τη
1463 3057 1566 3096 σου,
1600 3038 1651 3092 ὦς
1686 3041 1905 3101 λεχθηναι·
1940 3032 2066 3099 τῖμιος
2099 3037 2269 3087 ἐναντίον
2303 3060 2458 3127 κυριου
2465 3064 2483 3089 ο

1384 3102 1550 3162 θάνατος
1574 3129 1648 3156 των
1673 3130 1790 3158 οσιων
1815 3109 1980 3156 αυτουῆι
1987 3108 2080 3156 ο·ὖκ
2103 3108 2322 3169 ἁποβαλεις
2346 3107 2387 3159 δὲ
2412 3132 2482 3162 την

1384 3177 1436 3230 εἷς
1470 3174 1513 3225 2⁵3
1546 3175 1691 3240 μελλον
1725 3176 1887 3229 ἐλπιδα.
2023 3191 2027 3196 ’

1449 3246 1525 3300 Μῆ
1561 3247 1807 3314 ωροτιμῆσῃς
1846 3247 1914 3298 τον
1952 3244 2134 3309 διάβολον
2167 3255 2241 3306 τῆς
2278 3254 2346 3316 τοῦ
2382 3256 2481 3301 θεοῦ

1380 3317 1622 3374 δικαιοσύνης
1605 3358 1646 3377 ς,
1670 3343 1720 3373 ην
1753 3323 1786 3369 οἶ
1819 3317 1943 3368 ὃικαιο
1929 3342 1959 3366 ι
1981 3340 2224 3383 νομευοντοιι·
2250 3320 2347 3386 μηδὲ
2372 3325 2479 3373 ἀπα-

1381 3391 1512 3473 mesae
1549 3389 1803 3456 μωρολογιαις
1848 3395 1929 3437 &oc
1918 3389 2141 3478 ατπφόροις
2179 3392 2373 3458 χορτάσαι
2410 3417 2479 3443 σου

1378 3477 1449 3508 την
1490 3460 1654 3525 καρδιαν
1701 3484 1802 3519 σου,
1842 3484 1860 3509 ο
1900 3481 1988 3509 εστι
2023 3484 2064 3509 κο
2048 3461 2150 3511 ιλῖα
2160 3462 2315 3515 .-Μη
2353 3465 2477 3514 ἕνεκεν

1375 3526 1443 3578 ud:
1430 3549 1519 3583 vm.-
1552 3535 1695 3595 προδῷς
1721 3530 1786 3580 τᾶν
1811 3527 1911 3579 θεᾶν·
1939 3553 2047 3586 ουτος
2078 3554 2153 3599 γαρ
2183 3556 2220 3582 νε
2225 3557 2280 3598 μη
2304 3532 2426 3584 δικαιο
2412 3557 2473 3594 υ,

1375 3595 1438 3644 καὶ
1473 3599 1518 3646 ου’
1550 3622 1605 3662 μη
1638 3599 1909 3666 ἐγκαταλειψῃ
1948 3623 2007 3652 σε·

1443 3669 1701 3753 Ἀποστρέφει
1733 3670 1804 3734 μὲν
1837 3674 1857 3721 ὃ
1882 3671 1980 3728 &333
2006 3672 2073 3727 τᾶν
2100 3673 2221 3739 θυμὲν
2248 3698 2371 3726 αυτου
2396 3675 2471 3727 ἀπο

1376 3759 1414 3787 το
1418 3761 1440 3785 υ
1469 3738 1658 3796 πεσόντος
1680 3779 1692 3801 ,
1727 3740 1896 3796 ἐλεήσας
1933 3744 2069 3796 αυτόν
2107 3745 2305 3811 ὀργίζεται
2345 3745 2386 3793 δὲ
2418 3750 2471 3809 τῷ

1373 3808 1592 3876 ἐπαρθέντι
1631 3810 1694 3863 ἐπὶ
1733 3817 1787 3877 τῷ
1821 3835 1873 3865 π·
1877 3837 2063 3877 ωματι-
2067 3839 2108 3865 ου
2147 3819 2294 3882 ἒχὲρου
2332 3818 2466 3866 αυτοῦ·

2317 3923 2339 3956 6

2544 375 2616 400 [9.

2545 569 2657 631 ὲὸᾱιῘΪ.
2680 604 2740 631 ιω.
2759 609 2788 632 a.

2547 1506 2665 1537 'Rom.
2685 1508 2764 1538 vul.
2781 1512 2824 1539 18.

2541 1915 2652 1979 godza‘r.
2674 1951 2735 1978 102.
2754 1948 2786 1978 b.

2528 3133 2599 3163 ‘Ps.
2615 3134 2704 3166 CXV.
2727 3141 2769 3166 15.

2516 3690 2545 3711 v.
2559 3687 2600 3713 18.

2514 3719 2582 3748 cod.
2598 3719 2618 3748 f.
2638 3724 2698 3750 10³.
2713 3726 2742 3749 a.
