2996 4432
337 629 366 648 v.
386 624 413 649 4.

134 658 191 687 (Li.
203 663 229 686 o.
240 655 325 686 idest
336 656 414 691 Reg.

133 699 176 724 40.

349 1754 424 1779 1.ss

252 1784 423 1814 B...-12‹›b

472 194 562 279 i38

538 330 664 382 Κατὰ
687 328 858 415 Ξεωριαν
885 328 954 388 δε,
987 327 1018 392 ᾧ
1043 329 1062 376 3
1087 350 1161 384 της
1192 325 1436 388 ὃικαιοσυνης
1459 330 1568 384 ἥλιος

465 402 683 462 ἀνέτειλεν,
711 402 753 450 ἐν
778 403 888 467 οἷρχῇ
910 403 1049 454 νοητῆς
1062 397 1222 487 ἦμερας
1247 421 1431 466 γεγονως,
1455 422 1573 463 χαρι-

461 498 573 542 ςηρις
559 498 597 524 ν
631 469 741 523 αἰνον
774 468 998 539 προσφέρων
1031 492 1088 534 τῳ
1110 468 1229 535 αἰτιῳ
1261 474 1328 520 rofa
1353 492 1525 538 φωτισμι
1513 475 1569 527 ῧ,

462 546 506 597 τε)
533 544 632 613 πρωί
653 545 723 612 ἔφη
745 541 961 607 εἶσακοὺσῃ
981 544 1054 596 τῆς
1075 561 1201 610 φωνης
1222 561 1307 605 μου·
1333 564 1370 591 τι
1391 563 1472 621 γαρ
1492 540 1570 590 ἔδει

461 616 589 694 χάριν
615 599 861 680 ὁμολογῆσαι
907 611 1002 679 ὑπὲρ
1046 611 1272 666 τηλικούτου
1307 608 1505 677 ἀγαθον,
1545 611 1571 664 ἦ

464 687 525 738 σοὶ
559 692 590 736 ὡ
619 683 798 737 δεσπόται
831 688 887 748 τῷ
915 680 1181 735 οἷνατεῖλαντῖ
1210 706 1272 746 μοι
1304 686 1413 748 φῶς,
1438 680 1571 731 α’ίτιέν

461 781 529 823 μοι
562 756 754 824 μεγίστης
791 752 961 824 ἓεωριας
995 752 1204 823 ὖωαρχονε,
1242 751 1305 802 οἷει
1335 764 1389 819 ὀγ
1373 757 1438 802 ῧν
1475 752 1570 819 ἔρως

467 828 695 897 εἰσέρχεται
732 826 804 895 πρό
843 830 936 882 ταῖς
968 824 1223 913 ,υπαρξασαις
1251 825 1438 910 θεωριαις
1458 861 1470 883 ,
1504 846 1570 872 και

422 952 424 955 f
465 903 525 951 ἐ’τι
558 899 686 950 Θελειν
716 896 879 960 βλεπειν
905 920 959 948 τα
989 894 1114 950 καλλη
1140 900 1209 951 τῆς
1233 892 1441 980 ἅληθίἷας·
1468 915 1572 959 παρ-

462 994 623 1022 ισταται
664 974 778 1022 τοῦτο
817 971 857 1016 ἐκ
899 991 966 1018 του
996 992 1064 1018 και
1100 966 1316 1031 ἐπόψομαι·
1342 965 1392 1020 ὦς
1417 986 1492 1031 γαρ
1524 962 1569 1014 ro*

463 1041 683 1110 ἐπερχομαι
720 1039 1031 1091 ἀκατάπαυστον
1068 1037 1271 1121 πρόσωπον
1287 1039 1433 1095 δηλοι,
1471 1037 1573 1086 οὕτω

465 1112 508 1163 τὲ
542 1113 763 1178 ἐπόψομαι,
799 1115 972 1175 συνεχῶς
1004 1132 1074 1197 προ
1058 1105 1294 1171 ςἰἓεμὲνην
1326 1104 1571 1157 κατανόησιν

466 1182 662 1272 ἐμφαίνει·
692 1205 772 1237 πως
804 1203 879 1247 γαρ
912 1181 978 1229 οὐκ
1010 1181 1074 1229 ἀεὶ
1107 1177 1290 1240 βλέπει“
1271 1201 1289 1226 ο
1322 1173 1572 1242 ἐπαγγελιας

467 1276 597 1319 τυχων
632 1258 701 1310 τ’ἧς
723 1293 735 1313 ,
770 1252 885 1301 ἔσται
918 1274 979 1300 σοι
1010 1273 1136 1338 κυριος
1170 1253 1247 1315 φῶς
1282 1246 1432 1296 αιώνιον
1454 1285 1467 1307 ,
1505 1270 1570 1296 και

467 1331 542 1394 φῶς
567 1323 723 1379 ὃικοιιοις
748 1322 813 1372 διὰ
837 1319 1011 1379 παντοςς
1040 1318 1126 1371 ἐπει
1160 1316 1204 1368 δε
1235 1341 1301 1367 και
1329 1315 1443 1383 ἕτεροι
1467 1339 1593 1385 >poc--

467 1419 519 1462 φη
558 1396 744 1460 ἔχουσα,
784 1389 1106 1459 σαραστησομαῖ
1145 1413 1240 1448 σοι,
1280 1390 1347 1439 ε’ω’
1384 1390 1470 1452 οψει
1504 1409 1568 1452 με·

467 1490 559 1534 οπερ
593 1468 636 1514 ου’
667 1463 818 1520 παντὸς
850 1463 1000 1529 λέγειν,
1033 1459 1145 1511 οἷλλα
1168 1481 1244 1512 των
1268 1459 1372 1511 κατὰ
1402 1457 1470 1509 τὸν
1487 1457 1573 1544 μέ-

467 1560 542 1603 γαν
572 1534 722 1586 Ἠλιαν
756 1533 822 1584 διὰ
851 1557 925 1588 την
958 1532 1039 1585 οἷπό
1073 1556 1143 1587 της
1176 1529 1379 1586 πολιτειας
1411 1530 1572 1614 παρ’ῥη-

467 1607 559 1658 σιάν
592 1605 717 1673 λεγειν
755 1604 1027 1674 Ξαρῥοιντων·
1067 1607 1116 1670 ζῇ
1144 1602 1269 1669 κύριος
1301 1599 1332 1667 ᾠ
1364 1598 1573 1669 (παρέστην

468 1677 625 1730 ἐνωπιον
660 1680 785 1729 αὐτοῦ
814 1697 991 1743 σημερον.

539 1757 596 1799 Το
580 1773 688 1801 υτου
720 1750 938 1804 αληθοῧς’
927 1747 1064 1807 ὄντος,
1099 1769 1166 1796 ουκ
1193 1745 1303 1794 ’ἐστιν
1339 1745 1381 1792 ἐκ
1413 1740 1505 1792 Θεου
1528 1748 1572 1795 τὸ

468 1818 588 1871 κακόν
618 1843 724 1872 κατα
756 1844 847 1875 τους
880 1816 970 1885 λεγε
973 1840 1070 1875 ντας
1097 1812 1368 1868 ἐνυποστατον
1395 1837 1464 1867 την
1496 1838 1573 1864 κοι-

465 1914 556 1941 mow
581 1895 646 1958 l)·
675 1896 717 1941 ἐκ
743 1890 921 1956 ςοματος
945 1912 1019 1978 γαρ
1041 1889 1191 1955 υψίςτυ
1221 1910 1289 1935 ουκ
1321 1887 1383 1942 ἐξ
1368 1883 1574 1976 είλευσεται

468 1962 511 2012 w*
544 1962 664 2013 κακον
696 1987 765 2012 και
798 1961 841 2013 τὸ
875 1960 1063 2028 σιγαθὲν,
1096 1955 1305 2022 βουλομενο
1309 1980 1331 2005 υ
1364 1955 1454 2019 μένε
1458 1979 1478 2006 ν
1512 1954 1574 2006 εἷ-

469 2058 533 2083 ναι
567 2033 611 2084 τό
647 2033 824 2100 α’γαθᾶν·
859 2031 903 2082 οὑ
933 2056 1080 2092 οντος,
1119 2053 1186 2080 ουκ
1224 2026 1272 2076 ἂν
1309 2026 1352 2076 ἔν
1385 2050 1459 2077 τινι
1499 2052 1572 2078 συ-

472 2129 591 2157 σταιη
623 2104 759 2154 κακόν·
781 2102 995 2159 οἷπολλυσι
1029 2103 1070 2151 δὲ
1105 2125 1192 2156 τους
1216 2096 1398 2164 ψευστοις
1422 2102 1521 2148 καθ’

470 2173 640 2240 ψεύσται
673 2179 733 2231 εἰς
767 2172 973 2240 ἐπιγνωσιν
998 2170 1212 2227 οἷληθειας·
1241 2165 1398 2222 πάντων
1432 2167 1475 2219 δὲ
1501 2175 1574 2220 τῶν

469 2245 692 2295 λαλούντων
730 2244 773 2298 το
813 2249 932 2313 ψεῧόο
916 2271 956 2302 ς
994 2244 1065 2297 υπὸ
1105 2248 1205 2291 ,9εοῦ
1242 2239 1572 2304 οἷπολλυμενων,

467 2315 694 2366 οἷπδλλυται
729 2319 904 2378 κᾴκεινος
937 2338 1022 2382 περι
1056 2312 1100 2364 εὑ
1133 2312 1298 2379 εἴρηται·
1332 2313 1430 2359 ὅταν
1468 2317 1576 2379 λαλῃ

410 2411 417 2416 f
471 2409 514 2436 το
550 2391 666 2451 ψευδο
672 2412 723 2446 ς,
761 2391 800 2436 ἐκ
840 2410 913 2436 των
952 2387 1060 2436 ἶόίων
1099 2387 1232 2433 λαλει·
1271 2406 1305 2431 ει
1343 2381 1382 2430 ὂὲ
1423 2404 1573 2443 τουτο,

441 2516 445 2525 .
471 2480 536 2506 :vn
563 2458 675 2515 ἔστιν
707 2481 784 2507 ’κατ
827 2456 961 2507 Οὐσίαν
986 2475 1117 2512 κακᾶς
1154 2478 1196 2504 ίυ
1219 2475 1296 2521 γαρ
1321 2454 1407 2515 ἅμα
1439 2476 1484 2503 τί)
1509 2477 1576 2520 γε-

469 2525 635 2579 νέσθαι
648 2553 717 2580 και
749 2532 803 2583 εἰς
840 2526 1072 2579 vt330rowcv
1119 2529 1260 2574 ἐλθεῖν
1281 2564 1294 2581 ,
1330 2521 1441 2571 ἀλλα
1469 2547 1577 2586 μετα

469 2622 603 2649 ταυτα
641 2621 844 2666 τραωεις,
891 2599 1017 2666 ἀρχὸν
1063 2622 1101 2649 τ
1089 2601 1131 2647 ῧ
1174 2600 1325 2671 λαλειν
1353 2592 1397 2643 τὲ
1435 2598 1556 2658 ψεῧδο
1559 2619 1576 2652 ς

471 2671 623 2734 ἔσχεν,
660 2667 832 2734 ἐσχηκως
864 2669 955 2722 ποτὲ
993 2675 1031 2720 ἐν
1070 2666 1246 2729 αληὲειᾳ
1283 2664 1397 2715 εἶναι·
1432 2669 1553 2725 ὃῃλεΝ
1512 2690 1577 2714 υ-

471 2764 537 2790 ται
570 2740 612 2790 δὲ
646 2764 759 2792 τουτο
793 2743 832 2789 ἐκ
865 2764 939 2792 των
977 2764 1076 2792 ουτω
1113 2762 1199 2806 περι
1239 2740 1359 2786 αὐτοῦ
1396 2759 1576 2804 γεγραμ-

468 2810 591 2874 μένων
613 2851 626 2873 ,
667 2817 704 2862 ἐν
737 2816 789 2878 τῇ
824 2809 1001 2875 ἀληὲεἷα
1033 2814 1098 2861 οὐκ
1133 2811 1330 2864 ἔστηκεν,
1368 2809 1432 2858 ὅτι
1471 2806 1547 2856 ἅλ’
1526 2831 1576 2860 η-

469 2890 566 2932 &stoc
603 2886 667 2932 οὐκ
705 2885 812 2934 ἐστιν
852 2888 890 2932 ἐν
926 2885 1046 2947 αυτῷ·
1081 2883 1100 2932 o‘
1136 2902 1211 2949 γαρ
1248 2877 1390 2944 ψεκτός
1425 2901 1475 2927 ων
1514 2877 1579 2928 δια

472 2952 514 3004 τὲ
548 2977 603 3017 μη
637 2954 804 3013 ἓςαναι,
841 2957 1012 3022 φανερῶς
1045 2956 1152 3004 ἐστιν
1190 2949 1399 3037 πειραὲεις
1434 2972 1577 3001 τουτων

472 3047 548 3074 των
581 3024 813 3076 &aemam-a·
839 3048 964 3093 κριτεο
949 3047 986 3073 ν
1013 3023 1056 3074 δὲ
1091 3028 1131 3073 ἐκ
1154 3020 1370 3089 πορθεσεως
1402 3022 1488 3070 αλλ’
1514 3025 1578 3070 οὐκ

473 3098 513 3143 ἐκ
534 3119 670 3183 μον-ης
708 3119 834 3164 φωνῃς
873 3094 940 3146 τον
978 3095 1249 3160 ψευδόμενον,
1291 3117 1357 3142 ινοι
1395 3115 1450 3155 μη
1485 3087 1577 3143 ὦσιν

472 3164 544 3216 ὑπὸ
581 3187 650 3218 την
683 3165 847 3218 ἀπειλην
881 3190 915 3215 οι
949 3169 1193 3230 οἰκονομικῶς
1226 3187 1274 3214 πο
1279 3161 1321 3214 τὲ
1356 3186 1470 3213 τουτο
1502 3186 1578 3214 πε-

471 3259 696 3298 ποιηκοτες,
731 3241 778 3293 ὡς
807 3235 956 3298 Ῥααβ·
992 3237 1099 3293 ἔδοξε
1123 3258 1216 3304 γαρ
1222 3234 1450 3298 ψευδεσθαι
1482 3233 1578 3302 προς

472 3330 559 3362 τους
590 3310 884 3363 ἀναζητοῦντας
910 3305 973 3358 ἐπι
1009 3312 1062 3373 τῷ
1084 3309 1309 3358 ἀποκτεῖναι
1341 3327 1428 3360 τους
1451 3326 1579 3355 κατα-

471 3376 640 3433 ozo'mvg
675 3376 857 3466 ἀγαθους
891 3377 1089 3445 helpen*
1068 3397 1208 3434 οντας·
1218 3376 1317 3428 υπὸ
1351 3378 1482 3429 Ἰησοῦ
1505 3398 1580 3444 γαρ

473 3452 543 3498 τοῦ
572 3443 688 3500 Navi
720 3446 1021 3507 ἀποσταλεντες
1043 3489 1055 3509 ,
1102 3445 1297 3501 ἐπαινετοι
1340 3442 1462 3500 ἦσαν·
1510 3469 1580 3504 της

472 3516 694 3584 προθέσεως
720 3542 791 3575 της
815 3517 1011 3586 ἀνθρωπου
1034 3519 1135 3572 πολυ
1159 3517 1203 3568 τὸ
1231 3521 1481 3569 σπουδαιον’
1468 3540 1582 3583 εχου-

416 3610 419 3617 *
474 3611 546 3645 σης
568 3628 580 3649 ,
615 3592 680 3639 οὐκ
711 3591 985 3639 §cubicus-cv*
964 3614 1082 3641 εσται
1117 3588 1232 3647 τάξαι
1264 3585 1388 3641 αὐτην
1423 3592 1463 3639 ἐν
1496 3611 1580 3645 τοις

473 3657 815 3725 ἀπολλυμένοις
794 3683 819 3712 η
853 3663 890 3709 ἐν
923 3683 1005 3716 τοις
1037 3665 1180 3726 ψεῦδος
1213 3657 1425 3710 λαλουσιν·
1454 3661 1582 3726 ὥσπερ

475 3728 518 3777 δὲ
550 3733 624 3796 οὐχ
647 3734 755 3789 ὅπως
780 3731 875 3791 ποτὲ
900 3728 1054 3787 κτείνας
1092 3730 1316 3800 ἄνθρωπον,
1343 3727 1475 3799 φονεύς
1501 3733 1578 3787 ἑςι·

1531 244 1693 275 monn

1701 331 2046 387 contemplativa·
2058 332 2222 375 ratione
2239 337 2380 376 autem
2392 366 2404 388 ‚
2420 335 2457 377 is
2474 336 2544 378 cui
2562 337 2750 380 iustitiae

1648 402 1714 445 sol
1743 403 1958 457 exoritur,
1991 404 2115 446 initio
2146 404 2352 459 spiritalis
2385 404 2470 448 diei
2500 405 2748 461 apparens,

1647 472 1817 516 laudem
1838 475 1945 528 grati
1967 475 2096 517 animi
2118 487 2244 518 causa
2267 464 2446 518 recitans
2470 476 2641 527 luminis
2672 493 2749 521 au-

1649 546 1757 586 ctori
1774 577 1786 599 ,
1828 558 1950 587 mane
1985 546 2128 600 inquit
2167 546 2365 589 exaudies
2404 560 2554 590 vocem
2595 563 2748 593 meam.

1647 617 1755 658 Nam
1786 617 1951 659 cuinam
1982 617 2164 672 gratiam
2185 618 2341 673 habere
2366 620 2470 661 tanti
2489 619 2593 662 boni
2617 633 2751 675 opor-

1621 686 1625 693 '
1647 691 1782 740 teret,
1818 688 1895 729 nisi
1925 688 2006 730 tibi
2029 689 2210 731 Domine
2232 689 2307 744 qui
2336 689 2477 732 lumen
2504 691 2605 732 mihi
2628 696 2754 734 extu-

1644 756 1732 799 listi
1751 787 1763 810 ‚
1796 757 1917 812 quod
1946 751 2050 802 mihi
2079 759 2290 804 maximae.
2314 761 2633 804 illuminationis
2654 775 2757 806 cau-

1642 840 1694 870 vsa
1725 828 1825 870 est?
1855 830 2028 885 Semper
2057 832 2204 886 itaque
2223 831 2361 886 praeit
2383 844 2505 874 amor
2538 829 2755 875 illumina-

1647 899 1867 955 tionibus,
1899 905 1944 943 et
1975 897 2180 956 pulchrae
2214 903 2402 946 veritatis
2432 903 2754 958 cognoscendae

1646 971 1859 1014 voluntas.
1891 973 1987 1015 Hoc
2009 973 2276 1016 demonstrat
2295 974 2420 1017 etiam
2444 975 2658 1017 vocabulo
2685 976 2753 1016 vi·
2828 1024 2831 1030 Ι

1647 1043 1787 1086 debo:
1821 1056 1918 1086 nam
1948 1044 2057 1086 sicut
2080 1043 2312 1087 «advenio»
2339 1057 2565 1100 personam
2587 1047 2755 1101 inquie·
2799 1098 2806 1104 ‘

1647 1120 1734 1158 tam
1765 1115 1976 1170 ostendit,
2000 1116 2058 1158 ita
2084 1115 2290 1158 «videbo»
2315 1121 2526 1172 perpetuo
2545 1119 2753 1160 intentam

1649 1187 2054 1241 contemplationem
2078 1186 2281 1231 ostendit.
2307 1187 2421 1240 Quid
2442 1189 2486 1230 ni
2511 1190 2623 1231 enim
2642 1183 2775 1231 sem-'

1648 1272 1726 1314 per
1745 1259 1861 1302 videt
1876 1290 1889 1313 ,
1915 1259 1989 1314 qui
2008 1258 2335 1314 promissionem
2359 1259 2542 1301 meruit:
2574 1261 2653 1302 erit
2675 1259 2753 1302 tibi

1647 1332 1762 1373 Deus
1789 1331 1935 1373 lumen
1957 1325 2201 1384 aeternum,
2227 1334 2269 1373 et
2287 1330 2362 1372 lux
2384 1331 2505 1373 iustis
2526 1332 2573 1372 in
2595 1337 2750 1386 perpe-

1647 1407 1770 1444 tuum
1783 1402 2006 1458 ?Namque
2026 1406 2069 1444 et
2089 1400 2174 1444 alia
2203 1401 2424 1457 scriptura·
2440 1402 2655 1444 occurrit:
2679 1414 2751 1444 ex-

1648 1473 1808 1534 hibebo
1841 1486 1907 1515 me
1928 1460 2177 1528 conspectui
2199 1460 2302 1515 tqu
2320 1471 2449 1523 Quod
2469 1485 2559 1514 non
2581 1472 2756 1515 cuilibet

1647 1545 1750 1587 licct
1779 1545 1951 1597 dicere,
1988 1544 2064 1587 sed
2093 1545 2235 1598 magni
2255 1543 2403 1587 Heliae
2424 1543 2659 1596 similibus,
2680 1544 2757 1598 qui

1646 1617 1707 1659 ob
1738 1617 1851 1659 vitae
1880 1629 1981 1659 suae
2010 1619 2129 1658 actae
2158 1615 2361 1658 fiduciam
2390 1614 2548 1658 audent
2579 1615 2750 1657 dicere:

1648 1688 1754 1729 vivit
1783 1689 2015 1741 Dominus,
2045 1687 2089 1729 in
2120 1687 2240 1728 cuius
2259 1690 2491 1741 conspectu
2511 1686 2643 1728 hodie
2665 1690 2749 1728 sto.

1704 1758 1833 1812 Quod
1853 1744 2003 1801 verum
2022 1771 2118 1800 cum
2139 1758 2324 1810 sit,-non
2345 1762 2408 1800 est
2427 1769 2451 1799 a
2471 1758 2564 1802 Deo
2587 1757 2748 1800 malum

1648 1836 1696 1874 ut
1718 1831 1890 1874 illorum
1910 1829 2058 1886 opinio
2083 1833 2172 1880 est,
2197 1829 2272 1883 qui
2293 1828 2599 1871 substantivam
2622 1829 2748 1871 mali-

1648 1903 1751 1945 tiam
1765 1915 1855 1944 esse
1875 1902 2039 1944 dicunt.
2056 1902 2163 1943 Nam
2182 1913 2230 1943 ex
2248 1912 2324 1942 ore
2339 1899 2545 1943 Altissimi
2563 1911 2651 1941 non
2667 1899 2753 1941 exi»

1648 1974 1714 2016 bit
1725 1974 1885 2016 malum
1898 1977 1941 2015 et
1957 1973 2139 2025 bonum,
2151 1972 2335 2014 volentis
2351 1970 2651 2013 tantummodo
2666 1983 2757 2012 esse

1647 2045 1828 2087 bonum.
1849 2044 1976 2097 Quod
1992 2056 2126 2099 quum
2138 2043 2198 2085 ita
2216 2055 2261 2085 se
2277 2042 2453 2095 habeat,
2473 2043 2630 2084 nemini
2649 2055 2759 2089 con-

1649 2118 1840 2170 genitum
1874 2116 2032 2159 malum
2063 2119 2141 2157 est.
2166 2112 2315 2156 Perdit
2333 2110 2483 2156 autem
2504 2113 2752 2166 mendaces,

1649 2192 1858 2243 quatenus
1885 2186 2109 2230 mendaces
2139 2189 2263 2238 sunt,
2297 2189 2346 2227 ut
2369 2187 2652 2239 cognoscatur
2680 2197 2752 2226 ve-

1649 2260 1768 2301 ritas.
1796 2260 1887 2301 Iam
1904 2271 2038 2314 quum
2054 2269 2203 2299 omnes
2223 2256 2299 2311 qui
2314 2256 2554 2311 loquuntur
2571 2255 2755 2298 menda-

1650 2332 1761 2372 cium
1775 2361 1786 2383 ,
1810 2342 1835 2372 a
1853 2331 1944 2371 Deo
1961 2328 2193 2384 perdantur
2210 2340 2221 2379 ;
2241 2328 2281 2369 is
2298 2339 2473 2382 quoque
2493 2327 2681 2382 peribit,
2702 2326 2759 2368 de

1651 2413 1738 2456 quo
1753 2400 1915 2444 dictum
1936 2404 2025 2443 est:
2052 2411 2149 2442 cum
2166 2398 2369 2453 loquetur
2392 2397 2656 2441 mendacium
2669 2430 2681 2453 ,
2702 2398 2757 2440 de

1650 2486 1728 2516 suo
1746 2474 1969 2528 loquetur:
1993 2471 2112 2527 quod
2128 2472 2163 2513 si
2182 2471 2242 2512 ita
2265 2474 2356 2523 est,
2376 2482 2463 2512 non
2485 2473 2549 2512 est
2562 2469 2762 2528 substan-

1649 2546 1806 2588 tialiter
1826 2545 1977 2587 malus.
2002 2543 2054 2586 Id
2076 2543 2392 2586 demonstratur
2413 2554 2465 2583 ex
2486 2540 2552 2584 his
2575 2553 2686 2596 quae
2703 2541 2758 2583 de

1649 2616 1723 2658 illo
1746 2620 1845 2658 sunt
1862 2615 2049 2669 scripta:
2083 2614 2129 2656 in
2158 2613 2335 2655 veritate
2366 2624 2454 2654 nou
2476 2612 2595 2654 stetit
2611 2644 2623 2667 ,
2658 2612 2759 2666 quia

1650 2689 1805 2730 veritas
1824 2690 1869 2730 in
1901 2699 1952 2730 eo
1976 2698 2065 2728 non
2085 2689 2164 2728 est.
2185 2685 2293 2727 Nam
2314 2684 2392 2739 qui
2411 2683 2761 2739 reprehensibilis

1651 2765 1715 2802 est
1744 2759 1846 2814 quia
1874 2771 1962 2801 non
1982 2757 2122 2810 stetit,
2145 2755 2363 2798 manifeste
2391 2754 2458 2798 his
2489 2753 2758 2809 passionibus

1652 2832 1862 2875 obnoxius
1880 2830 1978 2874 fuit.
1996 2831 2301 2872 Verumtamen
2316 2827 2586 2870 mendacium
2604 2839 2654 2869 ex
2671 2827 2761 2868 ani-

1652 2905 1707 2946 mi
1740 2904 1966 2958 proposito
2005 2914 2093 2944 non
2125 2913 2176 2943 ex
2211 2900 2304 2942 sola
2333 2911 2441 2942 voce
2480 2897 2773 2941 iudicandum·

1652 2979 1715 3017 est
1737 2988 1749 3028 3
1795 2987 1847 3016 ne
1890 2973 1970 3016 sub
2014 2973 2127 3015 hanc
2170 2972 2501 3027 imputationem
2538 2966 2691 3012 cadant
2728 2970 2759 3011 ii
2796 3006 2799 3009 .

1652 3047 1727 3101 qui
1758 3045 1969 3101 prudente
1999 3044 2144 3099 aliquo
2177 3034 2357 3086 consilio
2380 3041 2425 3084 id
2447 3044 2659 3096 egerunt:
2687 3052 2762 3082 ve-

1651 3118 1730 3159 luti
1748 3116 1893 3160 Bhaab
1907 3147 1919 3169 ‚
1954 3128 2064 3171 quae
2084 3116 2177 3158 visa
2200 3119 2265 3157 est
2285 3114 2455 3158 mentiri
2483 3111 2600 3168 apud
2623 3123 2758 3166 quae-

1652 3192 1792 3230 rentes
1822 3186 2062 3242 i-nterficere
2093 3186 2386 3241 exploratores
2402 3214 2414 3237 ‚
2446 3183 2587 3226 bonos
2615 3183 2756 3234 viros;

1654 3261 1728 3314 qui
1759 3271 1784 3301 a
1812 3246 1908 3301 Iesu
1930 3258 2037 3300 Navi
2054 3254 2156 3299 ‘filio
2182 3255 2328 3309 missi,
2357 3251 2591 3297 laudabiles
2619 3256 2754 3296 erant.

1654 3331 1796 3383 Quum
1826 3330 1954 3373 huius
1983 3329 2164 3371 feminae
2195 3327 2467 3383 propositum
2499 3324 2622 3368 valde
2652 3326 2761 3365 esset

1652 3402 1880 3445 honestum
1894 3431 1906 3453 ‚
1940 3412 2029 3442 non
2058 3403 2121 3442 est
2144 3401 2476 3442 consentaneum
2506 3396 2555 3438 ut
2585 3407 2633 3438 ea
2660 3393 2756 3436 col-

1652 3473 1818 3517 locetur
1846 3473 1960 3516 inter
1983 3470 2176 3527 perditos
2189 3501 2203 3525 ,
2225 3468 2293 3512 vel
2314 3469 2425 3511 inter
2444 3479 2518 3514 eos
2540 3465 2616 3521 qui
2636 3476 2758 3508 meu·

1653 3546 1821 3590 dacium
1838 3545 2109 3601 loquantum*>
2118 3543 2251 3587 Sicuti
2271 3555 2325 3585 ne
2341 3541 2439 3584 ideo
2463 3537 2636 3595 quidem
2655 3538 2758 3591 quia

1654 3618 1808 3674 aliquis
1838 3618 2056 3660 bominem
2088 3614 2275 3668 occidit,
2309 3610 2524 3656 homicida
2558 3607 2647 3661 est3
2680 3620 2760 3651 nec

1654 3690 1729 3744 qui
1757 3689 2005 3742 sauguinem
2020 3692 2267 3741 ,utcumque
2290 3683 2447 3727 fuderit
2462 3712 2475 3735 ‚
2501 3680 2568 3723 vir
2589 3680 2760 3733 sangui-

1656 3774 1757 3804 num
1780 3765 1858 3803 est.
1886 3761 2001 3807 Nam
2033 3771 2113 3801 nec
2143 3756 2378 3801 homicidas
2409 3766 2488 3797 nec
2518 3753 2638 3796 viros
2660 3764 2761 3794 sau-

511 3836 523 3864 ·
570 3850 601 3892 1)
622 3848 843 3893 Reprehendit
861 3847 1088 3890 Manichaeos‚
1119 3848 1275 3882 adversus
1300 3858 1385 3890 quos
1400 3850 1500 3882 *extat
1526 3848 1692 3890 peculiare
1714 3847 1853 3889 Didymi·
1870 3846 1974 3878 nostri
1998 3836 2093 3890 ‘’Di-5·
