<?xml version="1.0" encoding="UTF-8"?>
<!DOCTYPE html PUBLIC "-//W3C//DTD XHTML 1.0 Transitional//EN"
    "http://www.w3.org/TR/xhtml1/DTD/xhtml1-transitional.dtd">
<html xmlns="http://www.w3.org/1999/xhtml" xml:lang="en" lang="en">
 <head>
  <title>
</title>
<meta http-equiv="Content-Type" content="text/html;charset=utf-8" />
  <meta name='ocr-system' content='tesseract 3.04.00' />
  <meta name='ocr-capabilities' content='ocr_page ocr_carea ocr_par ocr_line ocrx_word'/>
</head>
<body>
  <div class='ocr_page' id='page_1' title='image "./novaepatrumbibli07maiauoft/novaepatrumbibli07maiauoft_0589.png"; bbox 0 0 2996 4432; ppageno 0'>
   <div class='ocr_carea' id='block_1_1' title="bbox 1131 248 1520 280">
    <p class='ocr_par' dir='ltr' id='par_1_1' title="bbox 1131 248 1520 280">
     <span class='ocr_line' id='line_1_1' title="bbox 1131 248 1520 280; baseline -0.003 0"><span class='ocrx_word' id='word_1_1' title='bbox 1131 249 1177 280; x_wconf 79' lang='lat' dir='ltr'><strong>m</strong></span> <span class='ocrx_word' id='word_1_2' title='bbox 1209 248 1418 280; x_wconf 65' lang='lat' dir='ltr'><strong>mummi</strong></span> <span class='ocrx_word' id='word_1_3' title='bbox 1453 249 1520 279; x_wconf 78' lang='lat' dir='ltr'><strong>lx.</strong></span> 
     </span>
    </p>
   </div>
   <div class='ocr_carea' id='block_1_2' title="bbox 195 334 1302 3864">
    <p class='ocr_par' dir='ltr' id='par_1_2' title="bbox 195 334 1298 1016">
     <span class='ocr_line' id='line_1_2' title="bbox 195 334 1291 392; baseline -0.003 -12"><span class='ocrx_word' id='word_1_4' title='bbox 195 340 309 380; x_wconf 83' lang='lat' dir='ltr'><strong>mata</strong></span> <span class='ocrx_word' id='word_1_5' title='bbox 321 342 520 380; x_wconf 73' lang='lat' dir='ltr'><strong>accurate</strong></span> <span class='ocrx_word' id='word_1_6' title='bbox 536 341 694 380; x_wconf 58' lang='lat' dir='ltr'><strong>tenent„</strong></span> <span class='ocrx_word' id='word_1_7' title='bbox 717 336 775 380; x_wconf 79' lang='lat' dir='ltr'><strong>ni</strong></span> <span class='ocrx_word' id='word_1_8' title='bbox 790 336 949 392; x_wconf 83' lang='lat' dir='ltr'>quippe</span> <span class='ocrx_word' id='word_1_9' title='bbox 966 334 1169 390; x_wconf 84' lang='lat' dir='ltr'><strong>sapientis</strong></span> <span class='ocrx_word' id='word_1_10' title='bbox 1188 347 1291 390; x_wconf 90' lang='lat' dir='ltr'><strong>pro·</strong></span> 
     </span>
     <span class='ocr_line' id='line_1_3' title="bbox 197 406 1291 462; baseline -0.002 -12"><span class='ocrx_word' id='word_1_11' title='bbox 197 409 406 452; x_wconf 85' lang='lat' dir='ltr'><strong>videntiae</strong></span> <span class='ocrx_word' id='word_1_12' title='bbox 435 410 590 452; x_wconf 83' lang='lat' dir='ltr'><strong>iudicia</strong></span> <span class='ocrx_word' id='word_1_13' title='bbox 618 411 865 460; x_wconf 85' lang='lat' dir='ltr'><strong>incurrunt,</strong></span> <span class='ocrx_word' id='word_1_14' title='bbox 891 406 992 449; x_wconf 89' lang='lat' dir='ltr'><strong>dum</strong></span> <span class='ocrx_word' id='word_1_15' title='bbox 1021 410 1291 462; x_wconf 88' lang='lat' dir='ltr'><strong>peccatorem</strong></span> 
     </span>
     <span class='ocr_line' id='line_1_4' title="bbox 197 477 1295 534; baseline -0.001 -14"><span class='ocrx_word' id='word_1_16' title='bbox 197 479 377 523; x_wconf 81' lang='lat' dir='ltr'><strong>laudant</strong></span> <span class='ocrx_word' id='word_1_17' title='bbox 405 480 620 523; x_wconf 75' lang='lat' dir='ltr'>desideriis</span> <span class='ocrx_word' id='word_1_18' title='bbox 642 478 828 534; x_wconf 86' lang='lat' dir='ltr'><strong>propriis</strong></span> <span class='ocrx_word' id='word_1_19' title='bbox 847 477 1170 532; x_wconf 88' lang='lat' dir='ltr'><strong>indulgentem.</strong></span> <span class='ocrx_word' id='word_1_20' title='bbox 1198 490 1295 520; x_wconf 91' lang='lat' dir='ltr'><strong>cum</strong></span> 
     </span>
     <span class='ocr_line' id='line_1_5' title="bbox 197 548 1298 607; baseline -0.001 -15"><span class='ocrx_word' id='word_1_21' title='bbox 197 552 300 593; x_wconf 82' lang='lat' dir='ltr'><strong>satis</strong></span> <span class='ocrx_word' id='word_1_22' title='bbox 326 556 560 607; x_wconf 77' lang='lat' dir='ltr'><strong>appareat,</strong></span> <span class='ocrx_word' id='word_1_23' title='bbox 594 554 859 605; x_wconf 84' lang='lat' dir='ltr'><strong>peccatorem</strong></span> <span class='ocrx_word' id='word_1_24' title='bbox 883 561 970 591; x_wconf 91' lang='lat' dir='ltr'><strong>non</strong></span> <span class='ocrx_word' id='word_1_25' title='bbox 994 548 1200 602; x_wconf 84' lang='lat' dir='ltr'><strong>meliora,</strong></span> <span class='ocrx_word' id='word_1_26' title='bbox 1221 548 1298 593; x_wconf 85' lang='lat' dir='ltr'><strong>sed</strong></span> 
     </span>
     <span class='ocr_line' id='line_1_6' title="bbox 197 620 1298 677; baseline 0 -15"><span class='ocrx_word' id='word_1_27' title='bbox 197 622 383 664; x_wconf 77' lang='lat' dir='ltr'><strong>iucunda</strong></span> <span class='ocrx_word' id='word_1_28' title='bbox 414 626 576 665; x_wconf 87' lang='lat' dir='ltr'><strong>tantum</strong></span> <span class='ocrx_word' id='word_1_29' title='bbox 599 625 642 662; x_wconf 93' lang='lat' dir='ltr'><strong>et</strong></span> <span class='ocrx_word' id='word_1_30' title='bbox 664 620 900 677; x_wconf 87' lang='lat' dir='ltr'><strong>voluptaria</strong></span> <span class='ocrx_word' id='word_1_31' title='bbox 930 624 1142 675; x_wconf 82' lang='lat' dir='ltr'><strong>expetere.</strong></span> <span class='ocrx_word' id='word_1_32' title='bbox 1175 621 1298 662; x_wconf 89' lang='lat' dir='ltr'><strong>Insu-</strong></span> 
     </span>
     <span class='ocr_line' id='line_1_7' title="bbox 199 688 1297 747; baseline 0 -13"><span class='ocrx_word' id='word_1_33' title='bbox 199 704 277 747; x_wconf 81' lang='lat' dir='ltr'><strong>per</strong></span> <span class='ocrx_word' id='word_1_34' title='bbox 317 693 468 735; x_wconf 90' lang='lat' dir='ltr'><strong>eodem</strong></span> <span class='ocrx_word' id='word_1_35' title='bbox 508 703 653 734; x_wconf 88' lang='lat' dir='ltr'><strong>errore</strong></span> <span class='ocrx_word' id='word_1_36' title='bbox 691 688 898 733; x_wconf 80' lang='lat' dir='ltr'><strong>iudicant</strong></span> <span class='ocrx_word' id='word_1_37' title='bbox 921 691 964 733; x_wconf 92' lang='lat' dir='ltr'><strong>in</strong></span> <span class='ocrx_word' id='word_1_38' title='bbox 995 690 1297 734; x_wconf 86' lang='lat' dir='ltr'><strong>benedictione</strong></span> 
     </span>
     <span class='ocr_line' id='line_1_8' title="bbox 201 761 1296 817; baseline -0.001 -13"><span class='ocrx_word' id='word_1_39' title='bbox 201 764 357 805; x_wconf 67' lang='lat' dir='ltr'><strong>versari</strong></span> <span class='ocrx_word' id='word_1_40' title='bbox 386 775 460 805; x_wconf 88' lang='lat' dir='ltr'><strong>eos</strong></span> <span class='ocrx_word' id='word_1_41' title='bbox 491 762 566 817; x_wconf 88' lang='lat' dir='ltr'><strong>qui</strong></span> <span class='ocrx_word' id='word_1_42' title='bbox 597 761 764 803; x_wconf 88' lang='lat' dir='ltr'><strong>divitias</strong></span> <span class='ocrx_word' id='word_1_43' title='bbox 793 765 837 804; x_wconf 90' lang='lat' dir='ltr'><strong>et</strong></span> <span class='ocrx_word' id='word_1_44' title='bbox 867 761 1094 805; x_wconf 80' lang='lat' dir='ltr'><strong>humanam</strong></span> <span class='ocrx_word' id='word_1_45' title='bbox 1123 765 1296 817; x_wconf 90' lang='lat' dir='ltr'><strong>tempo-</strong></span> 
     </span>
     <span class='ocr_line' id='line_1_9' title="bbox 199 831 1298 888; baseline 0.003 -15"><span class='ocrx_word' id='word_1_46' title='bbox 199 833 415 887; x_wconf 80' lang='lat' dir='ltr'><strong>ralemque</strong></span> <span class='ocrx_word' id='word_1_47' title='bbox 444 832 624 886; x_wconf 81' lang='lat' dir='ltr'><strong>gloriam</strong></span> <span class='ocrx_word' id='word_1_48' title='bbox 655 831 813 874; x_wconf 91' lang='lat' dir='ltr'><strong>habent</strong></span> <span class='ocrx_word' id='word_1_49' title='bbox 829 863 841 884; x_wconf 87' lang='lat'><strong>,</strong></span> <span class='ocrx_word' id='word_1_50' title='bbox 863 832 1065 887; x_wconf 80' lang='lat' dir='ltr'><strong>aiuntque</strong></span> <span class='ocrx_word' id='word_1_51' title='bbox 1083 833 1252 888; x_wconf 86' lang='lat' dir='ltr'><strong>iniquos</strong></span> <span class='ocrx_word' id='word_1_52' title='bbox 1273 845 1298 876; x_wconf 83' lang='lat' dir='ltr'><strong>a</strong></span> 
     </span>
     <span class='ocr_line' id='line_1_10' title="bbox 201 893 1297 958; baseline 0.001 -13"><span class='ocrx_word' id='word_1_53' title='bbox 201 904 292 945; x_wconf 84' lang='lat' dir='ltr'><strong>Deo</strong></span> <span class='ocrx_word' id='word_1_54' title='bbox 321 902 530 945; x_wconf 84' lang='lat' dir='ltr'><strong>benedici.</strong></span> <span class='ocrx_word' id='word_1_55' title='bbox 563 893 802 958; x_wconf 83' lang='lat' dir='ltr'><strong>Oportebat</strong></span> <span class='ocrx_word' id='word_1_56' title='bbox 831 907 973 946; x_wconf 91' lang='lat' dir='ltr'><strong>autem</strong></span> <span class='ocrx_word' id='word_1_57' title='bbox 993 903 1164 946; x_wconf 89' lang='lat' dir='ltr'><strong>credere</strong></span> <span class='ocrx_word' id='word_1_58' title='bbox 1180 935 1192 958; x_wconf 89' lang='lat'><strong>,</strong></span> <span class='ocrx_word' id='word_1_59' title='bbox 1216 905 1297 947; x_wconf 88' lang='lat' dir='ltr'><strong>Dei</strong></span> 
     </span>
     <span class='ocr_line' id='line_1_11' title="bbox 200 972 875 1016; baseline 0.001 -1"><span class='ocrx_word' id='word_1_60' title='bbox 200 972 536 1016; x_wconf 82' lang='lat' dir='ltr'><strong>benedictionem</strong></span> <span class='ocrx_word' id='word_1_61' title='bbox 564 973 684 1016; x_wconf 85' lang='lat' dir='ltr'><strong>iustis</strong></span> <span class='ocrx_word' id='word_1_62' title='bbox 714 973 875 1016; x_wconf 56' lang='lat' dir='ltr'><strong>tribui:</strong></span> 
     </span>
    </p>

    <p class='ocr_par' dir='ltr' id='par_1_3' title="bbox 196 1043 1302 2719">
     <span class='ocr_line' id='line_1_12' title="bbox 258 1043 1300 1100; baseline 0.003 -15"><span class='ocrx_word' id='word_1_63' title='bbox 258 1044 429 1086; x_wconf 80' lang='lat' dir='ltr'><strong>Etiamsi</strong></span> <span class='ocrx_word' id='word_1_64' title='bbox 467 1043 660 1086; x_wconf 89' lang='lat' dir='ltr'><strong>videatur</strong></span> <span class='ocrx_word' id='word_1_65' title='bbox 699 1044 853 1100; x_wconf 84' lang='lat' dir='ltr'><strong>procul</strong></span> <span class='ocrx_word' id='word_1_66' title='bbox 889 1057 977 1088; x_wconf 90' lang='lat' dir='ltr'><strong>esse</strong></span> <span class='ocrx_word' id='word_1_67' title='bbox 1009 1050 1052 1088; x_wconf 92' lang='lat' dir='ltr'><strong>et</strong></span> <span class='ocrx_word' id='word_1_68' title='bbox 1090 1046 1300 1100; x_wconf 86' lang='lat' dir='ltr'><strong>negligere</strong></span> 
     </span>
     <span class='ocr_line' id='line_1_13' title="bbox 200 1114 1298 1172; baseline 0.004 -16"><span class='ocrx_word' id='word_1_69' title='bbox 200 1115 312 1157; x_wconf 84' lang='lat' dir='ltr'><strong>Deus</strong></span> <span class='ocrx_word' id='word_1_70' title='bbox 326 1114 519 1157; x_wconf 89' lang='lat' dir='ltr'><strong>homines</strong></span> <span class='ocrx_word' id='word_1_71' title='bbox 535 1115 756 1170; x_wconf 88' lang='lat' dir='ltr'><strong>adflictos,</strong></span> <span class='ocrx_word' id='word_1_72' title='bbox 778 1120 821 1158; x_wconf 90' lang='lat' dir='ltr'><strong>et</strong></span> <span class='ocrx_word' id='word_1_73' title='bbox 840 1116 897 1159; x_wconf 92' lang='lat' dir='ltr'><strong>ob</strong></span> <span class='ocrx_word' id='word_1_74' title='bbox 917 1117 1038 1172; x_wconf 90' lang='lat' dir='ltr'><strong>impii</strong></span> <span class='ocrx_word' id='word_1_75' title='bbox 1058 1117 1298 1172; x_wconf 87' lang='lat' dir='ltr'><strong>superbiam</strong></span> 
     </span>
     <span class='ocr_line' id='line_1_14' title="bbox 197 1186 1296 1240; baseline 0.002 -12"><span class='ocrx_word' id='word_1_76' title='bbox 197 1186 480 1228; x_wconf 86' lang='lat' dir='ltr'><strong>conturbatos</strong></span> <span class='ocrx_word' id='word_1_77' title='bbox 497 1217 509 1240; x_wconf 86' lang='lat'><strong>,</strong></span> <span class='ocrx_word' id='word_1_78' title='bbox 542 1187 819 1230; x_wconf 88' lang='lat' dir='ltr'><strong>nihilominus</strong></span> <span class='ocrx_word' id='word_1_79' title='bbox 848 1187 969 1230; x_wconf 88' lang='lat' dir='ltr'><strong>valde</strong></span> <span class='ocrx_word' id='word_1_80' title='bbox 999 1188 1193 1230; x_wconf 83' lang='lat' dir='ltr'><strong>irascitur</strong></span> <span class='ocrx_word' id='word_1_81' title='bbox 1221 1201 1296 1230; x_wconf 90' lang='lat' dir='ltr'><strong>su-</strong></span> 
     </span>
     <span class='ocr_line' id='line_1_15' title="bbox 197 1257 1298 1312; baseline 0.002 -14"><span class='ocrx_word' id='word_1_82' title='bbox 197 1257 336 1311; x_wconf 85' lang='lat' dir='ltr'><strong>perbo</strong></span> <span class='ocrx_word' id='word_1_83' title='bbox 368 1258 442 1311; x_wconf 90' lang='lat' dir='ltr'><strong>qui</strong></span> <span class='ocrx_word' id='word_1_84' title='bbox 472 1258 668 1300; x_wconf 83' lang='lat' dir='ltr'><strong>seandala</strong></span> <span class='ocrx_word' id='word_1_85' title='bbox 686 1258 840 1311; x_wconf 90' lang='lat' dir='ltr'><strong>infert,</strong></span> <span class='ocrx_word' id='word_1_86' title='bbox 866 1262 992 1312; x_wconf 82' lang='lat' dir='ltr'><strong>atque</strong></span> <span class='ocrx_word' id='word_1_87' title='bbox 1011 1263 1060 1301; x_wconf 92' lang='lat' dir='ltr'><strong>ut</strong></span> <span class='ocrx_word' id='word_1_88' title='bbox 1081 1271 1178 1300; x_wconf 90' lang='lat' dir='ltr'><strong>cum</strong></span> <span class='ocrx_word' id='word_1_89' title='bbox 1195 1259 1298 1301; x_wconf 88' lang='lat' dir='ltr'><strong>scri-</strong></span> 
     </span>
     <span class='ocr_line' id='line_1_16' title="bbox 196 1328 1298 1383; baseline 0.003 -14"><span class='ocrx_word' id='word_1_90' title='bbox 196 1332 326 1382; x_wconf 85' lang='lat' dir='ltr'><strong>ptura</strong></span> <span class='ocrx_word' id='word_1_91' title='bbox 355 1328 535 1382; x_wconf 84' lang='lat' dir='ltr'><strong>loquar,</strong></span> <span class='ocrx_word' id='word_1_92' title='bbox 577 1341 807 1383; x_wconf 85' lang='lat' dir='ltr'><strong>pauperem</strong></span> <span class='ocrx_word' id='word_1_93' title='bbox 848 1329 1062 1383; x_wconf 86' lang='lat' dir='ltr'><strong>incendit,</strong></span> <span class='ocrx_word' id='word_1_94' title='bbox 1100 1335 1142 1372; x_wconf 89' lang='lat' dir='ltr'><strong>et</strong></span> <span class='ocrx_word' id='word_1_95' title='bbox 1171 1329 1298 1372; x_wconf 88' lang='lat' dir='ltr'><strong>bonis</strong></span> 
     </span>
     <span class='ocr_line' id='line_1_17' title="bbox 198 1399 1292 1455; baseline 0.002 -14"><span class='ocrx_word' id='word_1_96' title='bbox 198 1400 278 1441; x_wconf 85' lang='lat' dir='ltr'><strong>Dei</strong></span> <span class='ocrx_word' id='word_1_97' title='bbox 305 1399 570 1454; x_wconf 85' lang='lat' dir='ltr'><strong>providentia</strong></span> <span class='ocrx_word' id='word_1_98' title='bbox 589 1400 670 1454; x_wconf 91' lang='lat' dir='ltr'><strong>ipsi</strong></span> <span class='ocrx_word' id='word_1_99' title='bbox 695 1399 975 1455; x_wconf 84' lang='lat' dir='ltr'><strong>suppeditatis</strong></span> <span class='ocrx_word' id='word_1_100' title='bbox 1001 1401 1110 1442; x_wconf 89' lang='lat' dir='ltr'><strong>male</strong></span> <span class='ocrx_word' id='word_1_101' title='bbox 1143 1401 1292 1443; x_wconf 86' lang='lat' dir='ltr'><strong>utitur.</strong></span> 
     </span>
     <span class='ocr_line' id='line_1_18' title="bbox 200 1471 1294 1525; baseline 0.001 -13"><span class='ocrx_word' id='word_1_102' title='bbox 200 1471 295 1512; x_wconf 83' lang='lat' dir='ltr'><strong>Hoc</strong></span> <span class='ocrx_word' id='word_1_103' title='bbox 324 1472 497 1513; x_wconf 89' lang='lat' dir='ltr'><strong>enimin</strong></span> <span class='ocrx_word' id='word_1_104' title='bbox 517 1471 791 1525; x_wconf 86' lang='lat' dir='ltr'><strong>sequentibus</strong></span> <span class='ocrx_word' id='word_1_105' title='bbox 813 1471 954 1512; x_wconf 89' lang='lat' dir='ltr'><strong>verbis</strong></span> <span class='ocrx_word' id='word_1_106' title='bbox 978 1471 1177 1514; x_wconf 80' lang='lat' dir='ltr'><strong>traditur.</strong></span> <span class='ocrx_word' id='word_1_107' title='bbox 1213 1472 1294 1513; x_wconf 89' lang='lat' dir='ltr'><strong>Di-</strong></span> 
     </span>
     <span class='ocr_line' id='line_1_19' title="bbox 200 1540 1290 1597; baseline 0.002 -14"><span class='ocrx_word' id='word_1_108' title='bbox 200 1542 312 1583; x_wconf 84' lang='lat' dir='ltr'><strong>citur</strong></span> <span class='ocrx_word' id='word_1_109' title='bbox 335 1542 473 1583; x_wconf 87' lang='lat' dir='ltr'><strong>enim:</strong></span> <span class='ocrx_word' id='word_1_110' title='bbox 508 1540 774 1585; x_wconf 85' lang='lat' dir='ltr'><strong>exacerbavit</strong></span> <span class='ocrx_word' id='word_1_111' title='bbox 801 1542 1032 1584; x_wconf 88' lang='lat' dir='ltr'><strong>Dominum</strong></span> <span class='ocrx_word' id='word_1_112' title='bbox 1062 1547 1290 1597; x_wconf 82' lang='lat' dir='ltr'><strong>peccator3</strong></span> 
     </span>
     <span class='ocr_line' id='line_1_20' title="bbox 197 1612 1296 1667; baseline 0.002 -13"><span class='ocrx_word' id='word_1_113' title='bbox 197 1618 265 1655; x_wconf 83' lang='lat' dir='ltr'><strong>est</strong></span> <span class='ocrx_word' id='word_1_114' title='bbox 289 1617 432 1655; x_wconf 86' lang='lat' dir='ltr'><strong>autem</strong></span> <span class='ocrx_word' id='word_1_115' title='bbox 462 1612 532 1654; x_wconf 83' lang='lat' dir='ltr'><strong>hic</strong></span> <span class='ocrx_word' id='word_1_116' title='bbox 570 1612 779 1667; x_wconf 90' lang='lat' dir='ltr'><strong>superbus</strong></span> <span class='ocrx_word' id='word_1_117' title='bbox 816 1613 975 1667; x_wconf 89' lang='lat' dir='ltr'><strong>impius</strong></span> <span class='ocrx_word' id='word_1_118' title='bbox 994 1644 1006 1666; x_wconf 94' lang='lat'><strong>,</strong></span> <span class='ocrx_word' id='word_1_119' title='bbox 1038 1618 1080 1656; x_wconf 88' lang='lat' dir='ltr'><strong>et</strong></span> <span class='ocrx_word' id='word_1_120' title='bbox 1109 1617 1153 1655; x_wconf 90' lang='lat' dir='ltr'><strong>in</strong></span> <span class='ocrx_word' id='word_1_121' title='bbox 1183 1613 1296 1656; x_wconf 91' lang='lat' dir='ltr'><strong>desi-</strong></span> 
     </span>
     <span class='ocr_line' id='line_1_21' title="bbox 198 1681 1295 1738; baseline 0.001 -13"><span class='ocrx_word' id='word_1_122' title='bbox 198 1682 325 1725; x_wconf 90' lang='lat' dir='ltr'><strong>deriis</strong></span> <span class='ocrx_word' id='word_1_123' title='bbox 354 1684 440 1725; x_wconf 90' lang='lat' dir='ltr'><strong>suis</strong></span> <span class='ocrx_word' id='word_1_124' title='bbox 468 1682 679 1725; x_wconf 88' lang='lat' dir='ltr'><strong>laudatus.</strong></span> <span class='ocrx_word' id='word_1_125' title='bbox 703 1681 942 1738; x_wconf 72' lang='lat' dir='ltr'><strong>Tautop&#39;ere</strong></span> <span class='ocrx_word' id='word_1_126' title='bbox 960 1688 1103 1726; x_wconf 86' lang='lat' dir='ltr'><strong>autem</strong></span> <span class='ocrx_word' id='word_1_127' title='bbox 1127 1696 1295 1726; x_wconf 84' lang='lat' dir='ltr'><strong>exacer-</strong></span> 
     </span>
     <span class='ocr_line' id='line_1_22' title="bbox 201 1753 1293 1809; baseline 0.002 -14"><span class='ocrx_word' id='word_1_128' title='bbox 201 1753 324 1796; x_wconf 83' lang='lat' dir='ltr'><strong>bavit</strong></span> <span class='ocrx_word' id='word_1_129' title='bbox 351 1754 581 1795; x_wconf 89' lang='lat' dir='ltr'><strong>Dominum</strong></span> <span class='ocrx_word' id='word_1_130' title='bbox 601 1784 614 1806; x_wconf 87' lang='lat'><strong><em>‚</em></strong></span> <span class='ocrx_word' id='word_1_131' title='bbox 646 1757 696 1795; x_wconf 89' lang='lat' dir='ltr'><strong>ut</strong></span> <span class='ocrx_word' id='word_1_132' title='bbox 724 1754 828 1796; x_wconf 86' lang='lat' dir='ltr'><strong>iram</strong></span> <span class='ocrx_word' id='word_1_133' title='bbox 857 1766 1080 1809; x_wconf 88' lang='lat' dir='ltr'><strong>erumpere</strong></span> <span class='ocrx_word' id='word_1_134' title='bbox 1122 1754 1293 1808; x_wconf 84' lang='lat' dir='ltr'><strong>fecerit,</strong></span> 
     </span>
     <span class='ocr_line' id='line_1_23' title="bbox 198 1825 1294 1880; baseline 0.001 -13"><span class='ocrx_word' id='word_1_135' title='bbox 198 1838 331 1880; x_wconf 86' lang='lat' dir='ltr'><strong>quam</strong></span> <span class='ocrx_word' id='word_1_136' title='bbox 359 1826 448 1880; x_wconf 85' lang='lat' dir='ltr'><strong>ipse</strong></span> <span class='ocrx_word' id='word_1_137' title='bbox 467 1825 549 1867; x_wconf 85' lang='lat' dir='ltr'><strong>sibi</strong></span> <span class='ocrx_word' id='word_1_138' title='bbox 567 1830 862 1880; x_wconf 79' lang='lat' dir='ltr'><strong>congesserat3</strong></span> <span class='ocrx_word' id='word_1_139' title='bbox 884 1826 1001 1868; x_wconf 85' lang='lat' dir='ltr'><strong>iuxta</strong></span> <span class='ocrx_word' id='word_1_140' title='bbox 1019 1826 1125 1868; x_wconf 91' lang='lat' dir='ltr'><strong>illud</strong></span> <span class='ocrx_word' id='word_1_141' title='bbox 1145 1840 1156 1868; x_wconf 72' lang='grc' dir='ltr'><strong>ι</strong></span> <span class='ocrx_word' id='word_1_142' title='bbox 1184 1845 1201 1862; x_wconf 85' lang='lat'>«</span> <span class='ocrx_word' id='word_1_143' title='bbox 1224 1839 1294 1868; x_wconf 88' lang='lat' dir='ltr'><strong>se-</strong></span> 
     </span>
     <span class='ocr_line' id='line_1_24' title="bbox 203 1896 1296 1952; baseline 0.002 -14"><span class='ocrx_word' id='word_1_144' title='bbox 203 1912 227 1933; x_wconf 58' lang='lat'>»</span> <span class='ocrx_word' id='word_1_145' title='bbox 259 1897 447 1939; x_wconf 85' lang='lat' dir='ltr'><strong>cundum</strong></span> <span class='ocrx_word' id='word_1_146' title='bbox 478 1896 675 1939; x_wconf 88' lang='lat' dir='ltr'><strong>duritiam</strong></span> <span class='ocrx_word' id='word_1_147' title='bbox 705 1901 823 1940; x_wconf 91' lang='lat' dir='ltr'><strong>tuam</strong></span> <span class='ocrx_word' id='word_1_148' title='bbox 853 1901 895 1939; x_wconf 92' lang='lat' dir='ltr'><strong>et</strong></span> <span class='ocrx_word' id='word_1_149' title='bbox 916 1898 1191 1952; x_wconf 83' lang='lat' dir='ltr'><strong>impaenitens</strong></span> <span class='ocrx_word' id='word_1_150' title='bbox 1220 1910 1296 1940; x_wconf 90' lang='lat' dir='ltr'><strong>cor</strong></span> 
     </span>
     <span class='ocr_line' id='line_1_25' title="bbox 213 1968 1296 2012; baseline 0.002 -2"><span class='ocrx_word' id='word_1_151' title='bbox 213 1988 232 2004; x_wconf 82' lang='lat'>»</span> <span class='ocrx_word' id='word_1_152' title='bbox 267 1968 522 2010; x_wconf 88' lang='lat' dir='ltr'><strong>thesaurizas</strong></span> <span class='ocrx_word' id='word_1_153' title='bbox 549 1968 628 2010; x_wconf 90' lang='lat' dir='ltr'><strong>sibi</strong></span> <span class='ocrx_word' id='word_1_154' title='bbox 664 1969 771 2010; x_wconf 92' lang='lat' dir='ltr'><strong>iram</strong></span> <span class='ocrx_word' id='word_1_155' title='bbox 801 1968 857 2011; x_wconf 85' lang='lat' dir='ltr'><strong>ad</strong></span> <span class='ocrx_word' id='word_1_156' title='bbox 891 1968 1005 2011; x_wconf 85' lang='lat' dir='ltr'><strong>diem</strong></span> <span class='ocrx_word' id='word_1_157' title='bbox 1032 1969 1136 2011; x_wconf 88' lang='lat' dir='ltr'><strong>irae.</strong></span> <span class='ocrx_word' id='word_1_158' title='bbox 1162 1988 1179 2005; x_wconf 76' lang='grc' dir='ltr'><strong>υ</strong></span> <span class='ocrx_word' id='word_1_159' title='bbox 1214 1969 1296 2012; x_wconf 91' lang='lat' dir='ltr'><strong>Sed</strong></span> 
     </span>
     <span class='ocr_line' id='line_1_26' title="bbox 200 2039 1295 2094; baseline 0.002 -13"><span class='ocrx_word' id='word_1_160' title='bbox 200 2040 474 2094; x_wconf 83' lang='lat' dir='ltr'><strong>quantumvis</strong></span> <span class='ocrx_word' id='word_1_161' title='bbox 503 2040 681 2081; x_wconf 90' lang='lat' dir='ltr'><strong>multam</strong></span> <span class='ocrx_word' id='word_1_162' title='bbox 711 2044 911 2094; x_wconf 86' lang='lat' dir='ltr'><strong>peccator</strong></span> <span class='ocrx_word' id='word_1_163' title='bbox 939 2039 1020 2082; x_wconf 88' lang='lat' dir='ltr'><strong>sibi</strong></span> <span class='ocrx_word' id='word_1_164' title='bbox 1050 2040 1156 2087; x_wconf 70' lang='lat' dir='ltr'><strong>iram</strong></span> <span class='ocrx_word' id='word_1_165' title='bbox 1186 2053 1295 2083; x_wconf 91' lang='lat' dir='ltr'><strong>con-</strong></span> 
     </span>
     <span class='ocr_line' id='line_1_27' title="bbox 198 2110 1296 2166; baseline 0.002 -14"><span class='ocrx_word' id='word_1_166' title='bbox 198 2111 400 2164; x_wconf 85' lang='lat' dir='ltr'><strong>gesserit,</strong></span> <span class='ocrx_word' id='word_1_167' title='bbox 420 2110 534 2152; x_wconf 88' lang='lat' dir='ltr'><strong>haud</strong></span> <span class='ocrx_word' id='word_1_168' title='bbox 551 2115 692 2152; x_wconf 89' lang='lat' dir='ltr'><strong>tamen</strong></span> <span class='ocrx_word' id='word_1_169' title='bbox 714 2123 796 2166; x_wconf 87' lang='lat' dir='ltr'><strong>pro</strong></span> <span class='ocrx_word' id='word_1_170' title='bbox 819 2110 1089 2153; x_wconf 83' lang='lat' dir='ltr'><strong>multitudine</strong></span> <span class='ocrx_word' id='word_1_171' title='bbox 1110 2124 1159 2154; x_wconf 86' lang='lat' dir='ltr'><strong>ac</strong></span> <span class='ocrx_word' id='word_1_172' title='bbox 1178 2123 1296 2166; x_wconf 89' lang='lat' dir='ltr'><strong>mag-</strong></span> 
     </span>
     <span class='ocr_line' id='line_1_28' title="bbox 201 2180 1294 2235; baseline 0.003 -13"><span class='ocrx_word' id='word_1_173' title='bbox 201 2180 396 2223; x_wconf 87' lang='lat' dir='ltr'><strong>nitudine</strong></span> <span class='ocrx_word' id='word_1_174' title='bbox 427 2181 517 2223; x_wconf 91' lang='lat' dir='ltr'><strong>eius</strong></span> <span class='ocrx_word' id='word_1_175' title='bbox 547 2181 740 2235; x_wconf 81' lang='lat' dir='ltr'><strong>quaestio</strong></span> <span class='ocrx_word' id='word_1_176' title='bbox 771 2181 1034 2224; x_wconf 81' lang='lat' dir='ltr'><strong>exercebitur</strong></span> <span class='ocrx_word' id='word_1_177' title='bbox 1062 2182 1106 2224; x_wconf 85' lang='lat' dir='ltr'><strong>in</strong></span> <span class='ocrx_word' id='word_1_178' title='bbox 1125 2181 1196 2225; x_wconf 87' lang='lat' dir='ltr'><strong>die</strong></span> <span class='ocrx_word' id='word_1_179' title='bbox 1224 2183 1294 2225; x_wconf 92' lang='lat' dir='ltr'><strong>iu-</strong></span> 
     </span>
     <span class='ocr_line' id='line_1_29' title="bbox 198 2235 1295 2307; baseline 0.002 -13"><span class='ocrx_word' id='word_1_180' title='bbox 198 2252 329 2305; x_wconf 81' lang='lat' dir='ltr'><strong>dicii,</strong></span> <span class='ocrx_word' id='word_1_181' title='bbox 364 2235 538 2307; x_wconf 80' lang='lat' dir='ltr'><strong>propter</strong></span> <span class='ocrx_word' id='word_1_182' title='bbox 557 2252 784 2294; x_wconf 87' lang='lat' dir='ltr'><strong>iudicantis</strong></span> <span class='ocrx_word' id='word_1_183' title='bbox 797 2252 883 2299; x_wconf 85' lang='lat' dir='ltr'><strong>Dei</strong></span> <span class='ocrx_word' id='word_1_184' title='bbox 901 2252 1154 2296; x_wconf 83' lang='lat' dir='ltr'><strong>bonitatem.</strong></span> <span class='ocrx_word' id='word_1_185' title='bbox 1189 2254 1295 2296; x_wconf 85' lang='lat' dir='ltr'><strong>Nam</strong></span> 
     </span>
     <span class='ocr_line' id='line_1_30' title="bbox 202 2323 1293 2384; baseline 0.002 -19"><span class='ocrx_word' id='word_1_186' title='bbox 202 2323 243 2364; x_wconf 85' lang='lat' dir='ltr'><strong>si</strong></span> <span class='ocrx_word' id='word_1_187' title='bbox 262 2336 342 2378; x_wconf 88' lang='lat' dir='ltr'><strong>pro</strong></span> <span class='ocrx_word' id='word_1_188' title='bbox 351 2324 444 2365; x_wconf 78' lang='lat' dir='ltr'><strong>irae</strong></span> <span class='ocrx_word' id='word_1_189' title='bbox 468 2323 757 2377; x_wconf 85' lang='lat' dir='ltr'><strong>magnitudine</strong></span> <span class='ocrx_word' id='word_1_190' title='bbox 777 2324 968 2378; x_wconf 54' lang='lat' dir='ltr'><strong>quaestio</strong></span> <span class='ocrx_word' id='word_1_191' title='bbox 983 2324 1269 2384; x_wconf 80' lang='lat' dir='ltr'><strong>institueretur</strong></span> <span class='ocrx_word' id='word_1_192' title='bbox 1280 2356 1293 2379; x_wconf 91' lang='lat'><strong>,</strong></span> 
     </span>
     <span class='ocr_line' id='line_1_31' title="bbox 204 2387 1302 2450; baseline 0.002 -14"><span class='ocrx_word' id='word_1_193' title='bbox 204 2395 397 2437; x_wconf 87' lang='lat' dir='ltr'><strong>funditus</strong></span> <span class='ocrx_word' id='word_1_194' title='bbox 425 2399 468 2437; x_wconf 87' lang='lat' dir='ltr'><strong>et</strong></span> <span class='ocrx_word' id='word_1_195' title='bbox 495 2395 594 2436; x_wconf 90' lang='lat' dir='ltr'><strong>ilico</strong></span> <span class='ocrx_word' id='word_1_196' title='bbox 624 2394 812 2449; x_wconf 80' lang='lat' dir='ltr'><strong>perirent</strong></span> <span class='ocrx_word' id='word_1_197' title='bbox 840 2394 1040 2449; x_wconf 82' lang='lat' dir='ltr'><strong>improbi.</strong></span> <span class='ocrx_word' id='word_1_198' title='bbox 1071 2394 1201 2447; x_wconf 83' lang='lat' dir='ltr'><strong>Quod</strong></span> <span class='ocrx_word' id='word_1_199' title='bbox 1228 2387 1302 2450; x_wconf 46' lang='lat' dir='ltr'><strong>ip?</strong></span> 
     </span>
     <span class='ocr_line' id='line_1_32' title="bbox 204 2464 1297 2521; baseline 0.003 -15"><span class='ocrx_word' id='word_1_200' title='bbox 204 2478 301 2508; x_wconf 84' lang='lat' dir='ltr'><strong>sum</strong></span> <span class='ocrx_word' id='word_1_201' title='bbox 337 2465 717 2507; x_wconf 81' lang='lat' dir='ltr'><strong>animadvertentes</strong></span> <span class='ocrx_word' id='word_1_202' title='bbox 736 2497 750 2519; x_wconf 89' lang='lat'><strong>,</strong></span> <span class='ocrx_word' id='word_1_203' title='bbox 787 2465 880 2506; x_wconf 89' lang='lat' dir='ltr'><strong>Deo</strong></span> <span class='ocrx_word' id='word_1_204' title='bbox 921 2464 1154 2508; x_wconf 84' lang='lat' dir='ltr'><strong>bonitatem</strong></span> <span class='ocrx_word' id='word_1_205' title='bbox 1196 2479 1297 2521; x_wconf 86' lang='lat' dir='ltr'><strong>prae</strong></span> 
     </span>
     <span class='ocr_line' id='line_1_33' title="bbox 203 2535 1296 2591; baseline 0.002 -14"><span class='ocrx_word' id='word_1_206' title='bbox 203 2549 251 2578; x_wconf 88' lang='lat' dir='ltr'><strong>se</strong></span> <span class='ocrx_word' id='word_1_207' title='bbox 294 2535 478 2590; x_wconf 87' lang='lat' dir='ltr'><strong>ferenti,</strong></span> <span class='ocrx_word' id='word_1_208' title='bbox 522 2536 700 2578; x_wconf 86' lang='lat' dir='ltr'><strong>dicunt:</strong></span> <span class='ocrx_word' id='word_1_209' title='bbox 749 2554 763 2570; x_wconf 75' lang='lat' dir='ltr'>n</span> <span class='ocrx_word' id='word_1_210' title='bbox 786 2537 824 2578; x_wconf 87' lang='lat' dir='ltr'><strong>si</strong></span> <span class='ocrx_word' id='word_1_211' title='bbox 868 2536 1108 2591; x_wconf 84' lang='lat' dir='ltr'><strong>iniquitates</strong></span> <span class='ocrx_word' id='word_1_212' title='bbox 1146 2536 1296 2579; x_wconf 84' lang='lat' dir='ltr'><strong>obser-</strong></span> 
     </span>
     <span class='ocr_line' id='line_1_34' title="bbox 213 2606 1296 2662; baseline 0.004 -15"><span class='ocrx_word' id='word_1_213' title='bbox 213 2626 228 2642; x_wconf 80' lang='lat'>»</span> <span class='ocrx_word' id='word_1_214' title='bbox 267 2607 430 2648; x_wconf 83' lang='lat' dir='ltr'><strong>vaveris</strong></span> <span class='ocrx_word' id='word_1_215' title='bbox 468 2606 648 2648; x_wconf 92' lang='lat' dir='ltr'><strong>Domine</strong></span> <span class='ocrx_word' id='word_1_216' title='bbox 672 2637 684 2660; x_wconf 92' lang='lat'><strong>,</strong></span> <span class='ocrx_word' id='word_1_217' title='bbox 729 2607 908 2649; x_wconf 90' lang='lat' dir='ltr'><strong>Domine</strong></span> <span class='ocrx_word' id='word_1_218' title='bbox 925 2637 937 2660; x_wconf 93' lang='lat'><strong>,</strong></span> <span class='ocrx_word' id='word_1_219' title='bbox 977 2607 1073 2662; x_wconf 85' lang='lat' dir='ltr'><strong>quis</strong></span> <span class='ocrx_word' id='word_1_220' title='bbox 1112 2609 1296 2651; x_wconf 84' lang='lat' dir='ltr'><strong>sustiue-</strong></span> 
     </span>
     <span class='ocr_line' id='line_1_35' title="bbox 213 2677 397 2719; baseline -0.043 1"><span class='ocrx_word' id='word_1_221' title='bbox 213 2697 228 2713; x_wconf 70' lang='grc' dir='ltr'><strong><em>»ι</em></strong></span> <span class='ocrx_word' id='word_1_222' title='bbox 264 2677 358 2719; x_wconf 82' lang='lat' dir='ltr'><strong>bit?</strong></span> <span class='ocrx_word' id='word_1_223' title='bbox 381 2696 397 2712; x_wconf 58' lang='grc' dir='ltr'><strong><em>ι,</em></strong></span> 
     </span>
    </p>

    <p class='ocr_par' dir='ltr' id='par_1_4' title="bbox 204 2748 1302 3864">
     <span class='ocr_line' id='line_1_36' title="bbox 260 2748 1295 2805; baseline 0.005 -17"><span class='ocrx_word' id='word_1_224' title='bbox 260 2748 348 2789; x_wconf 82' lang='lat' dir='ltr'><strong>Cur</strong></span> <span class='ocrx_word' id='word_1_225' title='bbox 378 2751 519 2790; x_wconf 89' lang='lat' dir='ltr'><strong>autem</strong></span> <span class='ocrx_word' id='word_1_226' title='bbox 547 2748 779 2793; x_wconf 82' lang='lat' dir='ltr'><strong>&#39;Dominum</strong></span> <span class='ocrx_word' id='word_1_227' title='bbox 819 2748 1036 2791; x_wconf 83' lang='lat' dir='ltr'><strong>exacerbet</strong></span> <span class='ocrx_word' id='word_1_228' title='bbox 1066 2754 1268 2804; x_wconf 87' lang='lat' dir='ltr'><strong>peccator</strong></span> <span class='ocrx_word' id='word_1_229' title='bbox 1282 2781 1295 2805; x_wconf 89' lang='lat'>‚</span> 
     </span>
     <span class='ocr_line' id='line_1_37' title="bbox 206 2817 1298 2873; baseline 0.004 -15"><span class='ocrx_word' id='word_1_230' title='bbox 206 2829 335 2859; x_wconf 84' lang='lat' dir='ltr'><strong>causa</strong></span> <span class='ocrx_word' id='word_1_231' title='bbox 364 2817 470 2858; x_wconf 89' lang='lat' dir='ltr'><strong>haec</strong></span> <span class='ocrx_word' id='word_1_232' title='bbox 501 2821 592 2870; x_wconf 91' lang='lat' dir='ltr'><strong>est,</strong></span> <span class='ocrx_word' id='word_1_233' title='bbox 625 2819 744 2872; x_wconf 90' lang='lat' dir='ltr'><strong>quod</strong></span> <span class='ocrx_word' id='word_1_234' title='bbox 773 2818 894 2860; x_wconf 90' lang='lat' dir='ltr'><strong>illum</strong></span> <span class='ocrx_word' id='word_1_235' title='bbox 911 2830 1014 2873; x_wconf 82' lang='lat' dir='ltr'><strong>prae</strong></span> <span class='ocrx_word' id='word_1_236' title='bbox 1044 2818 1178 2862; x_wconf 87' lang='lat' dir='ltr'><strong>oculis</strong></span> <span class='ocrx_word' id='word_1_237' title='bbox 1209 2833 1298 2862; x_wconf 91' lang='lat' dir='ltr'><strong>non</strong></span> 
     </span>
     <span class='ocr_line' id='line_1_38' title="bbox 206 2887 1298 2945; baseline 0.002 -15"><span class='ocrx_word' id='word_1_238' title='bbox 206 2888 356 2942; x_wconf 80' lang='lat' dir='ltr'><strong>babet,</strong></span> <span class='ocrx_word' id='word_1_239' title='bbox 390 2887 491 2942; x_wconf 87' lang='lat' dir='ltr'><strong>quia</strong></span> <span class='ocrx_word' id='word_1_240' title='bbox 520 2900 564 2930; x_wconf 93' lang='lat' dir='ltr'><strong>se</strong></span> <span class='ocrx_word' id='word_1_241' title='bbox 596 2889 749 2930; x_wconf 81' lang='lat' dir='ltr'><strong>avertit</strong></span> <span class='ocrx_word' id='word_1_242' title='bbox 778 2901 804 2930; x_wconf 88' lang='lat' dir='ltr'><strong>a</strong></span> <span class='ocrx_word' id='word_1_243' title='bbox 824 2890 930 2931; x_wconf 86' lang='lat' dir='ltr'><strong>Deo.</strong></span> <span class='ocrx_word' id='word_1_244' title='bbox 963 2889 1026 2931; x_wconf 87' lang='lat' dir='ltr'><strong>Ita</strong></span> <span class='ocrx_word' id='word_1_245' title='bbox 1046 2889 1158 2932; x_wconf 89' lang='lat' dir='ltr'><strong>enim</strong></span> <span class='ocrx_word' id='word_1_246' title='bbox 1178 2890 1298 2945; x_wconf 88' lang='lat' dir='ltr'><strong>quis-</strong></span> 
     </span>
     <span class='ocr_line' id='line_1_39' title="bbox 207 2960 1299 3016; baseline 0.004 -16"><span class='ocrx_word' id='word_1_247' title='bbox 207 2961 305 3015; x_wconf 87' lang='lat' dir='ltr'><strong>quis</strong></span> <span class='ocrx_word' id='word_1_248' title='bbox 333 2964 482 3014; x_wconf 86' lang='lat' dir='ltr'><strong>peccat</strong></span> <span class='ocrx_word' id='word_1_249' title='bbox 519 2971 562 3001; x_wconf 91' lang='lat' dir='ltr'><strong>se</strong></span> <span class='ocrx_word' id='word_1_250' title='bbox 598 2960 723 3013; x_wconf 85' lang='lat' dir='ltr'><strong>gerit.</strong></span> <span class='ocrx_word' id='word_1_251' title='bbox 759 2961 817 3002; x_wconf 90' lang='lat' dir='ltr'><strong>Ea</strong></span> <span class='ocrx_word' id='word_1_252' title='bbox 846 2965 1024 3016; x_wconf 86' lang='lat' dir='ltr'><strong>propter</strong></span> <span class='ocrx_word' id='word_1_253' title='bbox 1054 2960 1106 3003; x_wconf 92' lang='lat' dir='ltr'><strong>de</strong></span> <span class='ocrx_word' id='word_1_254' title='bbox 1137 2963 1299 3004; x_wconf 89' lang='lat' dir='ltr'><strong>cunctis</strong></span> 
     </span>
     <span class='ocr_line' id='line_1_40' title="bbox 204 3030 1298 3084; baseline 0.001 -11"><span class='ocrx_word' id='word_1_255' title='bbox 204 3030 448 3073; x_wconf 84' lang='lat' dir='ltr'><strong>huiusmodi</strong></span> <span class='ocrx_word' id='word_1_256' title='bbox 486 3031 543 3072; x_wconf 84' lang='lat' dir='ltr'><strong>ait</strong></span> <span class='ocrx_word' id='word_1_257' title='bbox 576 3032 713 3084; x_wconf 91' lang='lat' dir='ltr'><strong>Deus,</strong></span> <span class='ocrx_word' id='word_1_258' title='bbox 763 3050 779 3067; x_wconf 69' lang='grc' dir='ltr'><strong>α</strong></span> <span class='ocrx_word' id='word_1_259' title='bbox 803 3036 1103 3074; x_wconf 84' lang='lat' dir='ltr'><strong>converterunt</strong></span> <span class='ocrx_word' id='word_1_260' title='bbox 1141 3032 1196 3074; x_wconf 86' lang='lat' dir='ltr'><strong>ad</strong></span> <span class='ocrx_word' id='word_1_261' title='bbox 1230 3045 1298 3074; x_wconf 91' lang='lat' dir='ltr'><strong>me</strong></span> 
     </span>
     <span class='ocr_line' id='line_1_41' title="bbox 214 3101 1299 3159; baseline 0.001 -15"><span class='ocrx_word' id='word_1_262' title='bbox 214 3122 229 3137; x_wconf 80' lang='grc'><em>»</em></span> <span class='ocrx_word' id='word_1_263' title='bbox 266 3102 420 3155; x_wconf 82' lang='lat' dir='ltr'><strong>dorsa,</strong></span> <span class='ocrx_word' id='word_1_264' title='bbox 453 3105 496 3143; x_wconf 91' lang='lat' dir='ltr'><strong>et</strong></span> <span class='ocrx_word' id='word_1_265' title='bbox 534 3114 623 3143; x_wconf 84' lang='lat' dir='ltr'><strong>non</strong></span> <span class='ocrx_word' id='word_1_266' title='bbox 659 3101 814 3144; x_wconf 89' lang='lat' dir='ltr'><strong>vultus.</strong></span> <span class='ocrx_word' id='word_1_267' title='bbox 839 3122 855 3138; x_wconf 88' lang='lat'>»</span> <span class='ocrx_word' id='word_1_268' title='bbox 899 3103 1036 3146; x_wconf 87' lang='lat' dir='ltr'><strong>Huius</strong></span> <span class='ocrx_word' id='word_1_269' title='bbox 1073 3104 1299 3159; x_wconf 84' lang='lat' dir='ltr'><strong>impietatis</strong></span> 
     </span>
     <span class='ocr_line' id='line_1_42' title="bbox 204 3172 1296 3229; baseline 0.003 -15"><span class='ocrx_word' id='word_1_270' title='bbox 204 3173 307 3214; x_wconf 78' lang='lat' dir='ltr'><strong>Cain</strong></span> <span class='ocrx_word' id='word_1_271' title='bbox 337 3183 515 3226; x_wconf 87' lang='lat' dir='ltr'><strong>parens,</strong></span> <span class='ocrx_word' id='word_1_272' title='bbox 548 3172 650 3214; x_wconf 80' lang='lat' dir='ltr'><strong>exiit</strong></span> <span class='ocrx_word' id='word_1_273' title='bbox 675 3185 699 3214; x_wconf 88' lang='lat' dir='ltr'><strong>a</strong></span> <span class='ocrx_word' id='word_1_274' title='bbox 727 3177 957 3227; x_wconf 86' lang='lat' dir='ltr'><strong>conspectu</strong></span> <span class='ocrx_word' id='word_1_275' title='bbox 987 3174 1148 3217; x_wconf 89' lang='lat' dir='ltr'><strong>domini</strong></span> <span class='ocrx_word' id='word_1_276' title='bbox 1187 3176 1296 3229; x_wconf 90' lang='lat' dir='ltr'><strong>Dei,</strong></span> 
     </span>
     <span class='ocr_line' id='line_1_43' title="bbox 207 3242 1299 3295; baseline 0.005 -12"><span class='ocrx_word' id='word_1_277' title='bbox 207 3242 252 3284; x_wconf 85' lang='lat' dir='ltr'><strong>id</strong></span> <span class='ocrx_word' id='word_1_278' title='bbox 275 3247 338 3284; x_wconf 87' lang='lat' dir='ltr'><strong>est</strong></span> <span class='ocrx_word' id='word_1_279' title='bbox 353 3242 405 3284; x_wconf 89' lang='lat' dir='ltr'><strong>ab</strong></span> <span class='ocrx_word' id='word_1_280' title='bbox 428 3242 502 3283; x_wconf 88' lang='lat' dir='ltr'><strong>illo</strong></span> <span class='ocrx_word' id='word_1_281' title='bbox 522 3254 567 3284; x_wconf 91' lang='lat' dir='ltr'><strong>se</strong></span> <span class='ocrx_word' id='word_1_282' title='bbox 591 3243 757 3284; x_wconf 84' lang='lat' dir='ltr'><strong>avertit.</strong></span> <span class='ocrx_word' id='word_1_283' title='bbox 779 3242 904 3295; x_wconf 82' lang='lat' dir='ltr'><strong>Quod</strong></span> <span class='ocrx_word' id='word_1_284' title='bbox 923 3244 960 3286; x_wconf 87' lang='lat' dir='ltr'><strong>si</strong></span> <span class='ocrx_word' id='word_1_285' title='bbox 979 3244 1037 3289; x_wconf 76' lang='lat' dir='ltr'><strong>dev</strong></span> <span class='ocrx_word' id='word_1_286' title='bbox 1055 3245 1299 3288; x_wconf 87' lang='lat' dir='ltr'><strong>hominibus</strong></span> 
     </span>
     <span class='ocr_line' id='line_1_44' title="bbox 207 3311 1300 3370; baseline 0.004 -16"><span class='ocrx_word' id='word_1_287' title='bbox 207 3311 498 3367; x_wconf 78' lang='lat' dir='ltr'><strong>peccatoribus</strong></span> <span class='ocrx_word' id='word_1_288' title='bbox 532 3311 730 3354; x_wconf 85' lang='lat' dir='ltr'><strong>dicuntur</strong></span> <span class='ocrx_word' id='word_1_289' title='bbox 761 3312 887 3367; x_wconf 90' lang='lat' dir='ltr'><strong>haec,</strong></span> <span class='ocrx_word' id='word_1_290' title='bbox 919 3314 1056 3357; x_wconf 88' lang='lat' dir='ltr'><strong>multo</strong></span> <span class='ocrx_word' id='word_1_291' title='bbox 1084 3316 1228 3370; x_wconf 85' lang='lat' dir='ltr'><strong>potius</strong></span> <span class='ocrx_word' id='word_1_292' title='bbox 1257 3320 1300 3358; x_wconf 93' lang='lat' dir='ltr'><strong>et</strong></span> 
     </span>
     <span class='ocr_line' id='line_1_45' title="bbox 207 3379 1300 3442; baseline 0.005 -17"><span class='ocrx_word' id='word_1_293' title='bbox 207 3383 261 3425; x_wconf 90' lang='lat' dir='ltr'><strong>de</strong></span> <span class='ocrx_word' id='word_1_294' title='bbox 298 3379 472 3425; x_wconf 82' lang='lat' dir='ltr'><strong>diabolo</strong></span> <span class='ocrx_word' id='word_1_295' title='bbox 511 3384 648 3425; x_wconf 90' lang='lat' dir='ltr'><strong>Deum</strong></span> <span class='ocrx_word' id='word_1_296' title='bbox 688 3389 959 3439; x_wconf 85' lang='lat' dir='ltr'><strong>exasperante</strong></span> <span class='ocrx_word' id='word_1_297' title='bbox 987 3398 1168 3441; x_wconf 91' lang='lat' dir='ltr'><strong>eumque</strong></span> <span class='ocrx_word' id='word_1_298' title='bbox 1196 3399 1300 3442; x_wconf 89' lang='lat' dir='ltr'><strong>prae</strong></span> 
     </span>
     <span class='ocr_line' id='line_1_46' title="bbox 207 3453 1301 3512; baseline 0.005 -17"><span class='ocrx_word' id='word_1_299' title='bbox 207 3454 343 3496; x_wconf 88' lang='lat' dir='ltr'><strong>oeulis</strong></span> <span class='ocrx_word' id='word_1_300' title='bbox 365 3466 453 3496; x_wconf 89' lang='lat' dir='ltr'><strong>non</strong></span> <span class='ocrx_word' id='word_1_301' title='bbox 474 3453 682 3496; x_wconf 84' lang='lat' dir='ltr'><strong>habente:</strong></span> <span class='ocrx_word' id='word_1_302' title='bbox 713 3467 808 3498; x_wconf 89' lang='lat' dir='ltr'><strong>nam</strong></span> <span class='ocrx_word' id='word_1_303' title='bbox 836 3455 890 3498; x_wconf 93' lang='lat' dir='ltr'><strong>de</strong></span> <span class='ocrx_word' id='word_1_304' title='bbox 911 3456 1006 3511; x_wconf 89' lang='lat' dir='ltr'><strong>ipso</strong></span> <span class='ocrx_word' id='word_1_305' title='bbox 1034 3457 1301 3512; x_wconf 86' lang='lat' dir='ltr'><strong>potissimum</strong></span> 
     </span>
     <span class='ocr_line' id='line_1_47' title="bbox 207 3524 1302 3582; baseline 0.004 -15"><span class='ocrx_word' id='word_1_306' title='bbox 207 3529 431 3579; x_wconf 86' lang='lat' dir='ltr'><strong>sequentes</strong></span> <span class='ocrx_word' id='word_1_307' title='bbox 451 3525 654 3568; x_wconf 84' lang='lat' dir='ltr'><strong>lectiones</strong></span> <span class='ocrx_word' id='word_1_308' title='bbox 674 3524 893 3569; x_wconf 88' lang='lat' dir='ltr'><strong>dicuntur:</strong></span> <span class='ocrx_word' id='word_1_309' title='bbox 912 3526 1188 3582; x_wconf 88' lang='lat' dir='ltr'><strong>inquinantur</strong></span> <span class='ocrx_word' id='word_1_310' title='bbox 1208 3529 1302 3571; x_wconf 85' lang='lat' dir='ltr'><strong>viae</strong></span> 
     </span>
     <span class='ocr_line' id='line_1_48' title="bbox 208 3594 1302 3650; baseline 0.005 -14"><span class='ocrx_word' id='word_1_311' title='bbox 208 3594 321 3638; x_wconf 90' lang='lat' dir='ltr'><strong>illius</strong></span> <span class='ocrx_word' id='word_1_312' title='bbox 346 3596 694 3650; x_wconf 85' lang='lat' dir='ltr'><strong>omnitempore.</strong></span> <span class='ocrx_word' id='word_1_313' title='bbox 728 3597 832 3638; x_wconf 79' lang='lat' dir='ltr'><strong>Nam</strong></span> <span class='ocrx_word' id='word_1_314' title='bbox 868 3597 1086 3640; x_wconf 86' lang='lat' dir='ltr'><strong>cuiusnam</strong></span> <span class='ocrx_word' id='word_1_315' title='bbox 1116 3598 1302 3642; x_wconf 86' lang='lat' dir='ltr'><strong>hominis</strong></span> 
     </span>
     <span class='ocr_line' id='line_1_49' title="bbox 210 3667 1300 3725; baseline 0.005 -17"><span class='ocrx_word' id='word_1_316' title='bbox 210 3667 326 3709; x_wconf 90' lang='lat' dir='ltr'><strong>omni</strong></span> <span class='ocrx_word' id='word_1_317' title='bbox 343 3671 537 3723; x_wconf 90' lang='lat' dir='ltr'><strong>tempore</strong></span> <span class='ocrx_word' id='word_1_318' title='bbox 558 3668 835 3725; x_wconf 81' lang='lat' dir='ltr'><strong>inquinantur</strong></span> <span class='ocrx_word' id='word_1_319' title='bbox 851 3668 977 3711; x_wconf 83' lang='lat' dir='ltr'><strong>viae?</strong></span> <span class='ocrx_word' id='word_1_320' title='bbox 995 3670 1196 3724; x_wconf 88' lang='lat' dir='ltr'><strong>quoniam</strong></span> <span class='ocrx_word' id='word_1_321' title='bbox 1218 3670 1300 3713; x_wconf 89' lang='lat' dir='ltr'><strong>im-</strong></span> 
     </span>
     <span class='ocr_line' id='line_1_50' title="bbox 205 3737 1298 3796; baseline 0.005 -17"><span class='ocrx_word' id='word_1_322' title='bbox 205 3737 270 3791; x_wconf 92' lang='lat' dir='ltr'><strong>pii</strong></span> <span class='ocrx_word' id='word_1_323' title='bbox 298 3749 470 3793; x_wconf 88' lang='lat' dir='ltr'><strong>quoque</strong></span> <span class='ocrx_word' id='word_1_324' title='bbox 494 3739 627 3781; x_wconf 89' lang='lat' dir='ltr'><strong>multa</strong></span> <span class='ocrx_word' id='word_1_325' title='bbox 657 3751 781 3794; x_wconf 92' lang='lat' dir='ltr'><strong>saepe</strong></span> <span class='ocrx_word' id='word_1_326' title='bbox 806 3739 982 3782; x_wconf 89' lang='lat' dir='ltr'><strong>honeste</strong></span> <span class='ocrx_word' id='word_1_327' title='bbox 1012 3745 1159 3796; x_wconf 88' lang='lat' dir='ltr'><strong>agunt.</strong></span> <span class='ocrx_word' id='word_1_328' title='bbox 1192 3743 1298 3784; x_wconf 89' lang='lat' dir='ltr'><strong>Per-</strong></span> 
     </span>
     <span class='ocr_line' id='line_1_51' title="bbox 211 3803 1298 3864; baseline 0.005 -14"><span class='ocrx_word' id='word_1_329' title='bbox 211 3803 272 3860; x_wconf 70' lang='lat' dir='ltr'><strong>git</strong></span> <span class='ocrx_word' id='word_1_330' title='bbox 291 3812 431 3851; x_wconf 87' lang='lat' dir='ltr'><strong>autem</strong></span> <span class='ocrx_word' id='word_1_331' title='bbox 451 3810 626 3864; x_wconf 84' lang='lat' dir='ltr'><strong>profane</strong></span> <span class='ocrx_word' id='word_1_332' title='bbox 650 3822 736 3852; x_wconf 90' lang='lat' dir='ltr'><strong>non</strong></span> <span class='ocrx_word' id='word_1_333' title='bbox 763 3810 816 3853; x_wconf 88' lang='lat' dir='ltr'><strong>ad</strong></span> <span class='ocrx_word' id='word_1_334' title='bbox 843 3803 1017 3864; x_wconf 82' lang='lat' dir='ltr'><strong>vitiosos</strong></span> <span class='ocrx_word' id='word_1_335' title='bbox 1041 3816 1298 3855; x_wconf 86' lang='lat' dir='ltr'><strong>tantummo-</strong></span> 
     </span>
    </p>
   </div>
   <div class='ocr_carea' id='block_1_3' title="bbox 1362 238 2478 1033">
    <p class='ocr_par' dir='ltr' id='par_1_5' title="bbox 1362 238 2478 1033">
     <span class='ocr_line' id='line_1_52' title="bbox 2385 238 2476 283; baseline 0 -1"><span class='ocrx_word' id='word_1_336' title='bbox 2385 238 2476 283; x_wconf 79' lang='grc'><strong>157</strong></span> 
     </span>
     <span class='ocr_line' id='line_1_53' title="bbox 1362 331 2478 405; baseline 0.006 -24"><span class='ocrx_word' id='word_1_337' title='bbox 1362 354 1476 396; x_wconf 80' lang='grc' dir='ltr'><strong><em>ματα</em></strong></span> <span class='ocrx_word' id='word_1_338' title='bbox 1509 336 1576 387; x_wconf 81' lang='grc' dir='ltr'><strong>τῆς</strong></span> <span class='ocrx_word' id='word_1_339' title='bbox 1610 331 1832 394; x_wconf 74' lang='grc' dir='ltr'><strong><em>εὐσεβείας·</em></strong></span> <span class='ocrx_word' id='word_1_340' title='bbox 1874 355 1978 385; x_wconf 86' lang='grc' dir='ltr'><strong><em>ουτοι</em></strong></span> <span class='ocrx_word' id='word_1_341' title='bbox 2012 334 2091 402; x_wconf 76' lang='grc' dir='ltr'><strong>γὰρ</strong></span> <span class='ocrx_word' id='word_1_342' title='bbox 2127 339 2208 390; x_wconf 81' lang='grc' dir='ltr'><strong><em>τοῖς</em></strong></span> <span class='ocrx_word' id='word_1_343' title='bbox 2247 357 2320 391; x_wconf 74' lang='grc' dir='ltr'><strong>της</strong></span> <span class='ocrx_word' id='word_1_344' title='bbox 2358 359 2400 387; x_wconf 76' lang='grc' dir='ltr'><strong><em>σε</em></strong></span> <span class='ocrx_word' id='word_1_345' title='bbox 2385 340 2478 405; x_wconf 57' lang='lat' dir='ltr'><strong>&lt;fig</strong></span> 
     </span>
     <span class='ocr_line' id='line_1_54' title="bbox 1363 408 2476 491; baseline 0.004 -37"><span class='ocrx_word' id='word_1_346' title='bbox 1363 425 1550 491; x_wconf 86' lang='grc' dir='ltr'><strong><em>προνοιας</em></strong></span> <span class='ocrx_word' id='word_1_347' title='bbox 1588 424 1910 468; x_wconf 74' lang='grc' dir='ltr'><strong><em>ωροσκοωτουσιν</em></strong></span> <span class='ocrx_word' id='word_1_348' title='bbox 1956 427 2176 473; x_wconf 85' lang='grc' dir='ltr'><strong><em>κριμασιν,</em></strong></span> <span class='ocrx_word' id='word_1_349' title='bbox 2220 408 2476 465; x_wconf 75' lang='grc' dir='ltr'><strong><em>ἐσαινουντες</em></strong></span> 
     </span>
     <span class='ocr_line' id='line_1_55' title="bbox 1371 472 2474 543; baseline 0.005 -21"><span class='ocrx_word' id='word_1_350' title='bbox 1371 496 1442 524; x_wconf 90' lang='grc' dir='ltr'><strong>τον</strong></span> <span class='ocrx_word' id='word_1_351' title='bbox 1473 472 1710 539; x_wconf 77' lang='grc' dir='ltr'><strong><em>ἁμαρτωλόν</em></strong></span> <span class='ocrx_word' id='word_1_352' title='bbox 1744 475 1800 540; x_wconf 77' lang='grc' dir='ltr'><strong>ἐφ’</strong></span> <span class='ocrx_word' id='word_1_353' title='bbox 1831 498 1892 529; x_wconf 82' lang='grc' dir='ltr'><strong>οις</strong></span> <span class='ocrx_word' id='word_1_354' title='bbox 1925 478 2137 539; x_wconf 67' lang='grc' dir='ltr'><strong><em>ἐπιθυμεῖ·</em></strong></span> <span class='ocrx_word' id='word_1_355' title='bbox 2169 481 2334 543; x_wconf 74' lang='grc' dir='ltr'><strong><em>φανεροῦ</em></strong></span> <span class='ocrx_word' id='word_1_356' title='bbox 2360 477 2474 535; x_wconf 78' lang='grc' dir='ltr'><strong><em>ὄντος</em></strong></span> 
     </span>
     <span class='ocr_line' id='line_1_56' title="bbox 1369 542 2475 612; baseline 0.005 -19"><span class='ocrx_word' id='word_1_357' title='bbox 1369 567 1422 599; x_wconf 85' lang='grc' dir='ltr'><strong><em>ως</em></strong></span> <span class='ocrx_word' id='word_1_358' title='bbox 1454 546 1498 593; x_wconf 78' lang='grc' dir='ltr'><strong>οὐ</strong></span> <span class='ocrx_word' id='word_1_359' title='bbox 1529 565 1603 593; x_wconf 89' lang='grc' dir='ltr'><strong>των</strong></span> <span class='ocrx_word' id='word_1_360' title='bbox 1637 545 1800 611; x_wconf 85' lang='grc' dir='ltr'><strong><em>αἶρετων</em></strong></span> <span class='ocrx_word' id='word_1_361' title='bbox 1833 542 1940 593; x_wconf 61' lang='grc' dir='ltr'><strong><em>ἄλλοι</em></strong></span> <span class='ocrx_word' id='word_1_362' title='bbox 1971 550 2046 595; x_wconf 78' lang='grc' dir='ltr'><strong>τῶν</strong></span> <span class='ocrx_word' id='word_1_363' title='bbox 2078 545 2203 598; x_wconf 63' lang='lat' dir='ltr'><strong>videam</strong></span> <span class='ocrx_word' id='word_1_364' title='bbox 2239 546 2306 596; x_wconf 75' lang='grc' dir='ltr'><strong><em>καὶ</em></strong></span> <span class='ocrx_word' id='word_1_365' title='bbox 2345 549 2475 612; x_wconf 81' lang='grc' dir='ltr'><strong><em>ἐμπα-</em></strong></span> 
     </span>
     <span class='ocr_line' id='line_1_57' title="bbox 1369 612 2473 682; baseline 0.005 -19"><span class='ocrx_word' id='word_1_366' title='bbox 1369 617 1456 664; x_wconf 63' lang='lat' dir='ltr'><strong>&amp;mv</strong></span> <span class='ocrx_word' id='word_1_367' title='bbox 1491 612 1672 680; x_wconf 74' lang='grc' dir='ltr'><em>ὀρέγεται</em></span> <span class='ocrx_word' id='word_1_368' title='bbox 1707 617 1726 663; x_wconf 86' lang='lat' dir='ltr'><strong>o‘</strong></span> <span class='ocrx_word' id='word_1_369' title='bbox 1765 614 2015 680; x_wconf 69' lang='grc' dir='ltr'><strong><em>ἁμαρτωλός·</em></strong></span> <span class='ocrx_word' id='word_1_370' title='bbox 2064 638 2162 682; x_wconf 74' lang='grc' dir='ltr'><strong><em>σρος</em></strong></span> <span class='ocrx_word' id='word_1_371' title='bbox 2206 616 2390 677; x_wconf 74' lang='grc' dir='ltr'><strong><em>τούτοις,</em></strong></span> <span class='ocrx_word' id='word_1_372' title='bbox 2432 643 2473 669; x_wconf 75' lang='grc' dir='ltr'><strong><em>εκ</em></strong></span> 
     </span>
     <span class='ocr_line' id='line_1_58' title="bbox 1371 683 2476 771; baseline 0.003 -36"><span class='ocrx_word' id='word_1_373' title='bbox 1371 708 1441 736; x_wconf 87' lang='grc' dir='ltr'><strong>του</strong></span> <span class='ocrx_word' id='word_1_374' title='bbox 1483 686 1605 734; x_wconf 71' lang='grc' dir='ltr'><strong><em>αὐτοῦ</em></strong></span> <span class='ocrx_word' id='word_1_375' title='bbox 1640 684 1884 771; x_wconf 75' lang='grc' dir='ltr'>σφάλματος</span> <span class='ocrx_word' id='word_1_376' title='bbox 1931 683 2111 750; x_wconf 75' lang='grc' dir='ltr'><strong><em>εὐλογιαν</em></strong></span> <span class='ocrx_word' id='word_1_377' title='bbox 2155 687 2226 752; x_wconf 53' lang='grc' dir='ltr'><strong>ἦε</strong></span> <span class='ocrx_word' id='word_1_378' title='bbox 2211 691 2340 738; x_wconf 78' lang='grc' dir='ltr'><strong><em>ῧνται</em></strong></span> <span class='ocrx_word' id='word_1_379' title='bbox 2390 711 2476 747; x_wconf 81' lang='grc' dir='ltr'><strong><em>τους</em></strong></span> 
     </span>
     <span class='ocr_line' id='line_1_59' title="bbox 1370 753 2474 827; baseline 0.005 -22"><span class='ocrx_word' id='word_1_380' title='bbox 1370 758 1546 806; x_wconf 77' lang='grc' dir='ltr'><strong><em>σλσῧτον</em></strong></span> <span class='ocrx_word' id='word_1_381' title='bbox 1581 777 1646 804; x_wconf 81' lang='grc' dir='ltr'><strong>και</strong></span> <span class='ocrx_word' id='word_1_382' title='bbox 1685 753 1806 811; x_wconf 70' lang='grc' dir='ltr'><strong><em>δόξαν</em></strong></span> <span class='ocrx_word' id='word_1_383' title='bbox 1842 754 2098 822; x_wconf 66' lang='grc' dir='ltr'><strong><em>ἀνθρωωῖνην</em></strong></span> <span class='ocrx_word' id='word_1_384' title='bbox 2134 779 2202 805; x_wconf 88' lang='grc' dir='ltr'><strong>και</strong></span> <span class='ocrx_word' id='word_1_385' title='bbox 2240 756 2474 827; x_wconf 74' lang='grc' dir='ltr'><strong><em>ωρόσκαιρον</em></strong></span> 
     </span>
     <span class='ocr_line' id='line_1_60' title="bbox 1369 823 2473 914; baseline 0.005 -40"><span class='ocrx_word' id='word_1_386' title='bbox 1369 825 1541 890; x_wconf 82' lang='grc' dir='ltr'><strong><em>ἔχοντας</em></strong></span> <span class='ocrx_word' id='word_1_387' title='bbox 1560 865 1573 884; x_wconf 91' lang='grc'><strong>.,</strong></span> <span class='ocrx_word' id='word_1_388' title='bbox 1609 823 1834 914; x_wconf 73' lang='grc' dir='ltr'>φάσκοντες</span> <span class='ocrx_word' id='word_1_389' title='bbox 1859 848 1902 876; x_wconf 76' lang='grc' dir='ltr'><strong>τε</strong></span> <span class='ocrx_word' id='word_1_390' title='bbox 1905 825 1950 882; x_wconf 79' lang='grc' dir='ltr'><strong><em>ὺς</em></strong></span> <span class='ocrx_word' id='word_1_391' title='bbox 1981 829 2113 876; x_wconf 56' lang='lat' dir='ltr'><strong>&amp;dms</strong></span> <span class='ocrx_word' id='word_1_392' title='bbox 2073 846 2215 882; x_wconf 88' lang='grc' dir='ltr'><strong><em>υντας</em></strong></span> <span class='ocrx_word' id='word_1_393' title='bbox 2246 832 2344 894; x_wconf 77' lang='grc' dir='ltr'><strong><em>πρὸς</em></strong></span> <span class='ocrx_word' id='word_1_394' title='bbox 2375 836 2473 880; x_wconf 66' lang='grc' dir='ltr'><strong><em>θεου</em></strong></span> 
     </span>
     <span class='ocr_line' id='line_1_61' title="bbox 1370 893 2471 985; baseline 0.005 -40"><span class='ocrx_word' id='word_1_395' title='bbox 1370 899 1644 985; x_wconf 52' lang='lat' dir='ltr'><strong>essoyew?m·</strong></span> <span class='ocrx_word' id='word_1_396' title='bbox 1679 896 1755 946; x_wconf 73' lang='grc' dir='ltr'><strong><em>ἔδει</em></strong></span> <span class='ocrx_word' id='word_1_397' title='bbox 1788 893 1834 945; x_wconf 79' lang='grc' dir='ltr'><strong><em>δε</em></strong></span> <span class='ocrx_word' id='word_1_398' title='bbox 1864 894 2035 948; x_wconf 81' lang='grc' dir='ltr'><strong><em>τοπάσαι</em></strong></span> <span class='ocrx_word' id='word_1_399' title='bbox 2068 897 2120 953; x_wconf 80' lang='grc' dir='ltr'><strong><em>ὦς</em></strong></span> <span class='ocrx_word' id='word_1_400' title='bbox 2145 897 2170 948; x_wconf 76' lang='grc' dir='ltr'>ἦ</span> <span class='ocrx_word' id='word_1_401' title='bbox 2202 903 2271 947; x_wconf 70' lang='grc' dir='ltr'><strong>τοῦ</strong></span> <span class='ocrx_word' id='word_1_402' title='bbox 2300 904 2387 949; x_wconf 72' lang='grc' dir='ltr'><strong><em>θεοῦ</em></strong></span> <span class='ocrx_word' id='word_1_403' title='bbox 2411 905 2471 950; x_wconf 81' lang='grc' dir='ltr'><strong><em>εὑ-</em></strong></span> 
     </span>
     <span class='ocr_line' id='line_1_62' title="bbox 1371 964 1884 1033; baseline 0 -17"><span class='ocrx_word' id='word_1_404' title='bbox 1371 966 1486 1033; x_wconf 73' lang='grc' dir='ltr'><strong><em>λογία</em></strong></span> <span class='ocrx_word' id='word_1_405' title='bbox 1522 964 1674 1017; x_wconf 76' lang='grc' dir='ltr'><strong><em>ὂῖδοται</em></strong></span> <span class='ocrx_word' id='word_1_406' title='bbox 1706 966 1884 1025; x_wconf 66' lang='grc' dir='ltr'><strong><em>δικαίοις.</em></strong></span> 
     </span>
    </p>
   </div>
   <div class='ocr_carea' id='block_1_4' title="bbox 1441 1036 2496 1127">
    <p class='ocr_par' dir='ltr' id='par_1_6' title="bbox 1441 1036 2496 1127">
     <span class='ocr_line' id='line_1_63' title="bbox 1441 1036 2496 1127; baseline 0.005 -41"><span class='ocrx_word' id='word_1_407' title='bbox 1441 1039 1493 1086; x_wconf 71' lang='grc' dir='ltr'><strong>Εἰ</strong></span> <span class='ocrx_word' id='word_1_408' title='bbox 1524 1061 1592 1087; x_wconf 83' lang='grc' dir='ltr'><strong>και</strong></span> <span class='ocrx_word' id='word_1_409' title='bbox 1624 1037 1751 1094; x_wconf 80' lang='grc' dir='ltr'><strong><em>ἔδοξεν</em></strong></span> <span class='ocrx_word' id='word_1_410' title='bbox 1783 1036 1938 1105; x_wconf 71' lang='grc' dir='ltr'><strong><em>μακράν</em></strong></span> <span class='ocrx_word' id='word_1_411' title='bbox 1970 1039 2192 1127; x_wconf 77' lang='grc' dir='ltr'><strong><em>ἄφεσταναι</em></strong></span> <span class='ocrx_word' id='word_1_412' title='bbox 2222 1062 2287 1088; x_wconf 85' lang='grc' dir='ltr'><strong>και</strong></span> <span class='ocrx_word' id='word_1_413' title='bbox 2323 1043 2496 1108; x_wconf 66' lang='grc' dir='ltr'><strong>ὑιπερο·Δ</strong></span> 
     </span>
    </p>
   </div>
   <div class='ocr_carea' id='block_1_5' title="bbox 1365 1106 2468 3846">
    <p class='ocr_par' dir='ltr' id='par_1_7' title="bbox 1365 1106 2468 3846">
     <span class='ocr_line' id='line_1_64' title="bbox 1368 1106 2466 1190; baseline 0.007 -38"><span class='ocrx_word' id='word_1_414' title='bbox 1368 1110 1440 1174; x_wconf 80' lang='grc' dir='ltr'><strong>ρᾷν</strong></span> <span class='ocrx_word' id='word_1_415' title='bbox 1471 1106 1565 1163; x_wconf 67' lang='grc' dir='ltr'><strong><em>ἓεος</em></strong></span> <span class='ocrx_word' id='word_1_416' title='bbox 1597 1131 1639 1158; x_wconf 76' lang='grc' dir='ltr'><strong>τε</strong></span> <span class='ocrx_word' id='word_1_417' title='bbox 1642 1131 1684 1163; x_wconf 83' lang='grc' dir='ltr'><strong><em>υς</em></strong></span> <span class='ocrx_word' id='word_1_418' title='bbox 1713 1107 1975 1171; x_wconf 65' lang='grc' dir='ltr'><strong><em>θλιβομένους</em></strong></span> <span class='ocrx_word' id='word_1_419' title='bbox 2011 1106 2077 1158; x_wconf 75' lang='grc' dir='ltr'><strong>δια</strong></span> <span class='ocrx_word' id='word_1_420' title='bbox 2107 1131 2151 1158; x_wconf 90' lang='grc' dir='ltr'><strong>το</strong></span> <span class='ocrx_word' id='word_1_421' title='bbox 2186 1106 2466 1190; x_wconf 64' lang='grc' dir='ltr'><strong><em>ταραττεσὲοιι</em></strong></span> 
     </span>
     <span class='ocr_line' id='line_1_65' title="bbox 1370 1176 2468 1247; baseline 0.005 -22"><span class='ocrx_word' id='word_1_422' title='bbox 1370 1176 1449 1228; x_wconf 74' lang='grc' dir='ltr'><strong>ὖωο</strong></span> <span class='ocrx_word' id='word_1_423' title='bbox 1489 1201 1566 1235; x_wconf 81' lang='grc' dir='ltr'><strong>της</strong></span> <span class='ocrx_word' id='word_1_424' title='bbox 1613 1200 1680 1228; x_wconf 83' lang='grc' dir='ltr'><strong>του</strong></span> <span class='ocrx_word' id='word_1_425' title='bbox 1726 1183 1893 1241; x_wconf 71' lang='grc' dir='ltr'><strong><em>ἀσεβους</em></strong></span> <span class='ocrx_word' id='word_1_426' title='bbox 1928 1178 2233 1247; x_wconf 77' lang='grc' dir='ltr'><strong><em>ὖωερηφανιας,</em></strong></span> <span class='ocrx_word' id='word_1_427' title='bbox 2278 1182 2369 1228; x_wconf 83' lang='grc' dir='ltr'><strong>ἀλλ</strong></span> <span class='ocrx_word' id='word_1_428' title='bbox 2404 1188 2468 1231; x_wconf 68' lang='grc' dir='ltr'><strong>οὖν</strong></span> 
     </span>
     <span class='ocr_line' id='line_1_66' title="bbox 1369 1248 2468 1319; baseline 0.004 -21"><span class='ocrx_word' id='word_1_429' title='bbox 1369 1248 1474 1298; x_wconf 89' lang='grc' dir='ltr'><strong><em>πα’νυ</em></strong></span> <span class='ocrx_word' id='word_1_430' title='bbox 1497 1251 1717 1315; x_wconf 71' lang='grc' dir='ltr'><strong><em>ἀγανακτεῖ</em></strong></span> <span class='ocrx_word' id='word_1_431' title='bbox 1745 1273 1851 1301; x_wconf 90' lang='grc' dir='ltr'><strong><em>κατα</em></strong></span> <span class='ocrx_word' id='word_1_432' title='bbox 1881 1254 1953 1304; x_wconf 69' lang='grc' dir='ltr'><strong><em>τοῦ,</em></strong></span> <span class='ocrx_word' id='word_1_433' title='bbox 1979 1271 2219 1319; x_wconf 81' lang='grc' dir='ltr'><strong><em>υπερηφανου</em></strong></span> <span class='ocrx_word' id='word_1_434' title='bbox 2251 1251 2468 1302; x_wconf 75' lang='grc' dir='ltr'><strong><em>σκανδαλι-</em></strong></span> 
     </span>
     <span class='ocr_line' id='line_1_67' title="bbox 1371 1318 2466 1410; baseline 0.005 -43"><span class='ocrx_word' id='word_1_435' title='bbox 1371 1339 1528 1375; x_wconf 85' lang='grc' dir='ltr'><strong><em>σαντος·</em></strong></span> <span class='ocrx_word' id='word_1_436' title='bbox 1562 1343 1625 1368; x_wconf 85' lang='grc' dir='ltr'><strong>και</strong></span> <span class='ocrx_word' id='word_1_437' title='bbox 1653 1323 1724 1369; x_wconf 89' lang='grc' dir='ltr'><strong>ινα</strong></span> <span class='ocrx_word' id='word_1_438' title='bbox 1753 1318 1862 1370; x_wconf 73' lang='grc' dir='ltr'><strong><em>κατὰ</em></strong></span> <span class='ocrx_word' id='word_1_439' title='bbox 1892 1343 1965 1373; x_wconf 79' lang='grc' dir='ltr'><strong>την</strong></span> <span class='ocrx_word' id='word_1_440' title='bbox 1996 1343 2147 1410; x_wconf 74' lang='grc' dir='ltr'><strong><em>γραφην</em></strong></span> <span class='ocrx_word' id='word_1_441' title='bbox 2181 1344 2302 1384; x_wconf 86' lang='grc' dir='ltr'><strong><em>ειπω,</em></strong></span> <span class='ocrx_word' id='word_1_442' title='bbox 2342 1325 2466 1387; x_wconf 81' lang='grc' dir='ltr'><strong><em>ἐμπυ-</em></strong></span> 
     </span>
     <span class='ocr_line' id='line_1_68' title="bbox 1368 1387 2467 1459; baseline 0.005 -22"><span class='ocrx_word' id='word_1_443' title='bbox 1368 1387 1548 1455; x_wconf 86' lang='grc' dir='ltr'><strong><em>ρι’σαντος</em></strong></span> <span class='ocrx_word' id='word_1_444' title='bbox 1580 1412 1648 1440; x_wconf 88' lang='grc' dir='ltr'><strong>τον</strong></span> <span class='ocrx_word' id='word_1_445' title='bbox 1680 1412 1864 1454; x_wconf 86' lang='grc' dir='ltr'><strong><em>πτωχον,</em></strong></span> <span class='ocrx_word' id='word_1_446' title='bbox 1896 1414 1960 1441; x_wconf 85' lang='grc' dir='ltr'><strong>και</strong></span> <span class='ocrx_word' id='word_1_447' title='bbox 1995 1389 2060 1441; x_wconf 80' lang='grc' dir='ltr'><strong>δια</strong></span> <span class='ocrx_word' id='word_1_448' title='bbox 2090 1415 2135 1441; x_wconf 90' lang='grc' dir='ltr'><strong>το</strong></span> <span class='ocrx_word' id='word_1_449' title='bbox 2167 1396 2292 1448; x_wconf 77' lang='grc' dir='ltr'><strong><em>κακῶς</em></strong></span> <span class='ocrx_word' id='word_1_450' title='bbox 2322 1399 2467 1459; x_wconf 77' lang='grc' dir='ltr'><strong><em>κεχρῆ-</em></strong></span> 
     </span>
     <span class='ocr_line' id='line_1_69' title="bbox 1368 1459 2465 1528; baseline 0.002 -18"><span class='ocrx_word' id='word_1_451' title='bbox 1368 1468 1462 1510; x_wconf 88' lang='grc' dir='ltr'><strong><em>σθαι</em></strong></span> <span class='ocrx_word' id='word_1_452' title='bbox 1486 1465 1568 1516; x_wconf 75' lang='grc' dir='ltr'><strong><em>τοῖς</em></strong></span> <span class='ocrx_word' id='word_1_453' title='bbox 1593 1459 1812 1527; x_wconf 80' lang='grc' dir='ltr'><strong><em>ὑπάρξασιν</em></strong></span> <span class='ocrx_word' id='word_1_454' title='bbox 1837 1463 1946 1525; x_wconf 80' lang='grc' dir='ltr'><strong><em>αὐτῷ</em></strong></span> <span class='ocrx_word' id='word_1_455' title='bbox 1968 1466 2017 1528; x_wconf 74' lang='grc' dir='ltr'><strong>τῇ</strong></span> <span class='ocrx_word' id='word_1_456' title='bbox 2041 1467 2128 1511; x_wconf 85' lang='grc' dir='ltr'><strong><em>θεου</em></strong></span> <span class='ocrx_word' id='word_1_457' title='bbox 2151 1462 2327 1528; x_wconf 64' lang='grc' dir='ltr'><strong><em>προνοῖα·</em></strong></span> <span class='ocrx_word' id='word_1_458' title='bbox 2353 1486 2465 1515; x_wconf 75' lang='grc' dir='ltr'><strong><em>τουτο</em></strong></span> 
     </span>
     <span class='ocr_line' id='line_1_70' title="bbox 1368 1529 2463 1614; baseline 0.005 -36"><span class='ocrx_word' id='word_1_459' title='bbox 1368 1552 1445 1597; x_wconf 74' lang='grc' dir='ltr'><strong><em>γαρ</em></strong></span> <span class='ocrx_word' id='word_1_460' title='bbox 1491 1534 1532 1579; x_wconf 81' lang='grc' dir='ltr'><strong>ἐκ</strong></span> <span class='ocrx_word' id='word_1_461' title='bbox 1566 1535 1640 1582; x_wconf 74' lang='grc' dir='ltr'><strong>τῶν</strong></span> <span class='ocrx_word' id='word_1_462' title='bbox 1686 1532 1777 1588; x_wconf 70' lang='grc' dir='ltr'><strong><em>ἑξῆς</em></strong></span> <span class='ocrx_word' id='word_1_463' title='bbox 1819 1529 1959 1588; x_wconf 79' lang='grc' dir='ltr'>λέξεων</span> <span class='ocrx_word' id='word_1_464' title='bbox 2005 1553 2272 1599; x_wconf 76' lang='grc' dir='ltr'><strong><em>ωαρισταται·</em></strong></span> <span class='ocrx_word' id='word_1_465' title='bbox 2314 1556 2463 1614; x_wconf 85' lang='grc' dir='ltr'><strong><em>ειρηται</em></strong></span> 
     </span>
     <span class='ocr_line' id='line_1_71' title="bbox 1367 1599 2462 1687; baseline 0.005 -37"><span class='ocrx_word' id='word_1_466' title='bbox 1367 1623 1477 1668; x_wconf 76' lang='grc' dir='ltr'><strong><em>γαρ,</em></strong></span> <span class='ocrx_word' id='word_1_467' title='bbox 1513 1599 1715 1668; x_wconf 63' lang='grc' dir='ltr'><strong><em>παρώξυνε</em></strong></span> <span class='ocrx_word' id='word_1_468' title='bbox 1751 1623 1818 1652; x_wconf 91' lang='grc' dir='ltr'><strong>τον</strong></span> <span class='ocrx_word' id='word_1_469' title='bbox 1852 1600 1974 1687; x_wconf 77' lang='grc' dir='ltr'><strong><em>κύριον</em></strong></span> <span class='ocrx_word' id='word_1_470' title='bbox 2008 1603 2026 1651; x_wconf 79' lang='grc' dir='ltr'><em>ὃ</em></span> <span class='ocrx_word' id='word_1_471' title='bbox 2061 1603 2311 1670; x_wconf 73' lang='grc' dir='ltr'><strong><em>ἁμαρτωλός·</em></strong></span> <span class='ocrx_word' id='word_1_472' title='bbox 2349 1611 2462 1661; x_wconf 76' lang='grc' dir='ltr'><strong><em>οὗτος</em></strong></span> 
     </span>
     <span class='ocr_line' id='line_1_72' title="bbox 1368 1670 2463 1739; baseline 0.005 -20"><span class='ocrx_word' id='word_1_473' title='bbox 1368 1674 1401 1719; x_wconf 75' lang='grc' dir='ltr'><strong>δ’</strong></span> <span class='ocrx_word' id='word_1_474' title='bbox 1439 1671 1549 1722; x_wconf 81' lang='grc' dir='ltr'><strong><em>ἐστιν</em></strong></span> <span class='ocrx_word' id='word_1_475' title='bbox 1584 1676 1603 1721; x_wconf 75' lang='grc' dir='ltr'><em>ὅ</em></span> <span class='ocrx_word' id='word_1_476' title='bbox 1640 1670 2024 1739; x_wconf 74' lang='grc' dir='ltr'><strong><em>ῧωερηφανευᾶμενος</em></strong></span> <span class='ocrx_word' id='word_1_477' title='bbox 2062 1671 2214 1734; x_wconf 82' lang='grc' dir='ltr'><strong><em>ἀσεβης</em></strong></span> <span class='ocrx_word' id='word_1_478' title='bbox 2235 1713 2248 1733; x_wconf 87' lang='grc'><strong><em>,</em></strong></span> <span class='ocrx_word' id='word_1_479' title='bbox 2285 1697 2354 1724; x_wconf 82' lang='grc' dir='ltr'><strong>και</strong></span> <span class='ocrx_word' id='word_1_480' title='bbox 2393 1674 2463 1726; x_wconf 77' lang='grc' dir='ltr'><strong>ἑωι</strong></span> 
     </span>
     <span class='ocr_line' id='line_1_73' title="bbox 1368 1741 2464 1830; baseline 0.004 -40"><span class='ocrx_word' id='word_1_481' title='bbox 1368 1763 1460 1797; x_wconf 87' lang='grc' dir='ltr'><strong><em>ταις</em></strong></span> <span class='ocrx_word' id='word_1_482' title='bbox 1493 1741 1718 1806; x_wconf 79' lang='grc' dir='ltr'><strong><em>ἐπιθυμίαις</em></strong></span> <span class='ocrx_word' id='word_1_483' title='bbox 1741 1743 1857 1793; x_wconf 82' lang='grc' dir='ltr'><strong><em>ἔαυτο</em></strong></span> <span class='ocrx_word' id='word_1_484' title='bbox 1861 1747 1884 1791; x_wconf 80' lang='grc' dir='ltr'>ῧ</span> <span class='ocrx_word' id='word_1_485' title='bbox 1916 1742 2200 1830; x_wconf 66' lang='grc' dir='ltr'><strong><em>ἑπαινουμενος·</em></strong></span> <span class='ocrx_word' id='word_1_486' title='bbox 2237 1748 2292 1800; x_wconf 83' lang='grc' dir='ltr'><strong>εἷς</strong></span> <span class='ocrx_word' id='word_1_487' title='bbox 2325 1750 2464 1795; x_wconf 77' lang='grc' dir='ltr'><strong><em>τεσοῧ-</em></strong></span> 
     </span>
     <span class='ocr_line' id='line_1_74' title="bbox 1369 1810 2464 1901; baseline 0.005 -41"><span class='ocrx_word' id='word_1_488' title='bbox 1369 1833 1432 1862; x_wconf 84' lang='grc' dir='ltr'><strong>τον</strong></span> <span class='ocrx_word' id='word_1_489' title='bbox 1465 1810 1508 1861; x_wconf 81' lang='grc' dir='ltr'><strong><em>δε</em></strong></span> <span class='ocrx_word' id='word_1_490' title='bbox 1540 1810 1795 1899; x_wconf 70' lang='grc' dir='ltr'><strong><em>σαρωξυνεν</em></strong></span> <span class='ocrx_word' id='word_1_491' title='bbox 1800 1835 1866 1863; x_wconf 86' lang='grc' dir='ltr'><strong>τον</strong></span> <span class='ocrx_word' id='word_1_492' title='bbox 1893 1812 2052 1901; x_wconf 69' lang='grc' dir='ltr'><strong><em>κύριον,</em></strong></span> <span class='ocrx_word' id='word_1_493' title='bbox 2085 1839 2136 1869; x_wconf 87' lang='grc' dir='ltr'><strong><em>ως</em></strong></span> <span class='ocrx_word' id='word_1_494' title='bbox 2174 1816 2464 1880; x_wconf 74' lang='grc' dir='ltr'><strong><em>ἐωιτεταμὲνην</em></strong></span> 
     </span>
     <span class='ocr_line' id='line_1_75' title="bbox 1367 1879 2461 1953; baseline 0.005 -23"><span class='ocrx_word' id='word_1_495' title='bbox 1367 1879 1481 1949; x_wconf 80' lang='grc' dir='ltr'><strong><em>ὄργην</em></strong></span> <span class='ocrx_word' id='word_1_496' title='bbox 1512 1883 1737 1950; x_wconf 68' lang='grc' dir='ltr'><strong><em>γενέσθαι,</em></strong></span> <span class='ocrx_word' id='word_1_497' title='bbox 1768 1906 1816 1936; x_wconf 81' lang='grc' dir='ltr'><strong>ην</strong></span> <span class='ocrx_word' id='word_1_498' title='bbox 1853 1886 1971 1939; x_wconf 76' lang='grc' dir='ltr'><strong><em>αὐτὸς</em></strong></span> <span class='ocrx_word' id='word_1_499' title='bbox 2009 1886 2133 1950; x_wconf 80' lang='grc' dir='ltr'><strong><em>ἑαυτῷ</em></strong></span> <span class='ocrx_word' id='word_1_500' title='bbox 2169 1883 2461 1953; x_wconf 65' lang='grc' dir='ltr'><strong><em>ἑθησαυρισεν,</em></strong></span> 
     </span>
     <span class='ocr_line' id='line_1_76' title="bbox 1366 1953 2464 2021; baseline 0.005 -20"><span class='ocrx_word' id='word_1_501' title='bbox 1366 1976 1475 2004; x_wconf 86' lang='grc' dir='ltr'><strong><em>κατα</em></strong></span> <span class='ocrx_word' id='word_1_502' title='bbox 1505 1976 1550 2004; x_wconf 93' lang='grc' dir='ltr'><strong>το</strong></span> <span class='ocrx_word' id='word_1_503' title='bbox 1574 1953 1726 2018; x_wconf 67' lang='grc' dir='ltr'><strong><em>λεχθὲν</em></strong></span> <span class='ocrx_word' id='word_1_504' title='bbox 1762 1977 1781 1998; x_wconf 74' lang='grc' dir='ltr'><strong><em>α</em></strong></span> <span class='ocrx_word' id='word_1_505' title='bbox 1809 1953 1916 2004; x_wconf 75' lang='grc' dir='ltr'><strong><em>κατὰ</em></strong></span> <span class='ocrx_word' id='word_1_506' title='bbox 1939 1975 2010 2008; x_wconf 85' lang='grc' dir='ltr'><strong>την</strong></span> <span class='ocrx_word' id='word_1_507' title='bbox 2034 1955 2282 2021; x_wconf 77' lang='grc' dir='ltr'><strong><em>σκληρότητα</em></strong></span> <span class='ocrx_word' id='word_1_508' title='bbox 2304 1979 2374 2006; x_wconf 87' lang='grc' dir='ltr'><strong>σου</strong></span> <span class='ocrx_word' id='word_1_509' title='bbox 2396 1981 2464 2007; x_wconf 82' lang='grc' dir='ltr'><strong>και</strong></span> 
     </span>
     <span class='ocr_line' id='line_1_77' title="bbox 1376 2023 2460 2115; baseline 0.006 -47"><span class='ocrx_word' id='word_1_510' title='bbox 1376 2047 1395 2068; x_wconf 84' lang='lat'>»</span> <span class='ocrx_word' id='word_1_511' title='bbox 1430 2023 1696 2086; x_wconf 72' lang='grc' dir='ltr'><strong><em>ἀαετανόητον</em></strong></span> <span class='ocrx_word' id='word_1_512' title='bbox 1727 2024 1916 2092; x_wconf 77' lang='grc' dir='ltr'><strong><em>καρδιαν,</em></strong></span> <span class='ocrx_word' id='word_1_513' title='bbox 1942 2026 2190 2093; x_wconf 85' lang='grc' dir='ltr'><strong><em>θησαυριζεις</em></strong></span> <span class='ocrx_word' id='word_1_514' title='bbox 2215 2049 2368 2091; x_wconf 86' lang='grc' dir='ltr'><strong><em>σεαυτῳ</em></strong></span> <span class='ocrx_word' id='word_1_515' title='bbox 2390 2030 2460 2115; x_wconf 78' lang='grc' dir='ltr'><strong>ὄρ-</strong></span> 
     </span>
     <span class='ocr_line' id='line_1_78' title="bbox 1377 2093 2463 2162; baseline 0.004 -19"><span class='ocrx_word' id='word_1_516' title='bbox 1377 2118 1395 2138; x_wconf 83' lang='grc'>»</span> <span class='ocrx_word' id='word_1_517' title='bbox 1431 2116 1504 2159; x_wconf 66' lang='grc' dir='ltr'><strong><em>γιον</em></strong></span> <span class='ocrx_word' id='word_1_518' title='bbox 1537 2097 1574 2144; x_wconf 79' lang='grc' dir='ltr'><strong>ἓν</strong></span> <span class='ocrx_word' id='word_1_519' title='bbox 1604 2093 1731 2161; x_wconf 72' lang='grc' dir='ltr'>ημέρᾳ</span> <span class='ocrx_word' id='word_1_520' title='bbox 1762 2099 1894 2162; x_wconf 72' lang='grc' dir='ltr'><strong><em>ὃργης.</em></strong></span> <span class='ocrx_word' id='word_1_521' title='bbox 1913 2119 1931 2140; x_wconf 69' lang='lat' dir='ltr'>n</span> <span class='ocrx_word' id='word_1_522' title='bbox 1970 2094 2083 2149; x_wconf 83' lang='grc' dir='ltr'><strong><em>Πλην</em></strong></span> <span class='ocrx_word' id='word_1_523' title='bbox 2118 2118 2149 2145; x_wconf 91' lang='grc' dir='ltr'><strong>ει</strong></span> <span class='ocrx_word' id='word_1_524' title='bbox 2181 2120 2248 2146; x_wconf 85' lang='grc' dir='ltr'><strong>και</strong></span> <span class='ocrx_word' id='word_1_525' title='bbox 2279 2095 2460 2150; x_wconf 68' lang='grc' dir='ltr'><strong><em>πολλη“</em></strong></span> <span class='ocrx_word' id='word_1_526' title='bbox 2436 2122 2463 2151; x_wconf 85' lang='grc' dir='ltr'><strong>η</strong></span> 
     </span>
     <span class='ocr_line' id='line_1_79' title="bbox 1365 2166 2463 2255; baseline 0.003 -41"><span class='ocrx_word' id='word_1_527' title='bbox 1365 2170 1692 2232; x_wconf 64' lang='grc' dir='ltr'><strong><em>ἓησαυρισθέῖσα</em></strong></span> <span class='ocrx_word' id='word_1_528' title='bbox 1735 2168 1797 2217; x_wconf 78' lang='grc' dir='ltr'><strong><em>ὑπ</em></strong></span> <span class='ocrx_word' id='word_1_529' title='bbox 1832 2169 1956 2217; x_wconf 70' lang='grc' dir='ltr'><strong><em>αὑτοῦ</em></strong></span> <span class='ocrx_word' id='word_1_530' title='bbox 1984 2166 2119 2255; x_wconf 67' lang='grc' dir='ltr'><strong><em>ὀργῆ,</em></strong></span> <span class='ocrx_word' id='word_1_531' title='bbox 2165 2166 2275 2217; x_wconf 79' lang='grc' dir='ltr'>ἀλλά</span> <span class='ocrx_word' id='word_1_532' title='bbox 2315 2190 2360 2234; x_wconf 80' lang='grc' dir='ltr'><strong><em>γε</em></strong></span> <span class='ocrx_word' id='word_1_533' title='bbox 2397 2171 2463 2218; x_wconf 82' lang='grc' dir='ltr'><strong>οὐκ</strong></span> 
     </span>
     <span class='ocr_line' id='line_1_80' title="bbox 1369 2235 2460 2303; baseline 0.003 -19"><span class='ocrx_word' id='word_1_534' title='bbox 1369 2235 1486 2284; x_wconf 82' lang='grc' dir='ltr'><strong><em>ἔσται</em></strong></span> <span class='ocrx_word' id='word_1_535' title='bbox 1516 2235 1623 2285; x_wconf 79' lang='grc' dir='ltr'><strong><em>κατὰ</em></strong></span> <span class='ocrx_word' id='word_1_536' title='bbox 1654 2259 1698 2284; x_wconf 91' lang='grc' dir='ltr'><strong>το</strong></span> <span class='ocrx_word' id='word_1_537' title='bbox 1731 2241 1894 2292; x_wconf 51' lang='lat' dir='ltr'><strong>&amp;maog</strong></span> <span class='ocrx_word' id='word_1_538' title='bbox 1928 2260 1996 2286; x_wconf 84' lang='grc' dir='ltr'><strong>και</strong></span> <span class='ocrx_word' id='word_1_539' title='bbox 2033 2236 2206 2303; x_wconf 65' lang='grc' dir='ltr'><strong><em>μέγεθος</em></strong></span> <span class='ocrx_word' id='word_1_540' title='bbox 2237 2239 2360 2294; x_wconf 66' lang='grc' dir='ltr'><strong><em>αὐτῆς</em></strong></span> <span class='ocrx_word' id='word_1_541' title='bbox 2393 2242 2460 2288; x_wconf 80' lang='grc' dir='ltr'><strong>έκ-</strong></span> 
     </span>
     <span class='ocr_line' id='line_1_81' title="bbox 1368 2302 2463 2394; baseline 0.004 -40"><span class='ocrx_word' id='word_1_542' title='bbox 1368 2304 1533 2362; x_wconf 76' lang='grc' dir='ltr'><strong><em>ζήτησις</em></strong></span> <span class='ocrx_word' id='word_1_543' title='bbox 1565 2308 1605 2355; x_wconf 80' lang='grc' dir='ltr'><strong>ἐν</strong></span> <span class='ocrx_word' id='word_1_544' title='bbox 1636 2302 1764 2373; x_wconf 75' lang='grc' dir='ltr'>ἦμέρᾳ</span> <span class='ocrx_word' id='word_1_545' title='bbox 1798 2330 1994 2394; x_wconf 80' lang='grc' dir='ltr'><strong><em>κρισεως,</em></strong></span> <span class='ocrx_word' id='word_1_546' title='bbox 2030 2309 2076 2356; x_wconf 79' lang='grc' dir='ltr'><strong>δι’</strong></span> <span class='ocrx_word' id='word_1_547' title='bbox 2112 2307 2356 2374; x_wconf 65' lang='grc' dir='ltr'><strong><em>ἀγαθᾶτητα</em></strong></span> <span class='ocrx_word' id='word_1_548' title='bbox 2393 2314 2463 2359; x_wconf 70' lang='grc' dir='ltr'><strong>τοῦ</strong></span> 
     </span>
     <span class='ocr_line' id='line_1_82' title="bbox 1365 2373 2461 2445; baseline 0.004 -21"><span class='ocrx_word' id='word_1_549' title='bbox 1365 2373 1555 2443; x_wconf 73' lang='grc' dir='ltr'><strong><em>κρίνοντος</em></strong></span> <span class='ocrx_word' id='word_1_550' title='bbox 1585 2380 1683 2425; x_wconf 70' lang='grc' dir='ltr'><strong><em>θεοῦ·</em></strong></span> <span class='ocrx_word' id='word_1_551' title='bbox 1720 2400 1753 2426; x_wconf 89' lang='grc' dir='ltr'><strong>ει</strong></span> <span class='ocrx_word' id='word_1_552' title='bbox 1785 2377 1860 2445; x_wconf 72' lang='grc' dir='ltr'><strong>γὰρ</strong></span> <span class='ocrx_word' id='word_1_553' title='bbox 1884 2376 2091 2434; x_wconf 83' lang='grc' dir='ltr'><strong><em>ἐκζητησις</em></strong></span> <span class='ocrx_word' id='word_1_554' title='bbox 2114 2400 2220 2428; x_wconf 84' lang='grc' dir='ltr'><strong><em>κατα</em></strong></span> <span class='ocrx_word' id='word_1_555' title='bbox 2245 2402 2288 2429; x_wconf 91' lang='grc' dir='ltr'><strong>το</strong></span> <span class='ocrx_word' id='word_1_556' title='bbox 2312 2377 2437 2431; x_wconf 79' lang='grc' dir='ltr'><strong><em>πληθο</em></strong></span> <span class='ocrx_word' id='word_1_557' title='bbox 2423 2403 2461 2435; x_wconf 93' lang='grc' dir='ltr'><strong><em>ς</em></strong></span> 
     </span>
     <span class='ocr_line' id='line_1_83' title="bbox 1368 2446 2464 2536; baseline 0.004 -42"><span class='ocrx_word' id='word_1_558' title='bbox 1368 2449 1440 2501; x_wconf 73' lang='grc' dir='ltr'><strong>τῆς</strong></span> <span class='ocrx_word' id='word_1_559' title='bbox 1463 2449 1586 2535; x_wconf 73' lang='grc' dir='ltr'><strong><em>ὂργῆς</em></strong></span> <span class='ocrx_word' id='word_1_560' title='bbox 1624 2446 1800 2513; x_wconf 76' lang='grc' dir='ltr'><strong><em>ἐγίνετο,</em></strong></span> <span class='ocrx_word' id='word_1_561' title='bbox 1840 2446 1960 2536; x_wconf 74' lang='grc' dir='ltr'><strong><em>ἄρδην</em></strong></span> <span class='ocrx_word' id='word_1_562' title='bbox 1999 2446 2235 2499; x_wconf 65' lang='grc' dir='ltr'><strong><em>ἁπωλλυντο</em></strong></span> <span class='ocrx_word' id='word_1_563' title='bbox 2265 2472 2331 2499; x_wconf 86' lang='grc' dir='ltr'><strong>και</strong></span> <span class='ocrx_word' id='word_1_564' title='bbox 2362 2473 2464 2518; x_wconf 85' lang='grc' dir='ltr'><strong><em>παρ-</em></strong></span> 
     </span>
     <span class='ocr_line' id='line_1_84' title="bbox 1369 2515 2464 2604; baseline 0.003 -39"><span class='ocrx_word' id='word_1_565' title='bbox 1369 2515 1476 2566; x_wconf 80' lang='grc' dir='ltr'><strong><em>αὐτα</em></strong></span> <span class='ocrx_word' id='word_1_566' title='bbox 1497 2518 1531 2566; x_wconf 85' lang='grc' dir='ltr'><strong>οἶ</strong></span> <span class='ocrx_word' id='word_1_567' title='bbox 1554 2515 1678 2566; x_wconf 76' lang='grc' dir='ltr'><strong><em>κακοί·</em></strong></span> <span class='ocrx_word' id='word_1_568' title='bbox 1707 2521 1810 2568; x_wconf 67' lang='grc' dir='ltr'><strong><em>τοῖσι</em></strong></span> <span class='ocrx_word' id='word_1_569' title='bbox 1835 2517 1932 2568; x_wconf 79' lang='grc' dir='ltr'><strong><em>αὐτο</em></strong></span> <span class='ocrx_word' id='word_1_570' title='bbox 1947 2517 2246 2604; x_wconf 83' lang='grc' dir='ltr'><strong><em>θεωρησαντες,</em></strong></span> <span class='ocrx_word' id='word_1_571' title='bbox 2278 2523 2334 2585; x_wconf 80' lang='grc' dir='ltr'><strong>τῷ</strong></span> <span class='ocrx_word' id='word_1_572' title='bbox 2356 2523 2464 2586; x_wconf 74' lang='grc' dir='ltr'><strong><em>ἀγα-</em></strong></span> 
     </span>
     <span class='ocr_line' id='line_1_85' title="bbox 1367 2585 2464 2674; baseline 0.005 -41"><span class='ocrx_word' id='word_1_573' title='bbox 1367 2587 1530 2638; x_wconf 61' lang='lat' dir='ltr'><strong>&amp;br-ma</strong></span> <span class='ocrx_word' id='word_1_574' title='bbox 1560 2585 1830 2654; x_wconf 80' lang='grc' dir='ltr'><strong><em>ἒνδεικνυμενῳ</em></strong></span> <span class='ocrx_word' id='word_1_575' title='bbox 1859 2607 1996 2674; x_wconf 52' lang='grc' dir='ltr'><strong><em>’φασιν</em></strong></span> <span class='ocrx_word' id='word_1_576' title='bbox 2035 2613 2053 2634; x_wconf 86' lang='lat'>«</span> <span class='ocrx_word' id='word_1_577' title='bbox 2074 2588 2144 2638; x_wconf 88' lang='grc' dir='ltr'><strong>εἀν</strong></span> <span class='ocrx_word' id='word_1_578' title='bbox 2180 2588 2348 2654; x_wconf 83' lang='grc' dir='ltr'><strong><em>ἀνομιας</em></strong></span> <span class='ocrx_word' id='word_1_579' title='bbox 2380 2614 2464 2641; x_wconf 87' lang='grc' dir='ltr'><strong><em>ποι-</em></strong></span> 
     </span>
     <span class='ocr_line' id='line_1_86' title="bbox 1377 2658 2422 2745; baseline 0.003 -39"><span class='ocrx_word' id='word_1_580' title='bbox 1377 2680 1396 2700; x_wconf 77' lang='grc'><strong>»</strong></span> <span class='ocrx_word' id='word_1_581' title='bbox 1431 2679 1633 2724; x_wconf 80' lang='grc' dir='ltr'><strong><em>ρατηρησῃ</em></strong></span> <span class='ocrx_word' id='word_1_582' title='bbox 1664 2659 1790 2725; x_wconf 77' lang='grc' dir='ltr'><strong><em>κύριε,</em></strong></span> <span class='ocrx_word' id='word_1_583' title='bbox 1810 2659 1957 2745; x_wconf 49' lang='grc' dir='ltr'><strong><em>Νκύριε,</em></strong></span> <span class='ocrx_word' id='word_1_584' title='bbox 1990 2681 2050 2715; x_wconf 88' lang='grc' dir='ltr'><strong>τις</strong></span> <span class='ocrx_word' id='word_1_585' title='bbox 2086 2658 2372 2720; x_wconf 70' lang='grc' dir='ltr'><strong><em>ὕποστησεταις</em></strong></span> <span class='ocrx_word' id='word_1_586' title='bbox 2403 2685 2422 2706; x_wconf 83' lang='grc'>»</span> 
     </span>
     <span class='ocr_line' id='line_1_87' title="bbox 1379 2727 2463 2819; baseline 0.004 -42"><span class='ocrx_word' id='word_1_587' title='bbox 1379 2763 1381 2766; x_wconf 57' lang='lat'>&lt;</span> <span class='ocrx_word' id='word_1_588' title='bbox 1438 2727 1648 2796; x_wconf 74' lang='grc' dir='ltr'><strong><em>Πρόφασις</em></strong></span> <span class='ocrx_word' id='word_1_589' title='bbox 1684 2729 1728 2778; x_wconf 77' lang='grc' dir='ltr'><strong>δὲ</strong></span> <span class='ocrx_word' id='word_1_590' title='bbox 1764 2734 1834 2781; x_wconf 73' lang='grc' dir='ltr'><strong>τοῦ</strong></span> <span class='ocrx_word' id='word_1_591' title='bbox 1867 2729 2086 2818; x_wconf 65' lang='grc' dir='ltr'><strong><em>ωαροξῦναι</em></strong></span> <span class='ocrx_word' id='word_1_592' title='bbox 2123 2753 2190 2780; x_wconf 85' lang='grc' dir='ltr'><strong>τον</strong></span> <span class='ocrx_word' id='word_1_593' title='bbox 2227 2729 2463 2819; x_wconf 81' lang='grc' dir='ltr'><strong><em>αμαρτωλον</em></strong></span> 
     </span>
     <span class='ocr_line' id='line_1_88' title="bbox 1369 2797 2463 2884; baseline 0.005 -39"><span class='ocrx_word' id='word_1_594' title='bbox 1369 2817 1435 2848; x_wconf 89' lang='grc' dir='ltr'><strong>τον</strong></span> <span class='ocrx_word' id='word_1_595' title='bbox 1452 2797 1588 2884; x_wconf 86' lang='grc' dir='ltr'><strong><em>κυριον</em></strong></span> <span class='ocrx_word' id='word_1_596' title='bbox 1609 2837 1623 2859; x_wconf 82' lang='grc'><strong><em>,</em></strong></span> <span class='ocrx_word' id='word_1_597' title='bbox 1659 2822 1700 2848; x_wconf 92' lang='grc' dir='ltr'><strong>το</strong></span> <span class='ocrx_word' id='word_1_598' title='bbox 1739 2823 1798 2863; x_wconf 81' lang='grc' dir='ltr'><strong>μη</strong></span> <span class='ocrx_word' id='word_1_599' title='bbox 1835 2822 1906 2867; x_wconf 89' lang='grc' dir='ltr'><strong><em>προ</em></strong></span> <span class='ocrx_word' id='word_1_600' title='bbox 1940 2802 2168 2868; x_wconf 65' lang='grc' dir='ltr'><strong><em>ὀφθαλμων</em></strong></span> <span class='ocrx_word' id='word_1_601' title='bbox 2204 2824 2271 2850; x_wconf 83' lang='grc' dir='ltr'><strong>και</strong></span> <span class='ocrx_word' id='word_1_602' title='bbox 2309 2799 2463 2853; x_wconf 60' lang='grc' dir='ltr'><strong><em>ἐνώπιον</em></strong></span> 
     </span>
     <span class='ocr_line' id='line_1_89' title="bbox 1368 2865 2464 2938; baseline 0.004 -23"><span class='ocrx_word' id='word_1_603' title='bbox 1368 2865 1488 2916; x_wconf 76' lang='grc' dir='ltr'><strong><em>αὐτον</em></strong></span> <span class='ocrx_word' id='word_1_604' title='bbox 1519 2868 1649 2932; x_wconf 80' lang='grc' dir='ltr'><strong><em>ἔχειν,</em></strong></span> <span class='ocrx_word' id='word_1_605' title='bbox 1685 2869 1843 2937; x_wconf 82' lang='grc' dir='ltr'><strong><em>ἔπειπερ</em></strong></span> <span class='ocrx_word' id='word_1_606' title='bbox 1874 2869 2105 2938; x_wconf 78' lang='grc' dir='ltr'><strong><em>ἀπεστράφη</em></strong></span> <span class='ocrx_word' id='word_1_607' title='bbox 2138 2870 2241 2921; x_wconf 72' lang='grc' dir='ltr'><strong>θεέν</strong></span> <span class='ocrx_word' id='word_1_608' title='bbox 2276 2876 2356 2928; x_wconf 77' lang='grc' dir='ltr'><strong>πᾶς</strong></span> <span class='ocrx_word' id='word_1_609' title='bbox 2388 2892 2464 2938; x_wconf 72' lang='grc' dir='ltr'><strong><em>γαρ</em></strong></span> 
     </span>
     <span class='ocr_line' id='line_1_90' title="bbox 1370 2937 2463 3009; baseline 0.004 -24"><span class='ocrx_word' id='word_1_610' title='bbox 1370 2937 1626 3004; x_wconf 80' lang='grc' dir='ltr'><strong><em>ἆμαρτανων,</em></strong></span> <span class='ocrx_word' id='word_1_611' title='bbox 1649 2943 1761 2990; x_wconf 68' lang='grc' dir='ltr'><strong><em>τοῦτο</em></strong></span> <span class='ocrx_word' id='word_1_612' title='bbox 1786 2938 1962 3007; x_wconf 78' lang='grc' dir='ltr'><strong><em>πράττει</em></strong></span> <span class='ocrx_word' id='word_1_613' title='bbox 1990 2939 2046 2990; x_wconf 79' lang='grc' dir='ltr'><strong>διο</strong></span> <span class='ocrx_word' id='word_1_614' title='bbox 2072 2964 2188 3009; x_wconf 71' lang='grc' dir='ltr'><strong><em>φησιν</em></strong></span> <span class='ocrx_word' id='word_1_615' title='bbox 2213 2944 2232 2989; x_wconf 78' lang='grc' dir='ltr'>ὅ</span> <span class='ocrx_word' id='word_1_616' title='bbox 2265 2939 2352 2996; x_wconf 85' lang='grc' dir='ltr'><strong><em>θεος</em></strong></span> <span class='ocrx_word' id='word_1_617' title='bbox 2377 2963 2463 3009; x_wconf 85' lang='grc' dir='ltr'><strong><em>περι</em></strong></span> 
     </span>
     <span class='ocr_line' id='line_1_91' title="bbox 1369 3010 2462 3076; baseline 0.001 -18"><span class='ocrx_word' id='word_1_618' title='bbox 1369 3030 1518 3063; x_wconf 88' lang='grc' dir='ltr'><strong><em>παντος</em></strong></span> <span class='ocrx_word' id='word_1_619' title='bbox 1550 3031 1722 3058; x_wconf 76' lang='grc' dir='ltr'><strong><em>τοιουτου</em></strong></span> <span class='ocrx_word' id='word_1_620' title='bbox 1757 3034 1775 3054; x_wconf 74' lang='grc' dir='ltr'><strong><em>α</em></strong></span> <span class='ocrx_word' id='word_1_621' title='bbox 1805 3011 1980 3076; x_wconf 82' lang='grc' dir='ltr'><strong><em>ἕςρεψαν</em></strong></span> <span class='ocrx_word' id='word_1_622' title='bbox 2013 3011 2071 3061; x_wconf 78' lang='grc' dir='ltr'><strong><em>ἐπ’</em></strong></span> <span class='ocrx_word' id='word_1_623' title='bbox 2105 3010 2173 3074; x_wconf 77' lang='grc' dir='ltr'><strong>ἐμὲ</strong></span> <span class='ocrx_word' id='word_1_624' title='bbox 2197 3032 2303 3062; x_wconf 91' lang='grc' dir='ltr'><strong><em>νωτα</em></strong></span> <span class='ocrx_word' id='word_1_625' title='bbox 2335 3014 2462 3062; x_wconf 78' lang='grc' dir='ltr'><strong><em>αὐτων</em></strong></span> 
     </span>
     <span class='ocr_line' id='line_1_92' title="bbox 1380 3076 2460 3146; baseline 0.003 -20"><span class='ocrx_word' id='word_1_626' title='bbox 1380 3103 1396 3122; x_wconf 76' lang='lat' dir='ltr'>n</span> <span class='ocrx_word' id='word_1_627' title='bbox 1433 3102 1501 3126; x_wconf 86' lang='grc' dir='ltr'><strong>και</strong></span> <span class='ocrx_word' id='word_1_628' title='bbox 1535 3102 1623 3143; x_wconf 78' lang='grc' dir='ltr'><strong><em>ευχι</em></strong></span> <span class='ocrx_word' id='word_1_629' title='bbox 1656 3076 1861 3146; x_wconf 65' lang='grc' dir='ltr'><strong><em>πρόσωπα</em></strong></span> <span class='ocrx_word' id='word_1_630' title='bbox 1880 3105 1897 3123; x_wconf 75' lang='lat' dir='ltr'>n</span> <span class='ocrx_word' id='word_1_631' title='bbox 1926 3079 2087 3136; x_wconf 84' lang='grc' dir='ltr'><strong><em>Ταυτης</em></strong></span> <span class='ocrx_word' id='word_1_632' title='bbox 2111 3103 2184 3138; x_wconf 74' lang='grc' dir='ltr'><strong>της</strong></span> <span class='ocrx_word' id='word_1_633' title='bbox 2216 3079 2408 3142; x_wconf 82' lang='grc' dir='ltr'><strong><em>ἀσεβειας</em></strong></span> <span class='ocrx_word' id='word_1_634' title='bbox 2441 3080 2460 3129; x_wconf 76' lang='grc' dir='ltr'><em>ἆ</em></span> 
     </span>
     <span class='ocr_line' id='line_1_93' title="bbox 1370 3148 2465 3218; baseline 0.002 -20"><span class='ocrx_word' id='word_1_635' title='bbox 1370 3148 1479 3198; x_wconf 82' lang='grc' dir='ltr'><strong>Κάῖν</strong></span> <span class='ocrx_word' id='word_1_636' title='bbox 1511 3172 1642 3216; x_wconf 66' lang='grc' dir='ltr'><strong><em>πατπρ</em></strong></span> <span class='ocrx_word' id='word_1_637' title='bbox 1671 3149 1834 3216; x_wconf 69' lang='grc' dir='ltr'><strong><em>γεγονὼς</em></strong></span> <span class='ocrx_word' id='word_1_638' title='bbox 1868 3154 2038 3208; x_wconf 67' lang='grc' dir='ltr'><strong><em>ἐξῆλθεν</em></strong></span> <span class='ocrx_word' id='word_1_639' title='bbox 2069 3149 2146 3203; x_wconf 88' lang='grc' dir='ltr'><strong><em>ἀπο</em></strong></span> <span class='ocrx_word' id='word_1_640' title='bbox 2170 3174 2239 3218; x_wconf 83' lang='grc' dir='ltr'><strong><em>προ</em></strong></span> <span class='ocrx_word' id='word_1_641' title='bbox 2223 3174 2371 3204; x_wconf 84' lang='grc' dir='ltr'><strong><em>σωπου</em></strong></span> <span class='ocrx_word' id='word_1_642' title='bbox 2392 3174 2465 3200; x_wconf 83' lang='grc' dir='ltr'><strong>κυ-</strong></span> 
     </span>
     <span class='ocr_line' id='line_1_94' title="bbox 1368 3219 2463 3289; baseline 0.003 -21"><span class='ocrx_word' id='word_1_643' title='bbox 1368 3241 1424 3285; x_wconf 81' lang='grc' dir='ltr'><strong>ριε</strong></span> <span class='ocrx_word' id='word_1_644' title='bbox 1410 3242 1451 3267; x_wconf 91' lang='grc' dir='ltr'><strong><em>υ</em></strong></span> <span class='ocrx_word' id='word_1_645' title='bbox 1489 3224 1556 3269; x_wconf 73' lang='grc' dir='ltr'><strong><em>τοῦ</em></strong></span> <span class='ocrx_word' id='word_1_646' title='bbox 1584 3224 1706 3280; x_wconf 65' lang='grc' dir='ltr'><strong><em>θεοῦ,</em></strong></span> <span class='ocrx_word' id='word_1_647' title='bbox 1739 3243 2014 3289; x_wconf 72' lang='grc' dir='ltr'><strong><em>αωοστραφεις</em></strong></span> <span class='ocrx_word' id='word_1_648' title='bbox 2046 3221 2165 3273; x_wconf 79' lang='grc' dir='ltr'><strong><em>αὐτον</em></strong></span> <span class='ocrx_word' id='word_1_649' title='bbox 2201 3219 2391 3275; x_wconf 69' lang='grc' dir='ltr'><strong><em>δηλονότι·</em></strong></span> <span class='ocrx_word' id='word_1_650' title='bbox 2432 3223 2463 3270; x_wconf 81' lang='grc' dir='ltr'><strong><em>εἶ</em></strong></span> 
     </span>
     <span class='ocr_line' id='line_1_95' title="bbox 1370 3289 2465 3380; baseline 0 -39"><span class='ocrx_word' id='word_1_651' title='bbox 1370 3311 1456 3355; x_wconf 88' lang='grc' dir='ltr'><strong><em>περι</em></strong></span> <span class='ocrx_word' id='word_1_652' title='bbox 1488 3291 1694 3356; x_wconf 74' lang='grc' dir='ltr'><strong><em>ἀνθρώπων</em></strong></span> <span class='ocrx_word' id='word_1_653' title='bbox 1726 3292 1968 3380; x_wconf 73' lang='grc' dir='ltr'><strong><em>ἁμαρτωλῶν</em></strong></span> <span class='ocrx_word' id='word_1_654' title='bbox 1992 3289 2152 3357; x_wconf 75' lang='grc' dir='ltr'><strong><em>λέγεται</em></strong></span> <span class='ocrx_word' id='word_1_655' title='bbox 2177 3298 2334 3354; x_wconf 71' lang='grc' dir='ltr'><strong><em>ταῦτα,</em></strong></span> <span class='ocrx_word' id='word_1_656' title='bbox 2361 3297 2465 3344; x_wconf 83' lang='grc' dir='ltr'><strong><em>πολ-</em></strong></span> 
     </span>
     <span class='ocr_line' id='line_1_96' title="bbox 1371 3361 2462 3448; baseline 0.003 -40"><span class='ocrx_word' id='word_1_657' title='bbox 1371 3364 1428 3424; x_wconf 79' lang='grc' dir='ltr'><em>λῷ</em></span> <span class='ocrx_word' id='word_1_658' title='bbox 1457 3361 1608 3423; x_wconf 75' lang='grc' dir='ltr'><strong><em>μάλλον</em></strong></span> <span class='ocrx_word' id='word_1_659' title='bbox 1637 3384 1703 3411; x_wconf 88' lang='grc' dir='ltr'><strong>και</strong></span> <span class='ocrx_word' id='word_1_660' title='bbox 1737 3383 1822 3428; x_wconf 91' lang='grc' dir='ltr'><strong><em>περι</em></strong></span> <span class='ocrx_word' id='word_1_661' title='bbox 1854 3361 2039 3425; x_wconf 73' lang='grc' dir='ltr'><strong><em>διαβόλου</em></strong></span> <span class='ocrx_word' id='word_1_662' title='bbox 2072 3361 2357 3448; x_wconf 83' lang='grc' dir='ltr'><strong><em>παροξυναντος</em></strong></span> <span class='ocrx_word' id='word_1_663' title='bbox 2394 3385 2462 3413; x_wconf 86' lang='grc' dir='ltr'><strong>τον</strong></span> 
     </span>
     <span class='ocr_line' id='line_1_97' title="bbox 1369 3428 2461 3497; baseline 0.004 -19"><span class='ocrx_word' id='word_1_664' title='bbox 1369 3428 1499 3490; x_wconf 64' lang='grc' dir='ltr'><strong><em>θεον,</em></strong></span> <span class='ocrx_word' id='word_1_665' title='bbox 1536 3453 1603 3481; x_wconf 80' lang='grc' dir='ltr'><strong>και</strong></span> <span class='ocrx_word' id='word_1_666' title='bbox 1640 3434 1707 3481; x_wconf 75' lang='grc' dir='ltr'><strong>οὐκ</strong></span> <span class='ocrx_word' id='word_1_667' title='bbox 1748 3432 1908 3497; x_wconf 80' lang='grc' dir='ltr'><strong><em>ἐ’χοντος</em></strong></span> <span class='ocrx_word' id='word_1_668' title='bbox 1953 3430 2070 3484; x_wconf 75' lang='grc' dir='ltr'><strong><em>αὐτον</em></strong></span> <span class='ocrx_word' id='word_1_669' title='bbox 2117 3431 2280 3484; x_wconf 61' lang='lat' dir='ltr'><strong>{vniam</strong></span> <span class='ocrx_word' id='word_1_670' title='bbox 2323 3435 2461 3483; x_wconf 78' lang='grc' dir='ltr'><strong><em>αὐτου·</em></strong></span> 
     </span>
     <span class='ocr_line' id='line_1_98' title="bbox 1369 3499 2465 3572; baseline 0.001 -22.033"><span class='ocrx_word' id='word_1_671' title='bbox 1369 3499 1549 3564; x_wconf 79' lang='grc' dir='ltr'><strong><em>μάλιστα</em></strong></span> <span class='ocrx_word' id='word_1_672' title='bbox 1580 3500 1656 3568; x_wconf 73' lang='grc' dir='ltr'><strong>γὰρ</strong></span> <span class='ocrx_word' id='word_1_673' title='bbox 1686 3526 1727 3551; x_wconf 89' lang='grc' dir='ltr'><strong>αι</strong></span> <span class='ocrx_word' id='word_1_674' title='bbox 1762 3502 1948 3566; x_wconf 72' lang='grc' dir='ltr'><strong><em>ἑπόμεναι</em></strong></span> <span class='ocrx_word' id='word_1_675' title='bbox 1981 3502 2106 3560; x_wconf 78' lang='grc' dir='ltr'><strong><em>λέξεις</em></strong></span> <span class='ocrx_word' id='word_1_676' title='bbox 2137 3526 2224 3572; x_wconf 86' lang='grc' dir='ltr'><strong><em>περι</em></strong></span> <span class='ocrx_word' id='word_1_677' title='bbox 2249 3506 2371 3554; x_wconf 80' lang='grc' dir='ltr'><strong><em>αυτοῧ</em></strong></span> <span class='ocrx_word' id='word_1_678' title='bbox 2399 3500 2465 3551; x_wconf 84' lang='grc' dir='ltr'><strong><em>λε’-</em></strong></span> 
     </span>
     <span class='ocr_line' id='line_1_99' title="bbox 1370 3571 2467 3638; baseline 0 -18"><span class='ocrx_word' id='word_1_679' title='bbox 1370 3587 1521 3638; x_wconf 74' lang='grc' dir='ltr'><strong><em>γονται·</em></strong></span> <span class='ocrx_word' id='word_1_680' title='bbox 1552 3574 1811 3633; x_wconf 83' lang='grc' dir='ltr'><strong><em>βεβηλουνται</em></strong></span> <span class='ocrx_word' id='word_1_681' title='bbox 1836 3576 1879 3621; x_wconf 76' lang='grc' dir='ltr'><strong><em>αἱ</em></strong></span> <span class='ocrx_word' id='word_1_682' title='bbox 1912 3571 1992 3623; x_wconf 79' lang='grc' dir='ltr'><strong><em>οδοι</em></strong></span> <span class='ocrx_word' id='word_1_683' title='bbox 2023 3574 2145 3626; x_wconf 81' lang='grc' dir='ltr'><strong><em>αυτοῦ</em></strong></span> <span class='ocrx_word' id='word_1_684' title='bbox 2168 3577 2207 3623; x_wconf 85' lang='grc' dir='ltr'><strong>ἐν</strong></span> <span class='ocrx_word' id='word_1_685' title='bbox 2231 3595 2351 3626; x_wconf 90' lang='grc' dir='ltr'><strong><em>παντι</em></strong></span> <span class='ocrx_word' id='word_1_686' title='bbox 2375 3595 2467 3621; x_wconf 85' lang='grc' dir='ltr'><strong><em>και-</em></strong></span> 
     </span>
     <span class='ocr_line' id='line_1_100' title="bbox 1368 3639 2466 3711; baseline 0.001 -21"><span class='ocrx_word' id='word_1_687' title='bbox 1368 3644 1438 3709; x_wconf 79' lang='grc' dir='ltr'><strong>ρῷ·</strong></span> <span class='ocrx_word' id='word_1_688' title='bbox 1473 3640 1578 3697; x_wconf 81' lang='grc' dir='ltr'><strong><em>τῖνος</em></strong></span> <span class='ocrx_word' id='word_1_689' title='bbox 1609 3639 1687 3708; x_wconf 76' lang='grc' dir='ltr'><strong>γᾶρ</strong></span> <span class='ocrx_word' id='word_1_690' title='bbox 1717 3639 1897 3711; x_wconf 65' lang='grc' dir='ltr'><strong><em>ἄνθρωπε</em></strong></span> <span class='ocrx_word' id='word_1_691' title='bbox 1896 3666 1924 3692; x_wconf 92' lang='grc' dir='ltr'><strong><em>υ</em></strong></span> <span class='ocrx_word' id='word_1_692' title='bbox 1955 3645 2214 3706; x_wconf 80' lang='grc' dir='ltr'><strong><em>βεβηλοῧνται</em></strong></span> <span class='ocrx_word' id='word_1_693' title='bbox 2247 3645 2289 3694; x_wconf 81' lang='grc' dir='ltr'><strong><em>αἶ</em></strong></span> <span class='ocrx_word' id='word_1_694' title='bbox 2322 3640 2443 3692; x_wconf 78' lang='grc' dir='ltr'><strong><em>ὄδοι’</em></strong></span> <span class='ocrx_word' id='word_1_695' title='bbox 2428 3662 2466 3691; x_wconf 84' lang='grc' dir='ltr'><strong><em>εν</em></strong></span> 
     </span>
     <span class='ocr_line' id='line_1_101' title="bbox 1371 3712 2468 3778; baseline 0.001 -16"><span class='ocrx_word' id='word_1_696' title='bbox 1371 3733 1500 3762; x_wconf 76' lang='grc' dir='ltr'><strong><em>ωαντι</em></strong></span> <span class='ocrx_word' id='word_1_697' title='bbox 1537 3716 1686 3778; x_wconf 78' lang='grc' dir='ltr'><strong><em>καιρῷ,</em></strong></span> <span class='ocrx_word' id='word_1_698' title='bbox 1726 3717 1802 3762; x_wconf 79' lang='grc' dir='ltr'><strong>τῶν</strong></span> <span class='ocrx_word' id='word_1_699' title='bbox 1840 3715 1991 3775; x_wconf 78' lang='grc' dir='ltr'><strong><em>ἀσεβῶν</em></strong></span> <span class='ocrx_word' id='word_1_700' title='bbox 2032 3713 2287 3769; x_wconf 66' lang='grc' dir='ltr'><strong><em>καθηκόντως</em></strong></span> <span class='ocrx_word' id='word_1_701' title='bbox 2330 3712 2468 3763; x_wconf 72' lang='grc' dir='ltr'><strong><em>ωολλᾶ</em></strong></span> 
     </span>
     <span class='ocr_line' id='line_1_102' title="bbox 1372 3780 2468 3846; baseline -0.001 -12"><span class='ocrx_word' id='word_1_702' title='bbox 1372 3780 1564 3838; x_wconf 78' lang='grc' dir='ltr'><strong><em>πολλάκις</em></strong></span> <span class='ocrx_word' id='word_1_703' title='bbox 1600 3780 1902 3844; x_wconf 67' lang='grc' dir='ltr'><strong><em>επιτελοῦντωνς</em></strong></span> <span class='ocrx_word' id='word_1_704' title='bbox 1933 3782 2086 3845; x_wconf 80' lang='grc' dir='ltr'><strong><em>βαδιζει</em></strong></span> <span class='ocrx_word' id='word_1_705' title='bbox 2120 3783 2162 3834; x_wconf 76' lang='grc' dir='ltr'><strong>δὲ</strong></span> <span class='ocrx_word' id='word_1_706' title='bbox 2193 3781 2371 3846; x_wconf 82' lang='grc' dir='ltr'><strong><em>βεβηλως</em></strong></span> <span class='ocrx_word' id='word_1_707' title='bbox 2404 3786 2468 3833; x_wconf 71' lang='grc' dir='ltr'><strong>οὐκ</strong></span> 
     </span>
    </p>
   </div>
   <div class='ocr_carea' id='block_1_6' title="bbox 2506 1972 2741 2023">
    <p class='ocr_par' dir='ltr' id='par_1_8' title="bbox 2506 1972 2741 2023">
     <span class='ocr_line' id='line_1_103' title="bbox 2506 1972 2741 2023; baseline 0.004 -21"><span class='ocrx_word' id='word_1_708' title='bbox 2506 1972 2741 2023; x_wconf 43' lang='lat' dir='ltr'><strong>nasah„</strong></span> 
     </span>
    </p>
   </div>
   <div class='ocr_carea' id='block_1_7' title="bbox 2505 2399 2636 2431">
    <p class='ocr_par' dir='ltr' id='par_1_9' title="bbox 2505 2399 2636 2431">
     <span class='ocr_line' id='line_1_104' title="bbox 2505 2399 2636 2431; baseline -0.023 0"><span class='ocrx_word' id='word_1_709' title='bbox 2505 2399 2538 2431; x_wconf 79' lang='lat' dir='ltr'><strong>B·</strong></span> <span class='ocrx_word' id='word_1_710' title='bbox 2554 2399 2576 2430; x_wconf 77' lang='lat' dir='ltr'><strong>f.</strong></span> <span class='ocrx_word' id='word_1_711' title='bbox 2591 2402 2636 2429; x_wconf 75' lang='lat'><strong>39.</strong></span> 
     </span>
    </p>
   </div>
  </div>
 </body>
</html>
