2944 4426
84 314 159 343 Cod.
179 315 240 342 vat.
270 317 347 343 1802.

113 351 178 378 sive
188 351 225 379 A.
238 350 259 378 f.
275 354 301 378 7.
316 349 347 378 b.

164 386 239 423 Cap.
260 386 282 414 1.
303 389 346 414 11.

271 1308 351 1333 v.8.

163 1340 351 1369 Amf21a.

260 1860 352 1885 v..14

161 1891 354 1921 Amazh.

165 1991 356 2053 ιιζιφῖἓ

177 2699 212 2729 A.
228 2668 358 2730 2³33.

166 3474 307 3541 οιῗριζι
319 3477 364 3540 ¹3⁴
380 3484 383 3487 ”

395 217 458 261 72

437 318 553 352 Ταῦτα
580 315 629 357 εἷς
656 317 711 351 τόν
739 317 798 351 τῶν
822 314 985 352 Ἰουδαίων
1013 319 1116 364 δῆμον
1137 319 1194 353 καὶ
1223 319 1280 357 τήν
1302 319 1392 353 κατά
1415 322 1494 368 Χρι-

389 381 471 413 στοῦ
494 375 688 425 μιαιφονίαν
709 377 894 425 ε’ξείληφεν·
915 377 1014 424 ᾤοντο
1036 378 1104 428 γάρ
1132 380 1232 415 αὐτὸν
1259 379 1315 415 ἐπί
1342 382 1406 427 γῆς
1432 382 1493 430 μό·

387 454 439 475 νον
465 440 557 486 ἔχειν
582 440 620 474 το“
647 438 848 486 πολίτευμα.

436 501 515 550 Οὐχ
542 500 656 542 αἶπλῶς
689 500 880 547 λήψονται,
913 501 1006 537 ἀλλά
1040 504 1361 552 κληρονομήσουσιν·
1396 505 1428 540 οἶ
1459 506 1495 540 δέ

388 563 548 607 ἀσεβεῖς,
575 563 604 598 εἶ
631 565 688 599 καί
726 563 912 610 ὑψοῦνται,
938 565 1014 601 ἀλλ’
1039 564 1125 601 ὥστε
1151 565 1296 615 μείζονα
1328 565 1492 615 γενέσθαι

389 627 449 665 τήν
470 625 609 673 ἀτιμίαν
631 626 746 661 αὖτιόν·
768 627 810 668 ὦς
831 627 897 675 γάρ
920 642 969 669 τις
997 629 1052 664 τὸν
1074 630 1211 666 δυσειδῆ
1233 628 1290 664 καί
1313 630 1494 676 διεστραμ-

386 689 507 736 μένον,
533 687 563 722 εἷ
589 687 776 733 ὑψώσειεν,
802 689 861 725 οὐκ
889 689 1053 734 ε’δόξασε,
1080 690 1155 726 ἀλλ’
1186 689 1337 738 ἠτίμασε
1370 690 1493 734 πλέον,

388 751 577 790 κατάδηλον
602 751 708 788 αὖτοῢ
733 752 770 787 τὸ
806 749 937 799 αἶσχος
970 752 1104 788 πλείοσι
1139 752 1375 793 καταστήσας·
1408 751 1492 786 οὕτω

392 815 448 850 καὶ
477 814 497 849 ὁ
520 812 600 856 θεὸς
627 812 713 859 ὖψοῖ
739 814 816 854 τούς
841 813 1005 857 ἀσεβεῖς,
1033 813 1088 848 ἵνα
1120 814 1255 862 ἐμφανῆ
1286 813 1491 861 καταστήσῃ

389 877 447 917 τήν
471 877 599 922 ἐκείνων
627 876 887 925 ἀσχημοσύνην·
915 875 1040 922 ὑψώθη
1069 877 1129 912 καί
1152 878 1287 924 Φαραώ,
1306 875 1381 915 ἀλλ’
1405 874 1490 910 ὥστε

390 939 448 978 τήν
475 938 668 986 οἶκουμένην
696 939 881 987 κατήγορον
908 938 1010 985 ἔχειν.

440 1001 647 1049 Σημειωτέον
675 1000 724 1036 ὅτι
752 1003 849 1048 δῶρον
870 999 1006 1047 ἀγαθὸν
1028 998 1184 1048 ὀνομάζει
1211 1001 1266 1037 τὰν
1291 999 1410 1046 νόμον,
1436 1000 1491 1033 διοὶ

389 1063 444 1098 τὸν
465 1061 685 1110 λαμβάνοντα
705 1063 791 1110 δῶρα
806 1062 839 1098 ἐν
860 1062 999 1102 κόλποις
1020 1060 1149 1102 ἀδίκως·
1171 1060 1266 1101 οὗτος
1289 1061 1325 1095 δέ
1344 1060 1493 1108 ἐγκατα-

373 1124 547 1172 Αιμπάνει
582 1125 702 1171 νόμον,
729 1125 747 1160 ὁ
771 1121 984 1172 παραβαίνων
1017 1123 1128 1159 αὑτὸν·
1162 1122 1259 1170 νόμον
1285 1122 1321 1158 δέ
1353 1121 1427 1161 ἤτοι
1455 1119 1490 1157 ὃν

387 1186 480 1234 λέγει
500 1206 509 1221 2
527 1185 548 1226 ἦ
574 1184 610 1222 ὃν
635 1188 692 1222 καὶ
723 1185 824 1226 αᾶτὸς
851 1183 1025 1232 ἐφύλαξεν.

439 1310 506 1347 Καὶ
538 1312 608 1349 πῶς
641 1308 715 1343 ἐστι
754 1307 1055 1356 περιχαράκωσονς
1085 1308 1275 1355 λογισμούς
1308 1307 1395 1359 αύτῇ
1434 1307 1490 1343 κύ-

390 1376 456 1418 κλῳ
481 1369 617 1419 περίθες
646 1369 761 1417 ἱερούς·
787 1371 917 1411 πολλῆς
942 1370 1009 1418 γάρ
1035 1383 1088 1405 σοι
1116 1373 1166 1405 δεῖ
1190 1373 1250 1411 τῆς
1279 1369 1491 1419 ἀσφαλείας,

390 1434 466 1470 ἐπεὶ
497 1434 555 1468 καί
589 1433 703 1468 πολλοὶ
742 1431 788 1466 τά
819 1430 1083 1474 ἐπιβουλεύοντα
1115 1434 1158 1480 τῇ
1189 1431 1327 1480 τοιαύτη
1362 1431 1489 1472 κτήσει·

390 1495 420 1530 εἴ
447 1496 480 1530 δὲ
507 1494 555 1542 ἐφ’
581 1495 661 1542 ἡμῖν
687 1493 760 1529 ἐστι
787 1494 824 1529 τό
851 1496 1100 1542 περιχαρακοῦν
1127 1493 1255 1538 αὐτήν,
1280 1494 1319 1529 αι’
1355 1494 1390 1529 δὲ
1416 1493 1492 1542 αἶρε-

390 1558 446 1593 ταί
473 1556 521 1605 ἐφ’
546 1556 646 1604 ἡμῖν,
664 1556 819 1605 χάρακες
844 1554 911 1603 ἄρα
936 1553 1023 1598 εἶεν,
1045 1555 1082 1590 αἱ
1108 1555 1260 1602 asperia-ou
1287 1555 1347 1596 τήν
1372 1557 1490 1604 γνῶσιν

389 1621 450 1654 τοῦ
474 1617 564 1654 θεοῦ·
591 1616 679 1661 οἷον,
705 1617 875 1661 ἄσκησις,
899 1618 1050 1666 μελέτη,
1075 1617 1134 1652 καὶ
1160 1618 1179 1653 ὁ
1203 1617 1309 1659 ἄλλος
1336 1619 1396 1652 τῶν
1416 1616 1491 1666 ἄρε-

390 1683 449 1716 τῶν
475 1679 637 1729 ὁρμαθός·
662 1678 703 1722 α“ς
731 1681 747 1716 ὁ
774 1683 899 1729 τηρῶν,
924 1680 984 1719 τήν
1010 1679 1130 1728 σοφίαν
1162 1682 1256 1727 τιμᾷ·
1280 1678 1410 1728 μισθός
1436 1680 1490 1724 δέ,

390 1745 428 1778 τό
455 1743 537 1791 πρὸς
563 1741 667 1782 αὐτήν
694 1741 959 1791 μετεωρισθῆναι
986 1743 1044 1778 καὶ
1070 1741 1319 1791 περιληφθῆναι
1353 1742 1406 1779 εἶπ’
1431 1742 1492 1779 αὐτ

391 1809 451 1847 τῆς
479 1806 511 1841 ἐν
537 1807 580 1851 τῷ
606 1804 816 1853 ὁπερκοσμίῳ
841 1809 970 1851 παστῷ.

436 1867 592 1912 Ἀσεβεῒς
612 1869 674 1915 μὲν
689 1868 720 1903 οἱ
741 1867 946 1917 ἑτερόδοξοι,
966 1866 1157 1916 παράνομοι
1179 1868 1215 1903 δέ
1238 1868 1270 1903 οἱ
1291 1866 1489 1916 παραβάται

393 1933 452 1966 τοῦ
463 1931 572 1977 νόμου·
590 1928 628 1966 ὦν
643 1930 704 1972 τοὶς
721 1930 828 1973 ὁδούς,
843 1928 918 1969 ἤτοι
932 1930 993 1971 τοὶς
1008 1929 1155 1977 πράξεις,
1169 1929 1217 1977 μή
1231 1929 1383 1966 ἐπελθεῖν.
1394 1929 1490 1978 φησί.

437 1991 550 2041 Ὀρθά
573 1993 652 2041 ὁρᾷ,
679 1993 696 2028 o‘
722 1992 912 2040 λογισμούς
944 1991 1030 2040 ἔχων
1063 1990 1222 2034 ἀπαθεῖς·
1249 1993 1307 2028 καί
1332 1992 1491 2040 δόγματα

392 2055 523 2099 αληθῆ,
552 2056 569 2092 ὁ
602 2056 650 2104 μή
676 2056 751 2102 περὶ
779 2055 841 2096 τοὶς
862 2054 924 2098 ἔξω
950 2053 1140 2101 φαντασίας
1164 2054 1383 2102 ἐπτοημένος·
1409 2054 1490 2091 ὅταν

392 2119 479 2167 λέγῃ
507 2118 558 2154 ὅτι
585 2118 616 2153 οἱ
642 2115 818 2165 ὀφθαλμοί
845 2126 906 2153 σου
928 2114 1015 2165 ὀρθοὶ
1036 2115 1274 2160 βλεπέτωσαν,
1294 2117 1352 2157 τὴν
1373 2115 1490 2166 ὅρασιν

393 2183 492 2220 δηλοῖ
517 2183 577 2220 τῆς
605 2178 735 2227 ψυχῆς·
768 2180 825 2214 καί
860 2177 939 2214 ὅταν
972 2178 1257 2231 παραινῇ,,φάγε
1287 2174 1385 2226 μέλι,
1419 2179 1490 2222 υίέ,

394 2243 449 2279 ἵνα
472 2239 649 2290 γλυκανθῇ
682 2241 699 2276 ὁ
724 2241 859 2289 φάρυγξ
891 2253 971 2284 σου,
997 2239 1075 2287 μέλι
1108 2242 1268 2293 τροπικῶς
1300 2242 1359 2280 τήν
1393 2238 1489 2278 θείαν

392 2304 485 2352 λέγει
513 2301 750 2346 διδασκαλίαν,
773 2301 848 2343 ἥτις
874 2302 933 2340 τήν
959 2302 1184 2349 πνευματικήν
1210 2290 1403 2350 καταρτίζει
1429 2305 1491 2344 τῆς

393 2366 514 2414 ψυχῆς
539 2367 666 2412 γνῶσιν·
692 2364 785 2399 άλλοὶ
809 2364 868 2398 καί
892 2362 1035 2399 ἅπτεται
1070 2361 1192 2410 ψυχῆς
1214 2363 1236 2402 ἦ
1270 2362 1383 2410 σοφία·
1416 2362 1491 2411 ε’ρά-

394 2427 499 2466 σθητι
524 2427 591 2476 γάρ
618 2435 719 2474 φησιν
744 2424 874 2469 αὐτῆς,
898 2424 955 2461 ἵνα
981 2439 1020 2461 σε
1045 2424 1223 2474 περιλάβῃ·
1245 2424 1346 2473 ψυχή
1373 2426 1411 2462 δέ
1436 2428 1490 2461 δια

393 2491 597 2538 περιπλοκῆς
619 2486 724 2535 σοφία
744 2486 926 2530 ἑνωθεῖσα,
946 2487 1123 2534 ἁγιασμοῦ
1142 2488 1328 2534 πληροῦται
1351 2487 1407 2523 καί
1430 2501 1490 2523 κα·

392 2549 593 2599 θαρότητος·
621 2549 669 2584 ἔτι
694 2563 734 2598 γε
759 2549 826 2597 μήν
851 2551 911 2584 τῶν
937 2551 1087 2598 Χριστοῦ
1108 2549 1215 2597 μύρων
1241 2549 1263 2588 ἦ
1289 2551 1350 2591 τῆς
1370 2548 1492 2601 ψυχῆς

393 2611 680 2659 ἀντιλαμβάνεται
705 2610 883 2659 ὄσφρησις.

439 2675 482 2710 Ἡ
507 2673 608 2724 αἱρετή
634 2673 874 2721 μεσότης·’διὸ
910 2673 966 2708 καὶ
1002 2673 1061 2712 τήν
1086 2671 1233 2721 ἀνδρείαν
1266 2673 1397 2720 μεταξὺ
1429 2676 1491 2715 τῆς

396 2735 614 2785 θρασύτητος
640 2736 697 2770 καὶ
724 2737 784 2776 τῆς
809 2734 935 2776 δειλίας
962 2733 1046 2769 εἷναι
1072 2733 1165 2782 φησί·
1190 2736 1244 2771 νῦν
1270 2734 1304 2770 δὲ
1335 2733 1490 2784 ὀνομάζει

395 2798 499 2843 δεξιά·
524 2798 562 2834 ού
588 2798 631 2832 τοὶ
655 2796 751 2845 φύσει
775 2797 868 2840 δεξιοὶ
887 2795 980 2831 ε’στὶν
1002 2796 1040 2832 αἱ
1065 2796 1199 2844 αἱρεταί,
1223 2795 1318 2832 άλλοὶ
1344 2797 1390 2831 τοὶ
1415 2805 1492 2845 φαι-

394 2860 516 2909 νόμενα
542 2859 597 2895 σοι’
624 2858 714 2904 δεξιοὶ
740 2859 796 2894 διά
820 2858 881 2900 τοίς
902 2856 1033 2899 ἡδονάς·
1055 2858 1171 2898 ἡδοναί
1192 2857 1228 2893 δέ
1248 2858 1351 2902 εἰσιν,
1373 2857 1411 2894 οὖ
1430 2859 1492 2906 μό·

394 2936 445 2957 νον
478 2920 676 2970 ἀφροδίσια,
707 2920 801 2956 άλλοὶ
833 2920 888 2955 καὶ
919 2922 1066 2961 πλοῦτος
1091 2921 1149 2955 καὶ
1184 2919 1301 2968 τρυφή·
1331 2912 1493 2969 ἀριστερά

396 2984 448 3026 δέ,
469 2981 613 3032 φθόνος,
633 2982 806 3030 ἁρπαγαὶ,
827 2982 884 3017 καί
907 2982 950 3017 τοὶ
971 2981 1101 3023 τούτοις
1126 2979 1238 3029 ὅμοια·
1260 2980 1381 3030 βορέας
1405 2982 1495 3032 γάρ,

396 3056 501 3094 φησι,
532 3046 678 3093 σκληρός
712 3045 856 3092 ἄνεμος,
887 3043 1022 3092 ὀνόματι
1058 3042 1095 3078 δέ
1127 3042 1294 3087 ἐπιδέξιος
1326 3046 1490 3079 καλεῖται·

397 3107 516 3159 βορέαν
537 3107 602 3156 γάρ
623 3106 836 3154 συμβολικῶς
861 3106 917 3141 τόν
943 3105 1080 3153 πονηρὸν
1107 3107 1206 3140 καλεῖ
1230 3103 1305 3144 ἦτοι
1340 3106 1395 3140 το“ν
1423 3106 1493 3153 διά-

399 3168 516 3212 βολον,
541 3166 593 3216 ἀφ’
621 3166 658 3203 οὗ
690 3166 859 3212 ἐξεκαύθη
893 3166 1005 3203 πάντα
1038 3167 1083 3201 τά
1115 3167 1206 3202 κακά
1237 3166 1294 3202 ἐπὶ
1331 3168 1393 3208 τῆς
1417 3169 1494 3214 γῆς·

399 3230 537 3277 ὀνόματι
572 3230 605 3264 δὲ
639 3227 733 3271 οὗτος
767 3228 952 3272 ἐπιδέξιος,
985 3226 1035 3263 ὅτι
1067 3228 1219 3276 ἄγγελος
1251 3230 1406 3264 καλεῖται
1441 3232 1494 3264 δε-

401 3292 458 3336 ξιῷ
483 3290 708 3338 ὀνόματι,-Σύ
735 3290 838 3337 φησὶν
865 3290 1010 3325 ἐκκλινον
1036 3288 1104 3325 ἀπὸ
1130 3291 1252 3333 κακοῦ,
1279 3290 1336 3325 καὶ
1365 3291 1409 3335 τῷ
1434 3293 1495 3336 θεῷ

401 3352 543 3401 μελήσει
577 3354 635 3387 τοῦ
667 3352 794 3392 τέλους·
834 3351 1072 3400 προπορεύεται
1105 3351 1172 3399 γάρ
1206 3359 1279 3387 σου·
1299 3372 1302 3375 Δ
1320 3350 1492 3387 καταλύων

401 3415 481 3456 τούς
504 3414 708 3461 πολεμίους,
733 3413 775 3455 ὦς
801 3413 833 3448 ἐν
859 3413 970 3462 εἰρήνη
999 3426 1037 3448 σε
1064 3411 1212 3457 βαδίσαι.

450 3475 604 3512 Δείκνυσι
630 3477 696 3523 γάρ
721 3475 778 3509 καί
804 3475 859 3509 διά
884 3478 945 3510 τοῦ
970 3474 1075 3521 ζῴου,
1102 3476 1140 3510 τὸ
1161 3478 1223 3516 τῆς
1250 3476 1369 3517 ’ἡδονῆς
1389 3478 1493 3512 καθα-

400 3538 465 3587 ρόν·
490 3537 548 3573 καὶ
571 3537 626 3573 διά
650 3538 708 3570 τοῦ
727 3534 856 3578 πώλου,
883 3536 920 3571 τὸ
942 3538 1001 3577 τῆς
1022 3535 1179 3584 γυναικὸς
1197 3535 1385 3584 παρίστησι
1410 3539 1494 3584 γαῦ-

399 3614 456 3649 ρον
482 3599 540 3635 καί
566 3596 727 3633 ποθεινόν·
753 3599 808 3632 καὶ
836 3597 948 3637 ἐπειδή
980 3598 1095 3634 πολλοὶ
1117 3596 1184 3634 οἶδε
1218 3600 1264 3634 τά
1296 3599 1495 3648 παροξύνον·

402 3676 465 3706 τα,
498 3658 703 3708 ιιῖσφαλιίζει4
736 3658 865 3707 άρῥαγῆ
896 3659 950 3695 τὸν
982 3662 1043 3701 τῆς
1076 3659 1191 3707 φιλίας
1223 3660 1339 3702 αὐτοῖς
1371 3661 1492 3708 δεσμδν

402 3721 598 3766 ἐπιτίθησι,
618 3722 656 3757 τό
677 3720 890 3769 οἷδιοὲῤῥηκτον
915 3720 1031 3764 αὐτοῖς
1052 3722 1303 3771 μηχανώμενος·
1325 3723 1436 3765 ἄλλως
1458 3723 1492 3759 δὲ

400 3787 423 3825 ἦ
447 3783 571 3834 σοφία,
595 3784 723 3824 ήτοιοῦν
751 3783 896 3831 ἔλαφος,
923 3785 1002 3824 τούς
1027 3786 1086 3819 τῶν
1120 3785 1311 3832 ἑτεροδόξων
1345 3783 1493 3832 ὄφιῶδεις

401 3847 527 3896 λόγους
552 3846 692 3894 πέφυκεν
721 3845 867 3882 ἐλαύνειν
894 3845 950 3883 καὶ
975 3845 1128 3894 ἀναιρεῖν·
1154 3846 1240 3887 αὕτη
1275 3845 1349 3893 οὖν,
1382 3847 1491 3895 φησι,

1373 229 1413 262 S·
1453 231 1687 264 HIPPOLYTI

1612 320 1715 357 Haec
1738 319 1784 357 de
1809 319 2030 360 Iudaeorum
2055 322 2192 371 populo
2207 351 2217 369 ‚
2243 329 2281 363 et
2305 324 2352 363 de
2375 326 2514 366 Christi
2529 312 2668 378 caede‘,

1565 378 1751 427 intelligit.
1769 379 1954 418 Putabant
1977 382 2077 419 enim
2098 383 2205 420 illum
2224 384 2265 421 in
2283 389 2380 426 terra
2406 391 2671 429 tantummodo

1564 437 1699 476 habere
1730 441 2056 480 conversationem.
2442 431 2447 436 ¹

1613 498 1697 535 Non
1729 499 1911 547 accipient
1942 506 2087 539 tantum
2105 529 2115 549 ‚
2140 502 2205 540 sed
2239 503 2350 542 etiam
2385 506 2663 547 hereditabunt.

1567 557 1677 604 impii
1700 568 1783 596 vero
1809 560 1955 598 etiamsi
1987 561 2237 610 extolluntur,
2262 563 2302 602 id
2327 564 2373 602 ad
2407 566 2583 605 maiorem
2608 570 2668 616 ip-

1565 625 1690 654 sorum
1720 618 1963 665 ignominiam
1987 620 2188 660 redundat.
2225 623 2350 662 Veluti
2375 624 2406 661 si
2431 625 2517 673 quis
2542 626 2666 665 homi-

1565 685 1651 712 nem
1676 676 1876 715 deformem
1894 684 2007 727 atque
2024 679 2222 719 distortum
2241 683 2282 720 in
2298 684 2374 721 alto
2393 684 2570 731 collocet,
2589 697 2668 725 non

1566 735 1724 773 honorat
1747 736 1812 773 sed
1837 738 1952 783 magis
1984 738 2222 787 dehonestat,
2255 743 2490 781 manifestam
2523 747 2667 783 consti-

1565 800 1674 831 tuens
1707 794 1874 842 pluribus
1908 797 2174 844 turpitudinem
2211 801 2302 839 eius.
2338 803 2399 840 Sic
2439 803 2527 841 item
2562 806 2663 842 Deus

1565 853 1708 891 extollit
1732 854 1866 901 impios
1879 883 1889 900 ‚
1907 859 1949 892 ut
1973 855 2161 903 publicum
2181 858 2292 897 faciat
2308 860 2469 900 dedecus
2493 863 2661 901 illorum.

1558 912 1757 950 'Exaltatus
1782 912 1855 950 fuit
1878 914 1988 951 etiam
2015 914 2180 960 Pharao,
2201 916 2266 954 sed
2289 923 2333 955 ut
2351 920 2531 958 mundum
2557 933 2664 960 accu-

1565 977 1724 1010 satorem
1750 972 1912 1011 haberet.

1610 1031 1986 1070 Animadvertendum
2012 1038 2086 1078 est,
2117 1034 2258 1072 donum
2285 1036 2426 1074 bonum
2451 1038 2526 1076 dici
2551 1041 2600 1078 ab
2621 1053 2665 1079 eo

1564 1100 1629 1137 pro
1656 1090 1761 1138 lege,
1791 1097 1938 1139 propter
1961 1092 2069 1130 illum
2094 1094 2157 1142 qui
2183 1094 2280 1132 dona
2305 1096 2346 1132 in
2373 1097 2498 1134 sinum
2527 1098 2667 1138 iniuste

1563 1150 1710 1198 accipit.
1740 1150 1807 1188 Ille
1833 1151 1951 1200 legem
1985 1152 2142 1198 deserit,
2172 1155 2235 1202 qui
2268 1166 2349 1192 eam
2377 1156 2663 1204 transgreditur

1562 1210 1697 1256 Legem
1725 1221 1833 1258 porro
1860 1211 1916 1249 vel
1943 1222 2056 1261 quam
2082 1211 2219 1251 diserte
2245 1215 2438 1261 nominat,
2464 1215 2519 1253 vel
2549 1227 2665 1289 quam

1564 1267 1660 1305 idem
1686 1268 1899 1308 observavit.

1609 1327 1708 1376 Quid
1735 1334 1792 1366 est
1814 1329 2032 1368 circumda?
2054 1331 2208 1369 Sanctas
2231 1332 2265 1370 ei
2288 1331 2500 1370 circumiico
2523 1334 2667 1382 cogita-

1565 1387 1699 1424 tiones.
1716 1387 1837 1426 Multo
1851 1388 1950 1426 enim
1968 1389 2036 1427 tibi
2055 1400 2148 1438 opus
2167 1395 2223 1428 est
2240 1390 2446 1429 munimine
2458 1420 2469 1437 ,
2488 1394 2666 1440 quoniam

1564 1446 1682 1484 multa
1708 1453 1798 1498 sunt
1828 1447 1894 1485 tali
1926 1449 2149 1497 possessioni
2174 1449 2404 1487 insidiantia.
2433 1451 2543 1498 Quod
2569 1452 2602 1489 si
2626 1452 2665 1489 in

1562 1511 1689 1543 nostra
1711 1512 1890 1555 potestate
1914 1514 1991 1552 est,
2019 1519 2100 1546 eam
2127 1509 2429 1556 circumvallare,
2458 1510 2666 1548 munimina

1562 1565 1711 1613 quidem
1737 1566 1844 1605 nobis
1864 1573 1974 1606 erunt
1994 1567 2147 1606 virtutes
2160 1596 2170 1611 ,
2194 1579 2289 1616 quae
2310 1569 2379 1606 Dei
2398 1569 2588 1607 scientiam
2608 1580 2668 1607 ex·

1564 1625 1721 1673 tollunt,
1748 1626 1861 1664 veluti
1877 1628 2032 1665 ascetica
2043 1656 2053 1673 ,
2075 1632 2113 1665 et
2130 1627 2341 1674 meditatio,
2356 1633 2394 1666 et
2411 1628 2575 1677 reliquus
2592 1629 2666 1666 vir·

1561 1689 1684 1722 tutum
1708 1685 1866 1732 chorus;
1894 1697 1988 1735 quas
2004 1688 2069 1735 qui
2094 1693 2217 1733 tenet,
2236 1688 2456 1736 sapientiam
2483 1688 2666 1726 honorat:

1563 1755 1702 1782 merces
1725 1756 1809 1783 vero
1836 1752 1913 1792 est,
1934 1746 1982 1784 ad
2003 1747 2121 1794 ipsam
2148 1746 2300 1792 extolli,
2330 1752 2367 1784 et
2390 1758 2474 1784 cum
2501 1758 2543 1785 ea
2569 1742 2666 1786 deliae'

1562 1804 1653 1842 ciari
1681 1805 1720 1842 in
1750 1805 1899 1843 caelesti
1923 1805 2101 1844 thalamo.

1610 1864 1720 1912 impii
1733 1870 1821 1902 sunt
1837 1863 2066 1903 heterodoxi:
2080 1870 2288 1914 peccatores
2300 1871 2425 1903 autem
2441 1865 2532 1914 legis
2546 1871 2667 1904 trans-

1563 1934 1773 1971 gressorem
1799 1934 1958 1972 quorum
1981 1924 2058 1962 vias
2085 1930 2123 1962 et
2146 1930 2252 1962 actus
2277 1925 2411 1962 sectari
2436 1929 2546 1962 vetat.
2695 1969 2699 1974 ⁸

1609 1985 1722 2021 Recta
1741 1983 1839 2021 videt
1855 1984 1919 2032 qui
1938 1984 2179 2032 cogitationes
2196 1984 2308 2022 habet
2325 1984 2598 2032 perturbatione
2616 1984 2665 2022 li·

1561 2043 1689 2081 heras:
1721 2049 1757 2081 et
1782 2055 1865 2081 vera
1892 2043 2066 2091 dogmata
2082 2072 2093 2090 ‚
2118 2044 2151 2082 is
2176 2044 2239 2093 qui
2271 2043 2515 2082 exterioribus
2550 2043 2669 2091 phan-

1562 2103 1667 2141 tasiis
1693 2113 1770 2141 non
1795 2103 2020 2151 percellitur.
2046 2104 2141 2142 Cum
2160 2103 2274 2140 dicit:
2304 2103 2404 2141 oculi
2429 2103 2499 2140 mei
2517 2101 2689 2147 videant¹

1562 2164 1783 2210 aequitatem
1797 2189 1808 2207 ,
1828 2162 1874 2200 de
1893 2163 2032 2199 visione
2052 2162 2198 2200 animae
2215 2162 2392 2210 loquitur.
2413 2164 2459 2200 Et
2477 2173 2562 2200 cum
2579 2163 2666 2200 hor·
2699 2176 2701 2178 ·

1561 2226 1684 2260 tatur:
1709 2221 1861 2259 comede
1884 2221 1980 2267 mel,
2006 2221 2085 2266 fili,
2108 2227 2151 2259 ut
2170 2222 2220 2259 sit
2238 2221 2396 2258 dulcedo
2417 2223 2558 2269 gutturi
2578 2227 2666 2270 tuo,

1563 2281 1638 2319 mel
1663 2281 1802 2330 tropice
1824 2280 1918 2318 dicit
1941 2279 2105 2318 divinam
2134 2279 2368 2325 doctrinam,
2396 2290 2490 2327 quae
2517 2281 2666 2328 spirita-

1561 2340 1636 2378 lem
1661 2340 1811 2378 coniicit
1828 2339 1977 2377 animae
1993 2339 2199 2376 scientiam.
2216 2338 2287 2376 Sed
2307 2344 2344 2376 et
2362 2339 2525 2375 animam
2545 2340 2668 2387 tangit

1561 2389 1755 2448 sapientia.
1786 2401 1881 2436 Ama
1907 2399 2008 2435 enim
2041 2409 2123 2436 eam
2139 2426 2151 2443 ‚
2182 2403 2227 2435 ut
2253 2398 2482 2446 amplexetur
2507 2403 2555 2435 te.
2584 2398 2665 2434 Iam

1562 2459 1685 2496 anima
1715 2469 1780 2506 per
1813 2457 2046 2505 complexum
2079 2456 2204 2494 virtuti
2238 2457 2438 2504 copulata,
2470 2457 2666 2494 sanctitate

1562 2518 1725 2567 repletur
1757 2522 1794 2555 et
1820 2517 1992 2565 puritate.
2029 2518 2186 2569 Insuper
2220 2515 2358 2554 Christi
2385 2520 2665 2563 unguentorum

1563 2578 1687 2615 anima
1715 2576 1867 2615 affectat
1891 2576 2100 2614 odoratum.

1609 2638 1737 2675 Virtus
1768 2635 1932 2674 medium
1965 2641 2081 2674 tenet.
2110 2635 2234 2683 Quare
2263 2635 2373 2673 etiam
2406 2633 2666 2672 fortitudinem

1563 2696 1657 2735 dicit
1679 2706 1758 2734 esse
1779 2694 1941 2733 mediam
1966 2696 2066 2732 inter
2087 2694 2281 2732 audaciam
2299 2700 2336 2732 et
2353 2694 2539 2731 timorem.
2556 2694 2666 2731 Nunc

1562 2766 1647 2794 vero
1668 2754 1760 2792 dicit
1781 2755 1947 2800 dextera,
1963 2764 2041 2792 non
2062 2765 2158 2802 quae
2184 2759 2275 2792 sunt
2296 2754 2517 2791 naturaliter
2539 2751 2666 2790 dexte-

1562 2826 1628 2860 ra,
1654 2813 1864 2852 cuiusmodi
1884 2818 1974 2851 sunt
1998 2813 2172 2858 virtutes,
2199 2812 2263 2850 sed
2287 2823 2381 2861 quae
2407 2812 2554 2851 dextera
2580 2822 2668 2860 pro-

1564 2879 1646 2922 pter
1668 2874 1873 2921 voluptates
1894 2871 1964 2910 tibi
1983 2870 2166 2909 videntur.
2187 2871 2402 2919 Voluptates
2429 2877 2552 2910 autem
2577 2879 2667 2913 sunt

1563 2943 1642 2971 non
1666 2933 1788 2971 solum
1812 2942 2008 2976 venereae,
2035 2941 2163 2968 verum
2188 2931 2301 2968 etiam
2328 2930 2476 2969 divitiae
2498 2942 2542 2969 ac
2569 2931 2667 2970 deli-

1564 2993 1656 3030 ciae.
1680 2992 1838 3030 Sinistra
1864 3001 1969 3036 vero,
1995 2989 2147 3036 caedes,
2169 2989 2344 3037 rapinae,
2371 2995 2408 3027 et
2430 2990 2488 3028 his
2511 2990 2664 3029 similia.

1563 3053 1660 3090 Nam
1676 3050 1808 3088 boreas
1828 3049 1971 3097 rigidus
1994 3054 2124 3087 ventus
2136 3077 2147 3096 ‚
2165 3049 2291 3086 dexter
2312 3048 2531 3096 appellatur.
2547 3050 2666 3098 Quipe

1565 3121 1610 3158 pe
1637 3109 1787 3149 boream
1812 3108 2035 3158 symbolice,
2063 3108 2270 3156 malignum
2293 3107 2484 3145 diabolum
2506 3109 2667 3155 vocitat,

1564 3180 1587 3208 a
1608 3179 1684 3218 quo
1703 3168 1801 3206 mala
1823 3167 1947 3205 omnia
1975 3166 2229 3205 incenduntur
2254 3168 2296 3204 in
2320 3167 2422 3207 orbe.
2452 3166 2582 3205 Eidem
2598 3178 2666 3205 no-

1565 3239 1653 3266 men
1677 3233 1733 3265 est
1758 3226 1908 3273 dexter,
1936 3227 2024 3275 quia
2051 3226 2207 3274 angelus
2232 3231 2382 3263 vocatur
2405 3225 2532 3263 dextro
2553 3225 2592 3263 id
2610 3231 2668 3263 est

1564 3287 1686 3325 fausto
1710 3287 1874 3324 nomine'.
1876 3287 2005 3333 -Tu‚
2025 3285 2169 3334 inquit,
2189 3284 2334 3333 declina
2352 3296 2372 3322 a
2394 3284 2516 3330 malo,
2533 3290 2570 3322 et
2586 3287 2667 3331 Deo

1564 3357 1655 3384 cura
1678 3347 1750 3384 erit
1772 3346 1860 3383 finis
1886 3345 1955 3383 tui.
1981 3345 2150 3383 Anteibit
2172 3344 2273 3382 enim
2299 3349 2358 3390 te,
2386 3344 2511 3408 hostes
2537 3339 2665 3391 proni-

1564 3415 1682 3453 gans,
1708 3410 1752 3442 ut
1778 3404 1929 3453 pacifice
1953 3402 2146 3452 gradiaris.

1611 3465 1751 3512 Nempe
1776 3474 1841 3511 per
1865 3473 2007 3502 cervam
2031 3461 2183 3500 denotat
2206 3461 2404 3508 voluptatis
2425 3461 2466 3498 in
2490 3457 2663 3504 coniugio

1564 3522 1845 3567 innocentiam
1876 3526 1914 3559 et
1946 3531 2011 3570 per
2037 3521 2207 3569 pullum,
2236 3520 2464 3557 alacritatem
2495 3514 2663 3553 mulieris

1564 3581 1737 3629 exprimit
1763 3585 1801 3618 et
1825 3579 2105 3619 amabilitatem.
2132 3581 2180 3616 Et
2206 3579 2294 3627 quia
2322 3577 2440 3615 multa
2467 3573 2585 3612 cernit
2615 3573 2663 3610 ad

1564 3639 1696 3678 vitium
1725 3639 1920 3677 incitantia
1934 3667 1946 3685 ,
1976 3643 2083 3677 caute
2099 3637 2305 3683 consulit,
2336 3640 2373 3673 et
2403 3631 2664 3670 indissolubile
2695 3663 2699 3668 .

1565 3699 1787 3746 coniugibus
1814 3698 2005 3736 vinculum
2028 3697 2174 3742 iniicit,
2200 3693 2446 3734 constantiam
2470 3691 2546 3729 illis
2570 3702 2662 3728 con-

1566 3758 1708 3798 cilians.
1739 3757 1890 3806 Alioqui
1916 3757 2097 3805 sapientia
2111 3783 2123 3803 ,
2151 3754 2246 3792 cervi
2263 3754 2380 3789 instar
2394 3778 2405 3796 ,
2424 3748 2664 3789 heterodoxo-

1563 3826 1651 3856 rum
1676 3816 1906 3866 serpentinas
1933 3814 2120 3854 doctrinas
2147 3811 2326 3861 repellere
2358 3809 2455 3848 valet
2480 3814 2517 3848 et
2542 3810 2662 3863 extinf-
