2996 4432
1160 250 1205 281 nv

228 344 445 387 silvestres
458 373 470 395 ,
503 341 642 396 inquit
656 371 668 394 ,
701 337 901 394 pacificae
923 339 1048 379 erunt
1069 334 1166 379 tibi.
1198 336 1330 378 Prae-

232 420 348 457 terea
377 415 420 456 iu
441 412 637 456 iumentis
655 409 745 464 agri
765 405 1184 462 comprehenduntur
1201 405 1329 448 etiam

232 487 343 528 serae
373 489 420 527 ut
451 497 500 526 ex
530 481 672 538 genesi
703 479 916 522 discimus.

291 557 472 599 Domine
490 557 633 596 noster
645 581 657 603 ‚
682 562 808 606 quam
826 548 1071 592 admirabile
1087 553 1150 591 est
1168 560 1327 591 nomen

233 631 355 670 tunm
385 627 429 668 in
460 625 653 667 universa
683 622 826 664 terra!
866 620 1080 673 Decebat‚
1118 621 1327 663 cauticum

235 696 517 739 intsalvatoris
532 692 838 735 resurrectione
857 690 1034 743 dictum,
1053 690 1232 733 similem
1251 691 1326 733 ini-

232 768 296 810 tio
319 766 476 812 habere
504 764 648 806 finem.
675 763 781 805 Nam
809 774 954 816 reapse
985 766 1028 805 et
1051 761 1256 816 incipiens
1281 765 1325 803 et

237 838 452 890 desinens,
474 834 620 877 eadem
634 834 850 876 locutione
869 834 1018 887 utitur,
1037 832 1216 875 docente
1235 832 1324 888 Spi-

234 910 341 963 ritu,
355 912 403 950 ut
421 907 543 948 initio
560 905 656 947 finis
674 903 943 959 respondeat.
960 904 1114 958 enique
1131 902 1321 956 Dverba‚

232 991 362 1034 quam
379 976 623 1020 admirabile
650 979 714 1018 est
736 987 892 1018 nomeu
917 978 1061 1028 tuum,
1091 977 1327 1017 consonant

228 1050 334 1092 illis:
356 1049 552 1091 universa
574 1051 687 1089 terra
705 1046 863 1090 adoret!
872 1050 915 1088 te
934 1077 946 1100 ,
964 1045 1128 1100 tibique
1156 1043 1323 1101 psallat.

1237 249 1447 280 Psatuuu

2420 238 2510 283 149

1401 354 1494 394 σιν,
1530 330 1812 422 εἷρηνευσουσῖν
1845 353 1919 382 σοι·
1922 356 2051 400 προς
2085 332 2127 385 δὲ
2160 332 2311 390 τούτοις
2339 332 2404 385 δια
2436 341 2512 387 τῶν

1398 407 1546 455 κτηνῶν
1579 405 1649 453 τοῦ
1679 399 1820 451 ωεόίου
1851 401 2130 470 ωεριειληπται
2161 429 2229 454 και
2263 404 2313 456 τοὶ
2349 404 2474 474 θηρια
2494 446 2509 467 ,

1399 472 1448 528 ὦς
1479 476 1519 523 ἐν
1551 476 1600 538 τῇ
1628 470 1778 537 γενέσει
1812 475 2118 536 μεμαθήκαμεν.

1469 546 1522 593 ‘O
1552 564 1677 609 κυριος
1708 545 1834 605 ημῶν,
1867 545 1915 597 ὦς
1947 543 2183 606 θαυμαστόν
2209 542 2254 595 τὸ
2280 546 2342 594 ἕν
2328 569 2407 608 ομα
2438 571 2510 597 σου

1401 615 1440 660 ἐν
1465 611 1574 678 πάσῃ
1599 616 1648 677 τῇ
1679 616 1745 695 γῇ·

1481 249 1524 279 Vl
1530 249 1579 280 11

1397 751 1522 809 τέλος·
1546 776 1612 802 και
1636 751 1711 819 γὰρ
1735 749 1951 837 ἇρχομενος
1974 775 2044 800 και
2069 751 2225 819 λη’γων,
2245 778 2294 821 τῃ
2326 759 2428 821 αὐτῇ
2445 756 2511 806 ni-

1395 846 1542 891 χρηται
1562 821 1681 882 λεξει,
1702 819 1953 876 διδασκοντος
1975 825 2040 872 τοῖ’
2060 844 2279 886 πνευματος
2300 863 2313 885 ,
2335 847 2407 878 την
2439 831 2509 896 ἁρ-

1396 917 1478 958 χην
1496 897 1553 958 τῷ
1573 891 1681 945 τελει
1701 895 1785 941 καθ’
1803 889 2050 957 ὑποκειμενον
2072 913 2188 942 ειναι·
2200 893 2355 955 συνᾴδει
2376 918 2445 961 τω,
2455 921 2508 953 ως

1399 961 1610 1028 θαυμαςόν
1629 961 1674 1015 τό
1695 960 1816 1026 ὄνομά
1835 985 1906 1013 σου
1927 964 1967 1011 ἐν
1987 960 2098 1029 πάσῃ
2115 985 2162 1028 τῃ
2179 967 2243 1029 γῇ·
2269 987 2335 1013 και
2357 970 2412 1030 τῷ
2428 972 2506 1018 πᾶ-

1398 1059 1455 1086 σα
1472 1059 1498 1088 η
1515 1038 1568 1101 γῆ
1586 1029 1966 1101 προσκυνησάτωσαν
1988 1057 2046 1084 σοι
2065 1056 2132 1083 και
2153 1032 2396 1098 ψαλατωσάν
2430 1060 2473 1088 σο
2477 1061 2504 1086 ι.

1039 1146 1506 1194 ‘PSALMUS
1565 1147 1639 1191 lx.

234 1289 360 1379 Filii
377 1333 656 1378 vocabulum
646 1346 690 1375 m
708 1332 851 1376 multis
877 1332 1110 1388 scripturae
1133 1331 1240 1376 locis
1264 1333 1328 1376 in-

223 1408 402 1450 definite
418 1407 606 1461 ponitur.
629 1405 751 1447 Certe
769 1416 864 1446 cum
882 1416 970 1453 non
986 1403 1182 1447 adiicitur
1194 1405 1327 1447 cuius-

226 1491 330 1520 nam
353 1479 408 1520 sit
427 1478 566 1529 filius,
589 1479 756 1518 constat
784 1475 900 1517 hunc
929 1488 1017 1518 esse
1039 1476 1294 1520 salvatorem
1310 1508 1322 1530 ‚

229 1550 307 1605 qui
324 1561 447 1604 saepe
466 1549 526 1590 sic
545 1553 608 1591 est
627 1552 819 1591 ostensus
836 1561 885 1590 ac
900 1550 1154 1593 nominatus,
1174 1549 1325 1604 Itaque

222 1611 277 1651 ›in
311 1608 491 1663 epistola
512 1607 567 1651 ad
602 1609 820 1653 Hebraeos
850 1610 1028 1654 Paulus:
1068 1628 1084 1645 «
1104 1608 1293 1652 Christus
1310 1638 1322 1661 ,

239 1697 255 1714 υ
290 1679 453 1733 inquit,
471 1684 690 1734 tamquam
712 1679 825 1722 filius
851 1680 898 1722 in
919 1680 1048 1722 domo
1075 1691 1180 1731 sua,
1207 1678 1325 1720 cuius

241 1768 256 1783 υ
293 1748 445 1791 domus
465 1762 543 1791 nos
563 1762 723 1792 sumus.
736 1769 752 1786 υ
776 1752 828 1792 Et
844 1763 1012 1793 rursus:
1042 1769 1058 1784 «
1078 1750 1122 1792 iu
1136 1748 1220 1791 fine
1238 1747 1326 1790 die-

240 1840 255 1856 »
291 1833 386 1863 rum
407 1821 562 1864 horum
584 1822 754 1864 locutus
774 1826 836 1864 est
855 1821 980 1864 nobis
994 1822 1038 1863 in
1054 1820 1160 1863 filio.
1178 1839 1194 1856 »
1219 1820 1324 1863 Tum

230 1896 272 1933 et
293 1892 382 1946 ipse
411 1893 604 1935 Salvator
624 1892 676 1935 de
696 1905 740 1935 se
762 1893 808 1935 in
840 1892 1086 1946 evangelio:
1126 1911 1142 1927 α
1162 1892 1198 1934 si
1220 1902 1324 1945 ergo

238 1982 254 1998 »
290 1975 367 2004 vos
382 1962 492 2022 filius
511 1963 753 2006 liberaverit
767 1996 780 2018 ,
799 1976 898 2006 vere
913 1963 1036 2006 liberi
1049 1963 1185 2005 eritis⁴
1209 1981 1226 1999 x·
1247 1963 1325 2005 Be-

230 2045 283 2075 ne
303 2033 476 2088 insuper
502 2033 631 2076 dictio
666 2053 683 2069 «ι
702 2033 928 2077 ἰιιῇηθωυ
963 2034 1018 2077 ad
1040 2045 1236 2089 praesens
1257 2033 1324 2075 vi-

231 2105 406 2146 ctoriale
427 2105 638 2147 canticum
656 2104 863 2147 refertur:
882 2117 1063 2160 namque
1078 2105 1252 2146 huiusce
1270 2103 1324 2146 fl-

230 2176 292 2217 nis
315 2188 438 2218 causa
467 2175 637 2218 advenit
666 2176 884 2218 Salvator:
919 2175 972 2218 de
1007 2188 1095 2231 quo
1128 2176 1323 2230 princeps

222 2246 523 2301 apostolorum
552 2246 719 2289 scribit:
751 2266 768 2283 «ι
784 2250 1048 2302 reportantes
1075 2246 1203 2289 finem
1220 2245 1322 2288 fidei

233 2336 252 2351 a·
288 2317 464 2359 salutem
483 2318 740 2359 animarum:
771 2317 825 2359 de
849 2329 934 2372 qua
955 2317 1091 2360 salute
1113 2317 1322 2372 exquisie-

236 2407 252 2424 ν
288 2392 388 2430 runt
405 2392 533 2443 atque
547 2389 720 2430 scrutati
738 2392 837 2430 sunt
852 2388 1102 2443 prophetae.
1114 2407 1129 2425 υ
1151 2389 1203 2429 Et
1217 2400 1323 2442 pau-

227 2459 289 2500 cis
303 2459 555 2502 interiectis:
577 2450 947 2515 «praenuntiantes
966 2460 1135 2515 quaein
1154 2459 1321 2502 Christo

238 2548 253 2564 υ
290 2533 388 2572 sunt
402 2531 641 2586 passiones,
668 2534 711 2572 et
734 2530 991 2585 posteriores
1015 2530 1186 2584 glorias.
1214 2529 1323 2571 For-

231 2603 340 2642 tasse
373 2600 519 2643 Iudaei
556 2601 610 2643 de
647 2601 922 2644 Abessalomo
955 2601 1194 2656 psalmistae
1232 2600 1321 2643 filio

230 2670 405 2712 titulum
426 2671 545 2726 loqui
577 2672 744 2725 dicent;
775 2684 902 2726 quem
933 2676 1075 2714 tamen
1102 2683 1189 2713 non
1211 2670 1322 2713 bene

231 2740 498 2795 interpretari
525 2746 783 2796 arguuntur,
806 2742 967 2797 quippe
991 2742 1065 2797 qui
1085 2742 1245 2798 ubique
1258 2742 1321 2785 ob

231 2813 428 2854 omissam
460 2813 764 2867 scripturarum
798 2813 1098 2855 scrutationem
1129 2818 1319 2868 peccant.

231 2884 335 2926 Nam
356 2882 466 2938 quid
483 2883 708 2936 probabile
729 2883 867 2926 dicere
886 2883 1041 2926 habent
1060 2884 1112 2927 de
1133 2884 1321 2927 dictione

235 2974 251 2989 ‹-
272 2966 357 3008 -pro
379 2954 554 2996 occultis
566 2954 613 2996 ’Σο
640 2955 718 2996 nisi
735 2954 847 2996 forte
871 2954 923 2997 de
945 2955 1114 2997 occulta
1141 2955 1322 2998 Abessa-

229 3024 333 3066 lomi
358 3025 652 3068 coniuratione
682 3025 911 3073 dictionem
947 3045 964 3062 «
983 3039 1067 3081 pro
1101 3026 1278 3069 occultis
1294 3046 1315 3063 >›

229 3097 409 3150 positam
441 3096 575 3138 aiunt.
609 3096 735 3151 Atqui
758 3095 989 3139 admodum
1010 3097 1126 3139 fatue
1154 3097 1238 3139 hoc
1266 3096 1320 3139 ab

230 3168 323 3221 ipso
344 3166 516 3209 dicitur.
757 3161 761 3179 ¹

288 3237 572 3289 Theodoreti,
605 3237 814 3292 simulque
842 3237 1035 3292 Origenis
1052 3270 1065 3292 ‚
1107 3251 1156 3280 ac
1183 3238 1321 3295 Didy-

230 3307 302 3349 mi.
343 3307 642 3350 Perfectorum
686 3307 908 3350 hominum
949 3319 1043 3349 mos
1081 3311 1144 3349 est
1181 3311 1322 3350 totum

228 3390 352 3421 suum
369 3379 461 3420 Deo
485 3391 562 3420 cor
585 3378 741 3421 offerre
757 3409 770 3432 ,
799 3380 922 3433 eique
941 3377 1181 3424 universam
1201 3390 1321 3421 men-

229 3454 315 3492 tem
336 3448 492 3492 dicare.
528 3467 545 3485 ι
562 3449 719 3504 Diliges
741 3449 851 3492 enim
869 3479 882 3502 ‚
903 3449 1048 3503 inquit
1063 3479 1076 3502 ‚
1101 3447 1322 3491 domiuum

236 3539 252 3556 ι
287 3521 423 3563 Deum
454 3525 575 3563 tuum
605 3533 655 3562 ex
685 3524 779 3563 toto
811 3519 941 3563 corde
960 3524 1036 3562 tuo
1053 3550 1066 3573 ,
1089 3523 1203 3562 etex
1219 3520 1321 3563 totis

212 3582 252 3627 ἰ»
289 3591 450 3634 viribus
480 3592 589 3645 tuis,
622 3595 666 3633 et
694 3603 746 3633 ex
773 3594 863 3633 tota
895 3591 1032 3633 anima
1060 3594 1162 3644 tua,
1195 3595 1238 3633 et
1269 3603 1320 3634 ex

236 3681 252 3698 »
286 3666 379 3705 tota
396 3664 551 3705 virtute
572 3667 690 3704 tua.»
717 3661 799 3714 Qui
817 3666 956 3704 autem
977 3674 1064 3704 non
1079 3666 1141 3704 est
1160 3663 1217 3705 ita
1242 3661 1319 3705 ad-

228 3733 388 3786 fectus,
424 3733 540 3776 baud
576 3737 718 3789 potest
753 3745 854 3775 vere
884 3731 1049 3775 dicere-z
1083 3732 1320 3776 confitebar

230 3803 307 3847 tibi
324 3835 336 3859 ‚
370 3805 574 3859 Domine,
601 3808 695 3847 toto
717 3802 846 3847 corde
867 3816 978 3847 meo.
1005 3804 1220 3861 Propheta
1238 3818 1317 3849 au-

1396 1289 1500 1375 Εν
1533 1329 1691 1381 πολλοῖς
1723 1324 1763 1376 δὲ
1801 1349 1872 1382 της
1909 1330 2059 1394 γραφῆς
2097 1325 2291 1395 ἀορίστως
2327 1329 2497 1415 εἴρηται·

1397 1420 1454 1460 μη
1487 1394 1762 1462 προσκειμένου
1793 1394 1839 1446 δέ
1877 1419 1945 1448 του
1980 1419 2084 1452 τινος
2120 1398 2140 1446 3
2171 1397 2255 1455 υιός
2291 1397 2461 1466 ὖπαρχει
2484 1435 2499 1458 ,

1398 1465 1563 1535 φανερὸν
1597 1470 1657 1516 οτι
1687 1470 1707 1516 o‘
1743 1489 1871 1534 σωτηρ
1904 1470 2046 1525 ἐστιν,
2079 1467 2311 1531 δηλουμενος
2342 1475 2500 1521 πολλα-

1397 1560 1473 1600 χου
1491 1539 1611 1593 οὕτως
1638 1536 1941 1602 ὂνομαζομενος·
1965 1540 2004 1587 ἐν
2027 1541 2117 1604 γοῦν
2140 1542 2193 1605 τῇ
2215 1537 2311 1616 πρὸς
2329 1538 2496 1608 Ἑβραι-

1399 1629 1465 1663 ους
1497 1610 1689 1674 ἐπιστολῇ
1724 1612 1744 1655 o‘
1777 1612 1940 1663 Παῦλος
1978 1632 1995 1652 «ι
2025 1606 2202 1672 Χριστος
2224 1647 2237 1669 ,
2272 1615 2380 1660 εἰπεν
2401 1649 2414 1668 ,
2446 1610 2498 1665 ὡς

1406 1700 1424 1720 1·
1460 1676 1542 1732 υἱός
1570 1676 1633 1728 ἐπι
1661 1675 1727 1729 τὸν
1752 1694 1850 1728 οικον
1872 1681 2051 1738 αὐτου,ο
2034 1675 2080 1726 οἷῗ
2101 1673 2204 1734 οἶκός
2230 1700 2345 1743 εσμεν
2367 1683 2494 1744 ἡμεῖς.

1407 1770 1424 1790 ι
1461 1745 1546 1797 Κοιι
1579 1746 1713 1799 πάλιν·
1747 1751 1808 1800 ἐπ’
1845 1747 2050 1813 ἐσχάτου
2054 1770 2130 1797 των
2165 1748 2319 1836 ἧμερων
2352 1771 2497 1800 τουτων

1406 1841 1424 1861 »
1462 1820 1656 1870 ἐλάλησεν
1687 1819 1782 1881 η’μῗν
1815 1820 1855 1868 ἐν
1886 1823 1972 1882 υιῷ.
2002 1842 2020 1863 n
2057 1842 2124 1867 και
2150 1818 2268 1875 αυτὸς
2298 1817 2391 1869 33‘
2374 1844 2392 1869 ο
2418 1843 2497 1870 σω-

1397 1887 1471 1955 τ’)ιρ
1501 1911 1586 1956 περι
1617 1891 1764 1938 ἑαυτοῦ
1796 1892 1835 1938 ἐν
1868 1874 2100 1954 εὐαιγγελιῳ·
2132 1913 2150 1934 ιι
2170 1887 2237 1937 ἐὰν
2267 1885 2332 1940 οῧν
2362 1894 2383 1939 3
2409 1887 2497 1947 υἱός

1403 1981 1424 2002 ιο
1456 1959 1568 2021 υμᾶς
1600 1958 1872 2026 ἐλευθερώσῃ,
1899 1958 2097 2025 ἐλεύθεροι
2129 1959 2292 2049 εσεσθε.
2320 1984 2339 2005 ιο
2366 1955 2430 2009 Ευ
2453 1959 2494 2008 δὲ

1396 2026 1463 2076 mvl
1495 2027 1540 2077 το“
1573 2032 1630 2084 εἰς
1662 2027 1799 2091 τέλος,
1829 2027 2025 2097 ἀναφορὰν
2060 2030 2147 2093 ἔχει
2162 2028 2266 2097 πρός
2299 2051 2371 2084 την
2403 2051 2496 2097 προ-

1392 2097 1572 2162 κειμένην
1607 2097 1784 2150 ἐπινικιον
1823 2098 1936 2164 ᾠόην·
1977 2103 2045 2150 τοῦ
2074 2098 2150 2186 γὰρ
2176 2098 2315 2156 τέλους
2351 2099 2497 2150 ἐκείνου

1394 2167 1510 2237 χάριν
1542 2169 1834 2233 ἐπεδημησεν“
1814 2193 1834 2218 ο
1868 2168 2014 2237 σωτήρ·
2047 2191 2135 2237 περι
2166 2167 2212 2220 οὑ
2240 2172 2263 2220 o‘
2294 2169 2495 2260 πρόκρρτος

1392 2243 1473 2288 τῶν
1506 2239 1742 2291 ἀποστολων
1777 2238 1931 2326 γράφει·
1975 2264 1994 2285 ιι
2018 2239 2259 2304 κομιζομενοι
2297 2241 2340 2292 τὸ
2380 2239 2494 2297 τέλος

1403 2333 1422 2353 n
1460 2314 1532 2364 τῆς
1564 2333 1738 2367 πιστεως
1755 2332 1958 2376 σωτηριαν
1991 2315 2143 2374 ψυχων
2170 2334 2257 2379 περι
2286 2309 2337 2366 ᾗς
2370 2333 2496 2362 σωτη-

1403 2402 1422 2424 »
1458 2378 1546 2447 ρῖας
1580 2379 1821 2437 ἕξεζητησαν
1852 2404 1918 2429 και
1950 2379 2211 2447 ἑξηρευνησαν
2242 2385 2489 2450 προφῆται.»

1393 2449 1479 2498 Και
1501 2472 1579 2513 μετ
1621 2449 1756 2517 ὀλιγα·
1794 2472 1900 2539 ((ωρο
1903 2471 2191 2519 μαρτυροιμενοι
2216 2473 2268 2502 τοι
2304 2456 2362 2506 εἰς
2396 2458 2494 2519 Χρι-

1400 2540 1424 2567 x
1455 2519 1534 2578 ςὲν
1560 2519 1779 2585 παθηματα
1810 2545 1877 2570 και
1913 2522 1986 2578 τὰς
2022 2521 2127 2584 μετὰ
2157 2526 2287 2572 ταῦτα
2318 2519 2447 2577 δόξας.
2464 2540 2490 2568 )›

1377 2588 1501 2646 Ἴσως
1536 2592 1716 2641 Ἰουδαῖοι
1754 2613 1845 2656 ωερι
1883 2595 1951 2641 τοῧ
1982 2590 2227 2656 Ἀβεσαλωμ
2241 2614 2374 2681 vom-⁰3
2410 2592 2495 2640 υἷοῧ

1393 2663 1464 2710 τοῦ
1488 2659 1749 2724 ψαλλοντος’
1730 2667 1881 2728 εροῧσιν
1901 2684 1971 2714 την
1992 2661 2210 2750 ἐπιγραφην
2229 2683 2356 2723 ειναι,
2380 2663 2494 2727 ἐλεγ-

1392 2730 1551 2794 χόμενοι
1587 2731 1639 2787 ὧς
1677 2735 1721 2780 023
1756 2736 1884 2787 καλως
1920 2730 2049 2786 αὐτην
2087 2731 2378 2811 ἐξειλήφασιν,
2417 2733 2491 2783 ἅτε

1393 2799 1462 2850 διοὶ
1490 2798 1648 2851 πάντων
1679 2801 1918 2868 ἐσφαλμένοι
1942 2807 1999 2867 τῷ
2019 2826 2074 2867 μη
2107 2803 2264 2869 ἐρευνᾳν
2297 2801 2370 2857 τὰς
2395 2823 2493 2868 ypa-

1394 2888 1483 2957 φας·
1517 2869 1556 2921 ‘ct'
1588 2869 1664 2936 γάρ
1693 2895 1761 2920 και
1792 2870 1981 2923 πειθανόν
2014 2874 2137 2923 εἶπειν
2171 2894 2329 2935 εχουσιν
2357 2893 2412 2926 εις
2444 2870 2490 2920 ro*

1393 2962 1477 3007 περι
1511 2960 1586 2990 των
1616 2963 1810 3008 κρυφιωνς
1844 2942 1879 2990 εἷ
1918 2965 1976 3004 μη
1994 2943 2098 3027 ἄρα
2131 2964 2218 3008 περι
2260 2946 2336 2991 τῶν
2367 2939 2491 3008 κρυβ-

1392 3013 1459 3063 δην
1495 3010 1709 3074 γενομένων
1746 3010 1918 3075 σκέψεων
1950 3017 2016 3062 τοῦ
2042 3009 2310 3074 Αβεσσαλωμ
2343 3013 2491 3076 ἑροῧσιν

1388 3078 1445 3131 τοὶ
1475 3078 1576 3147 ὖωὲρ
1609 3085 1684 3130 τῶν
1720 3103 1883 3167 κρυφιων
1917 3085 2099 3132 κεῖσθαι·
2138 3082 2222 3147 ἔχει
2259 3079 2302 3131 δὲ
2333 3079 2490 3134 ωολλην

1393 3148 1574 3203 εὐήθειαν
1605 3148 1649 3202 τό
1683 3149 1941 3216 λεγὸμενον“
1918 3175 1974 3202 υπ
2014 3155 2160 3204 αὐτῶν.

1461 3219 1748 3288 Θεοδωρητου
1729 3244 1800 3285 ομο
1785 3226 1829 3271 ὖ
1848 3220 2071 3288 Ὠριγὲνους
2094 3245 2159 3271 και
2185 3223 2370 3286 Διδύμου·
2397 3225 2487 3272 Τῶν

1392 3288 1550 3343 τελείων
1591 3292 1690 3342 ἰ’διον
1735 3292 1780 3342 τὸ
1827 3295 1966 3342 ωᾶσαν
2018 3292 2255 3343 ἀνατιθέναι
2309 3296 2365 3357 τῷ
2408 3296 2493 3356 θεῷ

1393 3384 1473 3414 την
1492 3360 1664 3429 ααρδιαν
1681 3400 1696 3447 ,⁹
1742 3384 1807 3411 και
1853 3383 1996 3412 ωασαν
2032 3366 2141 3427 αὐτῷ
2173 3367 2381 3455 καθιερουν
2418 3382 2490 3416 την

1391 3430 1578 3483 διάνοιαν·
1622 3457 1640 3478 ιι
1668 3431 1898 3498 dycta-noeis
1934 3430 2045 3499 γάρ,
2088 3455 2220 3500 φησι,
2256 3431 2406 3520 κυριον
2420 3431 2487 3484 τον

1401 3527 1419 3548 »
1454 3500 1549 3551 θεόν
1580 3524 1651 3552 ,σου
1682 3505 1725 3559 ἐξ
1761 3505 1856 3558 ὅλης
1890 3506 1962 3558 τῆς
1996 3503 2159 3570 καρδιας
2197 3527 2268 3554 σου
2288 3543 2302 3563 ,
2339 3527 2405 3553 και
2446 3506 2487 3558 ἐξ

1399 3597 1417 3617 ιι
1455 3574 1549 3628 ὅλης
1580 3576 1718 3637 ψυχης
1750 3595 1853 3630 σοιν,
1885 3596 1953 3622 και
1986 3576 2028 3630 εξ
2058 3576 2152 3630 ολης
2185 3597 2258 3631 της
2291 3571 2487 3636 δυνάμεως

1399 3666 1417 3687 ι
1454 3662 1538 3692 σου·
1569 3666 1587 3687 ¹·
1615 3645 1635 3693 ὅ
1661 3640 1704 3693 δὲ
1736 3665 1792 3706 μη
1821 3645 1919 3694 οὕτω
1949 3642 2212 3708 διακείμενος,
2246 3647 2290 3694 οὔ
2318 3641 2489 3692 δύναται

1390 3715 1513 3764 εἰπεῖν
1556 3711 1794 3774 ἀληθεύων,
1839 3710 2176 3780 ἐξομολογῆσομαῖ
2210 3738 2267 3765 σοι
2310 3710 2411 3780 κύριε
2448 3714 2488 3760 ἓν

1389 3786 1462 3849 ὅλῃ
1493 3781 1636 3850 καρδίᾳ
1658 3799 1747 3848 μου·
1767 3784 1793 3833 13
1818 3781 1860 3834 δὲ
1879 3783 2085 3855 προφήτης
2111 3788 2392 3849 πνευματικοῖς
2417 3785 2487 3849 ὀφ-

1772 613 1973 677 Ἔπρεπεν
2008 634 2076 664 την
2111 614 2174 664 ἐπι
2215 614 2409 673 ἀνας-άσει
2441 622 2519 670 τοῦ.

1383 687 1567 750 -σωτῆρος
1598 667 1804 748 λεγομένην
1826 681 1980 746 ᾠόἢν“’
1955 702 2086 745 ομοιον
2112 683 2218 747 ἔχειν
2251 689 2300 751 τῇ
2329 690 2437 753 ἀρχῇ
2461 686 2509 737 το*

2542 1331 2572 1460 0oe>3
