2996 4432
550 248 597 279 vl
1517 245 1575 277 AD
1608 244 1853 278 BomzoNEM

548 330 717 388 Quinta
748 343 858 392 pars
890 328 1097 375 continet
1120 327 1181 375 de
1213 326 1493 376 clericorum
1525 331 1830 379 instructione
1862 344 1923 378 ac
1960 332 2248 380 nutrimento
2287 330 2361 381 vel
2403 332 2625 396 qualitate
2663 335 2804 396 vitae.

548 407 683 455 Sexta
717 421 824 468 pars
862 406 1068 452 continet
1099 403 1160 452 de
1191 406 1457 469 praeposito
1489 404 1828 458 monachorum
1846 441 1858 462 ‚
1894 415 1941 454 et
1972 406 2262 471 professione
2300 410 2720 458 sanctimonialium
2755 427 2808 460 ac

611 483 877 530 viduarum.

544 561 748 624 Septima
781 575 889 622 pars
922 559 1126 606 continet
1158 559 1218 607 de
1251 559 1403 615 laicis,
1438 559 1803 624 imperatoribus
1834 560 2034 617 scilicet,
2070 562 2383 627 principibus,
2411 578 2464 611 ac
2487 563 2679 627 reliquis
2702 580 2803 613 sae-

610 637 705 686 culi
738 635 999 685 ordinibus.

543 716 717 763 Octava
749 730 857 778 pars
891 714 1098 762 continet
1129 714 1190 762 de
1222 730 1389 763 norma
1421 714 1532 763 fidei
1572 714 1848 764 christianae
1868 749 1881 772 ‚
1917 723 1964 764 et
2004 717 2151 779 gratia
2193 717 2397 774 Christi,
2443 734 2496 766 ac
2534 718 2806 766 divinorum

608 791 939 840 mandatorum
972 794 1283 840 exsecutione.
1397 847 1399 850 Α

543 872 676 918 Nona
709 885 818 933 pars
850 870 1057 918 continet
1088 870 1149 918 de
1182 878 1472 918 sacramento
1505 869 1794 932 baptismatis
1813 903 1827 924 ‚
1863 879 1911 917 et
1942 868 2244 934 baptizandis.
2263 887 2316 920 ac
2347 872 2603 936 baptizatis.

542 949 729 996 Decima
762 963 871 1011 pars
904 949 1110 995 continet
1143 948 1203 995 de
1236 948 1522 1011 templorum
1554 948 1823 995 divinorum
1856 948 2162 997 institutione·
2178 958 2225 998 et
2257 950 2386 998 cultu
2411 965 2463 998 ac
2486 950 2712 1014 praediis,
2739 950 2800 997 de

608 1024 842 1074 sacrifieiis
864 1061 876 1081 ‚
913 1024 1232 1073 oblationibus
1267 1040 1319 1072 ac
1352 1024 1562 1072 decimis.

542 1103 795 1151 Undecima
828 1119 935 1166 pars
968 1105 1173 1150 continet
1206 1102 1266 1149 de
1299 1102 1610 1150 sollemnitate
1644 1102 1879 1166 paschali,
1905 1111 1952 1151 et
1984 1103 2178 1167 reliquis
2210 1103 2534 1152 festivitatibus
2567 1119 2620 1152 ac
2653 1103 2796 1152 feriis.

541 1180 825 1229 Duodecima
859 1196 966 1244 pars
1000 1181 1205 1227 continet
1238 1179 1298 1226 de
1331 1179 1573 1226 haereticis
1594 1214 1606 1234 ‚
1642 1180 1943 1228 schismaticis
1967 1194 1989 1236 ,’
2013 1180 2191 1228 iudaeis
2212 1215 2225 1235 ‚
2262 1190 2401 1244 atque
2434 1182 2642 1244 paganis.

607 1259 746 1304 Nunc·
777 1274 841 1303 ex
870 1268 1011 1321 parte
1043 1255 1215 1319 quinta
1231 1292 1243 1307 ‚
1271 1271 1394 1319 qaae
1418 1267 1487 1303 est
1520 1255 1579 1302 de
1611 1256 1891 1304 elericorum
1925 1256 2224 1305 institutione
2249 1270 2338 1305 etc.
2375 1259 2538 1305 titulos
2571 1256 2802 1325 quosdam

695 1333 980 1399 praecipuos
1012 1332 1117 1380 heic
1150 1333 1489 1386 describemus,
1531 1350 1647 1397 quos
1681 1333 1899 1397 conferre
1932 1334 2116 1382 iuvabit
2151 1351 2259 1382 eum
2289 1335 2445 1383 titulis
2477 1334 2594 1382 libri
2613 1332 2804 1397 septimi

701 1410 753 1456 in
784 1409 1042 1474 Spicilegio
1075 1421 1236 1457 nostro
1269 1409 1429 1457 editis.

576 1522 586 1533 .
623 1488 691 1534 De
723 1487 796 1534 his
828 1502 947 1549 quos
980 1486 1040 1534 ab
1073 1487 1264 1534 infantia
1297 1497 1514 1550 parentes
1547 1487 1790 1536 clericatus
1822 1487 1981 1537 officio
2012 1489 2353 1552 manciparunt.

575 1599 586 1611 .
623 1564 746 1620 Quid
780 1564 1037 1612 cavendum
1069 1564 1130 1612 de
1163 1565 1235 1613 his
1270 1567 1351 1628 qui
1386 1564 1445 1612 ab
1477 1565 1669 1614 infantia
1703 1567 1753 1613 in
1786 1566 1976 1614 ecclesia
2009 1566 2285 1614 educantur.

574 1678 585 1689 .
621 1643 760 1699 Quod
794 1658 890 1690 non
923 1651 1138 1706 oporteat
1170 1643 1230 1690 ad
1263 1644 1442 1691 clerum
1475 1645 1632 1691 statim
1665 1653 1772 1708 post
1803 1643 2089 1709 baptismum
2118 1645 2405 1708 promoveri.

573 1756 585 1768 .
621 1722 689 1768 De
722 1721 999 1768 clericorum
1032 1723 1400 1769 conversatione.

574 1834 585 1846 .
621 1801 689 1846 De
721 1800 1014 1862 grandaevis

619 1878 687 1924 De
720 1876 886 1924 officiis
920 1878 1216 1925 clericorum.
1406 1920 1408 1922 .

621 1954 790 2011 Quales
823 1956 1028 2018 magistri
1061 1956 1111 2002 in
1144 1956 1415 2019 episcopatu
1450 1955 1650 2003 debeant
1682 1957 1916 2004 constitui.

617 2033 677 2080 Ut
708 2032 863 2079 clerici
897 2032 1113 2080 ecclesiae
1147 2032 1348 2080 fideliter
1380 2034 1631 2081 servientes
1664 2031 1821 2082 debita
1853 2033 2081 2097 stipendia
2115 2040 2475 2096 consequantur.

535 2111 582 2156 9.
618 2110 686 2157 Β6
718 2109 1031 2157 saecularibus
1063 2110 1262 2172 negotiis
1294 2108 1561 2157 inhibendis
1595 2110 1851 2158 secundum
1885 2126 2102 2159 canones.

537 2189 614 2234 10.
653 2187 866 2235 Cavenda
901 2188 1347 2236 clericis-consortia
1380 2189 1648 2236 mulierum.

537 2267 614 2312 12.
651 2266 709 2312 Ut
742 2266 780 2312 si
814 2265 957 2312 laicus
987 2266 1180 2313 viduam
1213 2265 1404 2313 duxerit
1426 2300 1438 2320 ‚
1476 2266 1671 2314 clericus
1704 2282 1801 2315 non
1834 2265 1932 2314 fiat.

537 2342 613 2389 13.
650 2343 717 2389 De
750 2343 929 2389 clericis
962 2351 1007 2390 et
1039 2344 1280 2390 monachis
1301 2379 1314 2398 ‚
1351 2342 1524 2406 quibus
1559 2359 1669 2391 cura
1704 2360 1793 2407 pro
1827 2342 2093 2408 parentelae
2134 2341 2431 2405 proximitate
2469 2338 2791 2386 committitur.

537 2419 613 2466 14.
649 2419 708 2466 Ut
741 2420 895 2466 clerici
929 2420 1003 2466 vel
1038 2421 1327 2467 continentes
1360 2420 1421 2468 ad
1452 2420 1618 2468 viduas
1650 2421 1725 2468 vel
1759 2422 1964 2483 virgines
1996 2434 2094 2466 non
2129 2417 2364 2466 accedant.

537 2497 613 2542 15.
651 2497 788 2552 Quod
822 2513 918 2544 non
951 2506 1166 2560 oporteat
1200 2499 1471 2561 peregrinos
1505 2499 1698 2546 'clericos
1731 2500 1830 2545 sine
1873 2496 2268 2545 commendaticiis
2305 2493 2470 2542 litteris
2508 2493 2798 2539 ministrare..

537 2574 615 2620 16.
650 2573 788 2629 Quod
821 2574 1013 2635 minime
1046 2574 1238 2622 clericos
1274 2577 1604 2637 transmigrare
1636 2576 1898 2622 conveniat.
2661 2573 2665 2577 ’

535 2652 614 2696 17.
651 2651 718 2697 De
751 2665 848 2697 non
882 2651 1153 2699 ordinandis
1186 2652 1364 2699 clericis
1398 2651 1560 2699 alienis
1593 2653 1692 2699 sine
1725 2666 1953 2699 consensu
1986 2651 2206 2714 episcopi.

535 2727 610 2774 18.
649 2728 715 2774 De
749 2729 1105 2790 peregrinorum
1139 2731 1448 2792 susceptione.

534 2805 610 2851 19.
649 2805 717 2851 Β6
748 2805 1050 2868 suscipiendis
1083 2806 1155 2854 his
1188 2808 1268 2869 qui
1303 2807 1673 2869 persecutionem
1707 2806 1963 2869 patiuntur.

528 2883 610 2929 20.
647 2882 706 2929 Ut
740 2882 917 2930 alienus
950 2883 1146 2931 clericus
1179 2885 1372 2931 minime
1405 2884 1681 2946 suscipiatur
1714 2882 1774 2930 ab
1808 2884 1916 2931 alio.

529 2960 610 3006 21.
648 2959 815 3015 Quales
849 2960 1004 3008 clerici
1037 2960 1097 3008 ad
1131 2962 1441 3009 ministerium
1475 2962 1723 3024 eligantur.

530 3039 613 3084 22.-
648 3038 708 3084 Ut
740 3037 897 3084 nullus
931 3038 1147 3086 sacerdos
1179 3039 1254 3086 vel
1288 3039 1482 3086 clericus
1515 3038 1790 3086 inobediens
1823 3039 1986 3085 existat
2018 3053 2106 3085 suo
2138 3037 2375 3103 episcopo..

527 3115 608 3161 23.
645 3116 704 3161 Ut
736 3130 876 3161 nemo
910 3115 1185 3163 clericorum
1200 3151 1212 3171 ‚
1246 3132 1367 3178 quae
1391 3117 1450 3163 de
1473 3116 1768 3163 sacramentis
1792 3115 2003 3178 delegata
2028 3121 2136 3162 sunt
2159 3112 2404 3176 neglegere
2430 3107 2620 3161 audeat,
2647 3114 2692 3153 et
2716 3120 2790 3153 sa-

594 3200 826 3238 cramenta
859 3192 1014 3240 divina
1048 3185 1343 3255 nequaquam
1377 3194 1676 3255 neglegenter
1710 3199 1979 3239 contrectet.

528 3267 610 3313 24.
649 3268 786 3322 Quod
820 3283 986 3330 parum
1020 3271 1080 3317 sit
1113 3271 1293 3317 homini
1318 3271 1539 3333 religioso
1565 3285 1661 3317 non
1686 3285 1900 3317 exercere
1929 3268 2192 3316 inimicitias
2216 3267 2417 3314 aliorum
2440 3261 2562 3310 male
2590 3260 2788 3323 loquen-

594 3343 687 3397 do,
726 3346 812 3391 nisi
846 3361 922 3391 eas
956 3355 1084 3393 curet
1118 3349 1387 3412 extinguere
1419 3347 1540 3395 bene
1572 3348 1829 3411 loquendo.

527 3419 608 3466 25.
647 3420 708 3466 Ut
739 3424 1056 3485 unusquisque
1090 3434 1249 3487 parcat
1281 3441 1307 3472 a
1340 3425 1619 3472 laceratione
1650 3425 1725 3473 vel
1764 3423 2051 3473 detractione
2085 3422 2270 3486 linguae
2301 3435 2428 3469 suae.

527 3497 608 3543 26.
646 3497 706 3543 Ut
738 3496 891 3544 clerici
926 3497 1184 3547 abstineant
1218 3500 1277 3548 ab
1310 3502 1478 3548 usuris.
2363 3512 2367 3521 “

526 3574 608 3619 27.
646 3574 714 3619 Ι)6
747 3573 925 3620 clericis
956 3591 1120 3623 usuras
1154 3577 1500 3640 accipientibus·

525 3651 607 3697 28.
644 3651 703 3697 Ut
734 3649 783 3696 hi
815 3651 896 3712 qui
929 3651 976 3697 in
1010 3655 1211 3700 sacrario
1245 3655 1456 3702 serviunt
1491 3670 1654 3702 usuras
1688 3671 1784 3703 non
1817 3655 2018 3718 exigant.

526 3728 607 3774 29.
645 3727 784 3782 Quod
817 3742 980 3774 usuras
1014 3744 1109 3775 non
1144 3730 1296 3777 solum
1333 3731 1486 3778 cleriei
1522 3733 1704 3794 exigere
1738 3748 1834 3779 non
1867 3731 2102 3787 debeant,
2135 3731 2216 3780 sed
2255 3745 2342 3780 nec
2382 3729 2485 3778 laici
2525 3726 2777 3776 christiani.

525 3803 606 3852 30.
643 3805 703 3852 Ut
734 3803 930 3853 clericus
963 3821 1048 3853 nec
1082 3821 1166 3854 suo
1202 3823 1286 3854 nec
1320 3808 1473 3855 alieno
1507 3811 1697 3856 nomine
1730 3809 1896 3858 foenus
1928 3817 2151 3859 exerceat.
