2996 4432
423 254 514 299 110
964 278 966 280 v
1222 224 1236 239 ⁹
1346 256 1476 294 caan.
1513 239 1753 295 nnusnsmr

410 353 663 408 defensore,
701 349 950 406 interposita
988 360 1130 405 poena
1162 346 1309 391 damni
1341 349 1547 404 pecuniae
1579 353 1708 405 atque
1738 347 1917 392 honoris
1933 379 1946 404 ‚
1980 361 2068 406 quo
2103 363 2181 394 nec
2214 354 2394 394 aetatem
2423 363 2502 395 nec
2538 365 2683 397 sexum

342 426 349 439 ³
418 422 703 466 excusandum
736 434 824 465 esse
853 421 1146 477 praecipiunt,
1177 420 1296 475 pelli.
1322 438 1349 465 ω,
1379 421 1431 464 In
1462 421 1646 465 concilio
1673 419 1891 475 agathensi
1916 434 2011 478 cap.
2040 424 2175 466 Nm·
2218 441 2234 458 «ι
2255 423 2442 466 Clericus
2475 424 2510 466 si
2534 426 2686 469 relicto

190 505 259 536 cod.
273 504 293 534 f.
312 507 373 534 156.

99 784 110 791 '
131 779 247 814 Regist.
267 779 300 807 L.
319 778 372 807 111.

104 820 149 846 56.
167 814 373 851 nequiverint.

198 2710 265 2739 COd.
286 2710 307 2739 f.
328 2714 388 2739 157.

418 494 565 538 officio
594 506 672 536 suo
715 497 893 548 propter
927 491 1242 534 distinctionem
1270 490 1325 535 ad
1356 492 1611 535 saecularem
1646 491 1823 535 fortasse
1854 492 2097 548 confugerit
2129 506 2353 550 personam
2374 527 2386 549 ,
2420 499 2464 537 et
2494 497 2532 538 ei
2565 498 2600 539 is
2629 496 2686 540 ad

418 578 545 622 quem
579 565 786 617 recurrit,
820 564 1021 606 solatium
1049 562 1306 606 defensionis
1335 563 1620 619 impenderit,
1648 574 1746 605 cum
1778 562 1930 606 eodem
1956 563 2010 606 de
2041 565 2241 609 ecclesiae
2274 567 2571 609 communione
2594 569 2687 623 pel-

417 639 546 681 latur.
570 656 587 673 »
620 636 850 691 Gregorius
877 635 1063 680 Iohanni
1090 634 1294 691 episcopo
1322 634 1559 678 ravennati.
1600 633 1670 677 «Si
1688 633 1928 690 presbyteri
1956 635 2024 677 vel
2053 636 2108 679 ad
2132 641 2255 680 tuum
2283 637 2487 681 iudicium
2503 668 2514 689 ,
2537 639 2605 681 vel
2631 639 2687 682 ad

418 722 522 763 nos,
553 709 760 751 maiorum
788 707 887 749 fulti
918 706 1188 762 patrocinio,
1213 707 1333 763 qnod
1352 719 1441 749 non
1471 705 1681 749 credimus
1698 737 1711 760 ‚
1733 705 1879 748 venire
1913 704 2208 762 despexerint,
2238 713 2282 751 et
2311 710 2358 752 in
2391 710 2568 752 obiectis
2604 710 2687 752 sibi

419 780 617 836 capitulis
644 779 959 822 contumaciter
985 778 1245 834 respondere
1272 778 1526 821 tentaverint
1538 776 1576 831 *‚
1598 777 1796 820 volumus
1816 781 1865 820 ut
1892 778 1953 820 eis
1980 782 2080 833 post
2098 779 2325 822 secundam
2352 786 2394 823 et
2414 781 2588 824 tertiam
2613 781 2688 824 ad·-

418 852 699 895 monitionem
730 854 871 904 tuam,
901 850 1181 892 ministerium
1209 850 1318 892 sacri
1339 848 1568 891 interdicas
1599 848 1757 903 officii,
1782 852 1910 904 atque
1939 848 2066 892 nobis
2094 848 2149 891 de
2170 862 2318 892 eorum
2336 853 2558 895 renuncies
2580 865 2687 895 con·d

418 924 613 966 tumacia.
650 921 767 965 idem
796 922 991 964 Romano
1021 921 1200 964 exarcho
1231 933 1310 976 per
1339 919 1520 963 Italiam.
1558 938 1575 956 «
1590 921 1787 963 Pervenit
1805 919 1860 963 ad
1888 933 1968 963 nos
1987 921 2231 977 Speciosum
2253 922 2479 977 quemdam
2509 923 2688 980 presby-

418 1000 557 1037 terum
588 993 892 1036 ecclesiastieae
923 991 1237 1035 constitutionis
1265 992 1415 1047 vigore
1451 990 1652 1047 despecto
1669 1022 1682 1046 ,
1719 992 1923 1047 episcopo
1960 1004 2068 1046 suo,
2100 995 2241 1034 vestra
2278 992 2435 1035 fretum
2471 992 2653 1038 tuitione
2673 1026 2685 1047 ,

418 1067 625 1109 resistere.
659 1067 713 1107 Et
740 1064 866 1107 infra.
900 1064 1090 1107 Petimus
1120 1074 1223 1115 ergo
1253 1067 1304 1104 ut
1320 1062 1379 1105 *in
1407 1066 1529 1105 tanto
1559 1074 1637 1105 vos
1666 1067 1844 1118 peccato
1869 1062 2050 1105 'miscere
2080 1062 2322 1106 nullatenus
2349 1063 2550 1106 debeatis.
2582 1066 2689 1108 Nam

422 1136 666 1180 huiusmodi
696 1137 964 1191 iniquitatem
994 1134 1246 1189 impunitam
1275 1134 1714 1190 propteerominum
1743 1134 1863 1176 nullo
1897 1133 2030 1177 modo
2068 1135 2257 1189 patimur
2295 1146 2528 1178 remanere.
2566 1123 2688 1179 Unde

419 1210 573 1251 iterum
604 1219 860 1262 quaesumus
879 1237 891 1259 ‚
925 1210 974 1247 ut
1004 1205 1250 1255 excellentia
1278 1209 1421 1248 vestra
1449 1205 1494 1247 in
1522 1205 1673 1248 talium
1701 1218 1746 1248 se
1777 1218 1995 1248 causarum
2025 1205 2271 1248 defensione
2300 1219 2390 1249 non
2409 1208 2620 1260 misceat,
2635 1219 2690 1250 ne

421 1281 549 1323 etiam
578 1280 690 1321 Deus
719 1290 837 1320 suam
867 1275 1068 1319 defendat
1097 1277 1290 1319 iniuriam
1306 1307 1318 1330 ,
1351 1281 1394 1319 et
1422 1276 1535 1319 inter
1564 1288 1644 1319 nos
1674 1276 1852 1319 aliorum
1884 1278 2019 1332 pariat
2047 1277 2175 1331 culpa
2213 1276 2485 1320 discordiam.
2509 1297 2526 1314 ν
2571 1271 2688 1321 Idem

421 1353 466 1393 in
496 1351 693 1404 registro.
734 1347 974 1391 «Omnibus
1004 1351 1155 1390 notum
1186 1352 1271 1402 est,
1303 1347 1515 1403 piissimos
1545 1348 1752 1391 Dominos
1781 1348 2044 1403 disciplinam
2068 1348 2246 1404 diligere
2262 1381 2274 1403 ,
2301 1349 2472 1392 ordines
2503 1358 2688 1404 servare,

421 1433 605 1465 canones
635 1420 828 1462 venerari
845 1449 857 1472 ‚
890 1423 933 1461 et
961 1419 1007 1461 in
1035 1419 1170 1461 causis
1199 1431 1243 1461 se
1272 1418 1603 1462 sacerdotalibus
1631 1431 1719 1462 non
1749 1419 1969 1461 miscere.»
2003 1418 2124 1462 Idem
2152 1421 2307 1461 Sereno
2348 1421 2577 1475 episcopo.
2611 1440 2627 1455 «
2649 1421 2691 1462 Si

425 1492 564 1548 (quod
595 1492 723 1544 absit)
756 1489 915 1533 salubri
944 1490 1109 1532 monito
1141 1489 1316 1533 clerIcos
1346 1494 1445 1533 tuos
1474 1490 1628 1533 videris
1656 1492 1701 1537 in
1730 1490 1846 1534 nullo
1877 1491 2116 1547 proficere,
2139 1497 2181 1535 et
2203 1492 2284 1534 hos
2315 1504 2488 1548 quoque
2520 1493 2687 1535 curabis

423 1577 448 1606 a
476 1568 518 1606 te
546 1563 699 1618 procul
715 1561 924 1614 abiicere,
947 1574 1001 1603 ne
1023 1561 1256 1616 pravitates
1275 1573 1424 1612 eorum
1447 1574 1498 1604 ex
1520 1574 1572 1604 eo
1593 1562 1714 1617 quod
1740 1562 2005 1618 recipiuntur
2021 1593 2033 1616 ,
2050 1562 2282 1617 displicere
2312 1563 2485 1605 minime
2513 1562 2689 1606 videan-

423 1639 521 1688 tur;
547 1638 589 1676 et
609 1646 697 1675 non
726 1632 865 1675 solum
890 1632 974 1687 ipsi
996 1631 1247 1674 inemendati
1276 1637 1497 1687 maneant,
1528 1632 1605 1676 sed
1632 1645 1782 1676 eorum
1812 1634 1936 1676 etiam
1967 1635 2212 1690 receptione
2241 1634 2313 1676 alii
2343 1636 2688 1688 corrumpantur.

1368 1752 1550 1792 QUARTA
1581 1751 1751 1784 snc‘rxo.

543 1850 585 1890 4.
620 1849 741 1890 Nunc
772 1847 1052 1890 intimandum
1083 1846 1203 1902 quod
1232 1859 1255 1890 a
1284 1847 1565 1891 saecularibus
1595 1860 1663 1890 res
1693 1846 1995 1890 ecclesiasticae
2024 1848 2114 1902 regi
2143 1860 2231 1890 non
2268 1847 2463 1890 debeant.
2503 1848 2554 1891 In
2584 1862 2692 1892 con-

426 1920 523 1963 cilio
555 1919 879 1962 chalcedonensi
910 1930 1005 1973 cap.
1035 1919 1202 1961 ·XXVI·
1233 1936 1250 1954 «
1270 1918 1436 1961 Placuit
1465 1918 1639 1967 omnino
1662 1922 1712 1960 ut
1734 1919 1871 1960 omnis
1894 1918 2069 1960 ecclesia
2088 1918 2250 1961 habens
2273 1920 2519 1975 episcopum
2533 1951 2545 1974 ,
2567 1921 2694 1963 etiam

427 2002 709 2034 oeconomum
739 1990 892 2032 habeat
923 1989 975 2031 de
1005 1989 1187 2045 proprio
1218 1988 1356 2048 clero,
1379 1989 1543 2044 quires
1573 1988 1873 2031 ecclesiasticas
1894 1989 2108 2044 dispenset
2138 2002 2236 2032 cum
2266 2003 2472 2034 consensu
2506 1992 2693 2048 episcopi

425 2063 522 2115 sui3
556 2075 609 2104 ne
641 2074 737 2104 cum
767 2062 1021 2117 dispensatio
1053 2062 1143 2103 sine
1173 2061 1417 2103 testimonio
1447 2060 1574 2103 fuerit
1592 2092 1605 2116 ,
1637 2073 1703 2103 res
1732 2060 2037 2103 ecclesiasticae
2075 2059 2285 2116 dispersae
2323 2061 2410 2104 sint
2439 2062 2495 2104 ad
2531 2064 2693 2120 contu<

426 2134 593 2176 meliam
622 2133 837 2189 pontilicis
866 2133 1159 2187 inrogandam.
1185 2133 1227 2174 Si
1257 2144 1360 2175 vero
1390 2132 1477 2174 hoc
1506 2144 1596 2174 non
1624 2132 1830 2184 fecerint,
1851 2133 2006 2174 sanctis
2027 2131 2242 2175 subiacere
2263 2132 2420 2176 debent
2441 2132 2690 2176 canonibus.

432 2224 448 2240 «ι
467 2206 739 2260 Symmachus
768 2207 813 2247 in
844 2205 1025 2247 concilio
1057 2205 1359 2260 episcoporum
1384 2204 1621 2247 ·CCXVIII·
1644 2202 1831 2246 Proinde
1860 2204 2062 2246 sententia
2091 2204 2285 2246 enervari
2316 2199 2468 2258 debet,
2494 2210 2536 2247 et
2552 2205 2611 2247 ›in
2633 2205 2696 2246 ir-'

427 2277 557 2319 ritum
590 2277 765 2331 deduci,
798 2290 851 2319 ne
883 2276 1141 2332 quibuslibet
1176 2276 1293 2320 laicis
1323 2277 1514 2331 quamvis
1548 2275 1756 2331 religiosis
1793 2272 1862 2317 vel
1891 2274 2140 2329 potentibus
2175 2274 2370 2329 quolibet
2404 2274 2535 2317 modo
2571 2275 2696 2317 liceat

430 2347 591 2402 aliquid
621 2347 845 2390 decernere
875 2347 928 2390 de
957 2347 1246 2390 ecclesiasticis
1274 2346 1543 2389 facultatibus
1559 2377 1571 2399 ‚
1604 2356 1787 2401 quarum
1817 2346 1918 2388 solis
1948 2345 2238 2388 sacerdotibus
2275 2345 2525 2400 disponendi
2553 2355 2579 2387 'a
2609 2346 2697 2387 Do-

430 2420 544 2460 mino
577 2420 797 2461 commissa
828 2432 930 2461 cura
961 2419 1154 2461 docetur.
1188 2418 1376 2460 Eulalius
1396 2429 1674 2474 syracusanus
1697 2419 1921 2473 episcopus
1942 2417 2074 2459 dixit:
2101 2417 2221 2459 laicis
2242 2417 2437 2472 quamvis
2457 2413 2692 2470 religiosis,

427 2491 545 2533 nulla
574 2490 626 2532 de
657 2491 946 2533 ecclesiasticis
975 2490 1250 2533 facultatibus
1267 2520 1279 2543 ,
1303 2494 1352 2532 ut
1381 2492 1437 2531 ait
1467 2490 1704 2545 Stephanus
1733 2493 1895 2544 martyr
1926 2492 1968 2549 et
1998 2487 2191 2543 pontifex
2206 2518 2219 2541 ,
2249 2487 2411 2542 aliquid
2441 2487 2695 2542 disponendi

426 2561 582 2615 legitur
611 2574 791 2616 usquam
827 2562 1028 2604 attributa
1047 2562 1240 2604 facultas.
1263 2580 1279 2597 »
1316 2561 1546 2614 Gregorius
1577 2560 1770 2602 Ianuario
1800 2562 1834 2612 1)
1856 2559 2085 2604 caralitano
2106 2558 2326 2613 episcopo.
2368 2577 2383 2593 α
2410 2557 2654 2600 Cavendum
2674 2571 2697 2600 a

430 2637 570 2675 vestra
598 2632 859 2675 fraternitate
890 2637 979 2687 est,
1006 2646 1058 2674 ne
1089 2631 1373 2675 saecularibus
1402 2631 1503 2673 viris
1533 2635 1661 2685 atque
1691 2642 1779 2672 non
1809 2629 1888 2671 sub
1919 2629 2065 2683 regula
2090 2633 2227 2671 vestra
2249 2628 2499 2682 degentibus
2520 2659 2532 2682 ,
2565 2641 2698 2684 quae-

432 2704 537 2746 libet
570 2717 636 2746 res
675 2705 977 2747 ecclesiasticae
1007 2705 1361 2758 committantur,
1393 2703 1467 2746 sed
1495 2701 1691 2757 probatis
1721 2701 1774 2743 de
1803 2705 1945 2743 vestro
1987 2700 2130 2742 officio
2170 2700 2363 2753 clericis3
2397 2701 2441 2742 in
2472 2700 2628 2755 quibus
2660 2701 2696 2742 si

436 2775 541 2830 quid
571 2778 746 2831 reperiri
777 2778 939 2831 poterit
969 2777 1216 2832 pravitatis,
1248 2780 1298 2818 ut
1325 2776 1370 2818 in
1401 2774 1582 2817 subditis
1610 2772 1834 2816 emendare
1864 2769 1985 2827 quod
2011 2771 2153 2813 illicite
2184 2775 2349 2825 gestum
2378 2775 2440 2812 est
2468 2769 2653 2813 valeatis.

1373 2894 1544 2933 QUINTA
1573 2893 1741 2924 SECTIO.

553 2992 594 3031 5.
628 2992 769 3032 Restat
799 2990 1020 3033 ostendere
1050 2989 1169 3046 quod
1197 2990 1315 3032 laicis
1343 3000 1431 3031 non
1460 2989 1585 3031 liceat
1601 2988 1644 3031 in
1667 2986 1841 3030 ecclesia
1869 2984 2307 3037 dominium‘habere,
2331 2997 2410 3027 nec
2431 2996 2498 3026 res
2529 2994 2698 3026 earum-v

434 3061 531 3103 dem
560 3062 605 3102 in
635 3074 708 3104 sua
738 3063 831 3104 iura
859 3062 1101 3104 transferre.
1135 3061 1324 3103 Gelasius
1362 3060 1579 3102 Senecioni
1618 3060 1838 3113 episcopo.
1886 3057 2056 3099 «Iulius
2092 3057 2164 3097 vir
2201 3055 2404 3097 honestus
2442 3055 2486 3097 in
2517 3067 2563 3097 re
2593 3056 2701 3097 iuris·

436 3133 499 3174 sui
529 3130 779 3186 perhibetur
809 3133 988 3175 fundare
1019 3133 1237 3175 ecclesiam
1255 3163 1267 3184 ,
1300 3144 1429 3187 quam
1457 3132 1499 3174 in
1531 3132 1740 3185 honorem
1770 3130 1903 3173 sancti
1921 3129 2010 3171 viti
2032 3127 2422 3182 confessorisscupit
2443 3127 2695 3169 consecrari.

436 3204 556 3245 Hanc
586 3204 738 3257 igitur,
771 3205 898 3247 frater
920 3205 1157 3257 carissime,
1192 3206 1227 3246 si
1258 3203 1313 3246 ad
1343 3209 1460 3245 tuam
1491 3202 1719 3245 dioecesim
1748 3202 1961 3256 pertinere
1991 3212 2078 3241 non
2109 3196 2317 3253 ambigis,
2351 3211 2400 3240 ex
2441 3210 2560 3240 more
2591 3201 2705 3239 con-'

437 3275 550 3316 venit
581 3275 796 3328 dedicari,
819 3276 972 3318 collata
1002 3277 1120 3331 prius
1150 3275 1381 3318 donatione
1411 3274 1635 3327 sollemni,
1659 3284 1785 3328 quam
1814 3271 2016 3314 ministris
2042 3271 2238 3313 ecclesiae
2256 3283 2300 3311 se
2322 3269 2550 3312 destinasse
2573 3280 2698 3323 prae-

437 3347 515 3388 tati
544 3348 730 3389 muneris
759 3353 937 3390 testatur
968 3348 1162 3401 oblatam-3
1194 3348 1377 3407 sciturus
1407 3347 1495 3388 sine
1526 3346 1658 3388 dubio
1676 3377 1687 3399 ,
1720 3349 1888 3400 praeter
1924 3343 2266 3398 processionisa
2242 3341 2435 3395 aditum,-
2473 3342 2546 3395 qui
2583 3341 2700 3382 omni

440 3418 670 3476 christiano
695 3418 898 3470 debetur,
923 3420 1028 3461 nihil
1049 3420 1205 3462 ibidem
1225 3433 1269 3461 se
1286 3419 1450 3474 proprii
1470 3418 1575 3460 iuris
1595 3417 1886 3459 habiturum.»
1912 3416 1974 3457 Ex
1993 3414 2105 3456 libro
2128 3425 2403 3455 romanorum
2426 3412 2703 3455 Pontificum.

446 3490 669 3532 «Domino
693 3494 870 3542 sanctO,
897 3495 938 3531 et
958 3490 1196 3532 beatissimo
1218 3490 1330 3546 patri
1351 3494 1519 3544 patrum
1538 3490 1677 3543 Papae
1698 3488 1751 3530 N.
1778 3477 1960 3529 famulus
1982 3478 2119 3528 vester
2139 3485 2191 3528 N.
2215 3486 2264 3527 In
2288 3484 2459 3540 praedio
2481 3495 2576 3525 meo
2599 3475 2703 3524 iuris

441 3561 524 3603 mei
555 3561 770 3603 basilicam
801 3565 973 3615 sumptu
1004 3563 1183 3616 proprio
1215 3574 1281 3603 me
1310 3572 1493 3615 suggero
1518 3561 1799 3602 construxisse
1816 3589 1829 3612 ,
1858 3570 1984 3613 quam
2012 3558 2057 3599 in
2079 3557 2287 3599 honorem
2317 3561 2558 3599 sanctorum
2587 3561 2702 3596 mar·
2736 3557 2737 3561 ’

443 3638 584 3687 tyrum
617 3634 669 3674 N.
704 3631 898 3674 desidero
931 3634 1190 3674 consecrari:
1225 3634 1293 3674 cui
1321 3632 1514 3674 basilicae
1544 3630 1599 3672 ad
1627 3631 1850 3672 luminaria
1879 3628 1949 3671 vel
1978 3628 2264 3683 eleemosynas
2292 3626 2449 3669 ibidem
2478 3627 2571 3667 Deo
2610 3628 2707 3666 ser·¹

442 3703 653 3745 vientibus
684 3703 820 3744 obtuli
850 3703 901 3745 N.
927 3703 979 3743 N.
1014 3701 1281 3757 Quapropter
1311 3714 1470 3757 quaeso
1498 3702 1784 3757 apostolatum
1814 3705 2030 3754 vestrum,
2062 3704 2111 3742 ut
2141 3700 2249 3742 detis
2270 3699 2609 3755 praeceptionem
2629 3696 2707 3737 ve-'

443 3777 570 3817 stram
601 3773 655 3815 ad
685 3775 736 3815 N.
770 3772 1054 3815 venerabilem
1084 3773 1263 3815 civitatis
1293 3773 1541 3828 episcopum
1562 3804 1574 3827 ,
1607 3777 1813 3828 quatenus
1843 3784 1970 3828 supra
2000 3776 2278 3815 memoratam
2300 3770 2516 3813 ecclesiam
2547 3767 2700 3811 debeat

563 3860 591 3901 1)
614 3861 695 3893 Cod.
720 3860 881 3894 Iohanni.
907 3860 969 3893 Sed
990 3860 1035 3892 ita
1057 3860 1236 3892 necessario
1258 3860 1513 3892 emendavimus.
1536 3859 1621 3893 Vide
1642 3859 1750 3900 regist.
1773 3861 1830 3892 lx.
1854 3863 1906 3893 65.
2156 3838 2169 3865 ⁸
