2996 4432
223 628 368 693 {Ollatilh
393 627 503 659 xvm.

294 1141 361 1169 cod.
377 1141 395 1170 f.
414 1146 458 1172 42.
476 1147 507 1172 a.

285 2140 354 2169 cod.
376 2140 398 2169 i‘.
418 2139 508 2169 421).

280 2800 347 2828 eod.
367 2800 388 2829 f.
410 2804 454 2829 44.
477 2800 507 2829 b.

298 3367 403 3408 codst.
420 3382 463 3407 45.
478 3385 505 3408 a.

252 3638 287 3666 is,
305 3637 443 3669 XXVIII.
460 3642 505 3669 27.

547 270 611 317 50
1534 280 1605 319 Ex*
1627 289 1756 321 mmo
1790 290 1836 320 v.

554 372 607 420 in
653 368 762 431 his,
790 380 1093 420 sanctorum
1127 362 1369 441 exempla
1393 370 1767 442 perspicaciter
1790 372 2085 428 recordare.
2115 376 2278 443 Quod
2303 378 2347 429 si
2374 378 2430 430 in
2456 379 2539 431 his
2568 380 2815 435 omnibus

555 451 805 523 inspectis
840 451 1000 502 huius
1037 452 1360 522 quaestionis
1411 455 1635 525 qualitas
1671 474 1783 507 non
1819 456 1992 508 lucide
2034 459 2403 530 investigatur,
2440 462 2672 516 seniores
2696 484 2814 535 pro-

556 535 759 587 vinciae
795 553 1083 605 congrega,
1131 546 1182 587 et
1212 554 1303 588 eos
1334 537 1630 608 interroga;
1665 538 1868 590 facilius
1906 558 2138 612 namque
2169 543 2435 596 invenitur
2462 546 2612 616 quod
2639 566 2669 600 a
2692 548 2812 618 plu-

555 618 705 670 ribus
741 618 1088 670 sentientibus
1123 631 1416 688 quaeritur.
1448 620 1622 672 Verus
1652 621 1793 673 enim
1817 624 2163 692 repromissor
2186 628 2446 680 Dominus
2465 630 2604 693 ait&
2633 631 2683 682 si
2706 632 2815 684 duo

554 722 621 754 ex
657 702 793 753 vobis
830 702 907 753 vel
941 713 1040 753 tres
1078 703 1398 755 conveniant
1431 723 1595 773 super
1628 715 1819 755 terram
1859 705 1917 775 in
1957 708 2176 759 nomine
2221 727 2365 774 meo,
2420 712 2484 764 de
2528 714 2680 765 omni
2723 732 2811 777 re,

556 803 948 856 quamcumque
975 785 1250 856 petierint,
1280 786 1387 855 fiet
1425 786 1541 838 illis
1578 806 1613 837 a
1642 798 1799 856 patre
1836 806 1967 838 meo.

803 941 881 987 EX
906 940 1077 986 LlBRO
1103 941 1159 994 V,
1195 941 1295 996 QUI
1326 941 1425 986 EST
1457 941 1535 986 DE
1568 941 1811 991 SECUNDI
1845 944 2081 991 ORDINIS
2116 946 2556 996 SACERDOTIBUS.

569 1137 585 1170 1
605 1119 684 1170 15.
715 1066 1129 1188 Superioribus
1159 1115 1329 1168 tribus
1353 1116 1542 1168 libellis
1566 1118 1736 1188 qualis
1762 1118 1953 1171 debeat
1978 1119 2098 1190 eligi
2125 1121 2426 1193 episcopuS,
2465 1136 2517 1176 et
2541 1144 2571 1176 a
2596 1127 2815 1196 quibuS,

559 1213 611 1253 et
643 1201 736 1253 ubi
753 1241 767 1264 ,
815 1213 867 1252 et
897 1199 1113 1270 quando
1150 1199 1340 1251 debeat
1375 1201 1699 1264 consecrari,
1747 1212 1800 1253 et
1831 1203 2059 1272 qualiter
2089 1216 2212 1275 post
2240 1208 2688 1260 consecrationem
2723 1209 2820 1262 de-

559 1298 737 1338 center
761 1284 948 1337 debeat
981 1284 1153 1335 vivere
1171 1324 1184 1348 ,
1222 1295 1385 1354 prout
1408 1285 1679 1355 potuimus
1709 1285 1942 1338 breviter
1979 1287 2352 1340 enarravimus,
2386 1289 2589 1342 Deinde
2617 1290 2682 1343 de
2707 1311 2816 1345 me-

557 1367 860 1440 tropolitani
893 1366 1172 1437 dignitate,
1213 1379 1265 1419 et
1292 1378 1397 1419 usu'
1421 1368 1589 1439 pallii,
1631 1380 1683 1421 et
1720 1369 1830 1420 eius
1862 1369 2048 1439 geniO,
2089 1381 2140 1422 et
2176 1370 2243 1423 de
2279 1373 2587 1426 excellentia
2620 1375 2815 1446 episco-

557 1453 692 1525 pali,
712 1462 779 1506 ‚et
816 1450 882 1502 de
915 1450 1167 1513 indusii5‚
1200 1462 1251 1502 et
1276 1450 1341 1503 de
1371 1449 1668 1523 respuenda
1691 1451 2025 1503 inimicorum
2062 1455 2393 1507 accusatione
2426 1467 2479 1507 et
2506 1456 2810 1520 infamium,

533 1548 610 1590 ,et
641 1534 705 1587 de
739 1553 920 1587 eorum
955 1533 1171 1598 iudicio,
1201 1533 1575 1605 compendiose
1607 1534 1962 1586 tractavimuS.
1998 1536 2124 1587 Post
2150 1555 2278 1588 vero
2302 1537 2368 1589 de
2400 1538 2708 1591 excellentia
2727 1543 2816 1593 ro·

557 1637 740 1671 manae
777 1617 1022 1670 ecclesiae
1040 1640 1072 1682 ,·
1094 1635 1205 1669 non
1236 1617 1448 1688 profuse
1473 1616 1567 1670 sed
1600 1618 1866 1681 succinte,
1896 1629 1947 1670 et
1972 1617 2038 1670 de
2067 1613 2429 1690 praerogativa
2450 1625 2660 1674 ¹romani
2683 1625 2818 1677 Pon-

558 1703 739 1765 tifieis,
781 1713 832 1754 et
876 1700 943 1752 de
985 1700 1453 1754 constitutionibus
1495 1712 1548 1752 et
1585 1701 2060 1754 consuetudinibus
2090 1703 2355 1773 praefatae
2397 1706 2670 1770 ecclesiae,
2721 1709 2814 1760 vix

557 1786 865 1859 paucissima
896 1783 961 1835 de
986 1785 1163 1836 multis
1193 1783 1463 1855 carpendo
1483 1783 1807 1854 digessimus.
1836 1784 2087 1856 Superest
2116 1805 2260 1839 nunc
2280 1786 2345 1839 de
2369 1788 2585 1840 secundi
2612 1789 2818 1844 ordinis

558 1869 916 1922 sacerdotibus
951 1880 1004 1920 et
1039 1867 1351 1920 diaconibus
1393 1869 1722 1940 ceterisque
1733 1867 2041 1931 ordinibUS‚
2087 1881 2249 1941 prout
2281 1871 2423 1923 Deus
2459 1876 2771 1927 concesserit
2792 1916 2809 1939 ,

559 1970 820 2005 enarrare.
2508 1973 2509 1976 =

733 2037 866 2087 Post
900 2047 1102 2086 temtum
1133 2034 1341 2087 Gelasii
1364 2053 1548 2105 papae
1583 2034 1804 2106 quando
1841 2034 2207 2086 ordinationes
2228 1998 2360 2106 fieri
2394 2036 2672 2089 debeant,

672 2139 688 2172 1
708 2120 785 2171 16.
827 2118 1042 2170 Bonizo.
1085 2119 1162 2169 De
1201 2118 1304 2168 hoc
1341 2118 1577 2188 capitulo
1607 2118 1759 2170 multi
1790 2129 1942 2169 nacta
1972 2117 2246 2170 occasione
2277 2119 2381 2169 vim
2410 2120 2654 2172 facientes
2684 2122 2812 2174 scri-

557 2216 771 2275 pturae,
803 2214 853 2254 et
877 2201 945 2254 ad
970 2221 1122 2253 suum
1149 2201 1355 2252 libitum
1381 2200 1732 2264 inflectentes,
1763 2220 1793 2253 a
1817 2200 2052 2253 veritatis
2081 2201 2296 2266 tram-ite,
2314 2202 2646 2266 aberravere,
2681 2203 2810 2256 dum

556 2298 796 2358 quartam
824 2284 1252 2357 quadragesimae
1285 2285 1626 2356 septimanam
1657 2283 1948 2336 medianam
1979 2294 2254 2354 putanteS,
2287 2284 2350 2349 ,in
2388 2284 2608 2337 sabbato
2633 2287 2816 2339 scruti-

556 2372 766 2422 niorum
797 2369 1060 2421 celebrare
1088 2379 1435 2439 praesumunt
1460 2367 1872 2431 ordinationem;
1902 2367 1995 2437 qui
2024 2367 2066 2418 si
2092 2367 2263 2437 ipsum
2287 2367 2534 2433 verbum,
2561 2358 2714 2440 quodv
2735 2382 2813 2421 est

556 2452 783 2506 mediare
824 2452 1206 2522 intelligerent,
1247 2470 1540 2522 numquam
1570 2451 1643 2503 ita
1676 2449 1996 2521 desiperent.
2045 2449 2131 2500 Ab
2162 2449 2315 2502 initio
2351 2429 2489 2502 eiiim
2519 2450 2813 2545 quadrage·

557 2538 713 2588 simae
744 2553 916 2606 usque
953 2533 1020 2586 ad
1050 2546 1292 2605 quartam
1325 2535 1509 2586 tertiae
1535 2532 1964 2604 quadragesimae
1990 2533 2193 2596 feriam,
2232 2543 2311 2584 tot
2340 2531 2500 2585 dies*
2487 2535 2809 2588 ieiuniorum

559 2630 706 2685 sunt,
753 2631 889 2691 quot
925 2618 992 2669 ab
1030 2617 1209 2670 eadem
1245 2617 1373 2669 feria
1403 2635 1574 2688 usque
1610 2617 1665 2668 in
1694 2635 1910 2668 caenam
1938 2603 2149 2668 Domini
2180 2608 2573 2706 computantur.

1206 2702 1285 2753 De
1321 2700 1648 2771 paenitentia
1683 2699 1816 2770 lapsi
1854 2699 2154 2751 sacerdotis.

672 2804 786 2855 117.
828 2785 972 2837 Inter
1004 2796 1175 2836 cetera
1213 2802 1350 2854 quae
1387 2782 1453 2835 de
1489 2781 1678 2834 ordine
1708 2793 2007 2834 sanctarum
2045 2782 2377 2834 ecclesiarum
2416 2782 2613 2835 sancita
2649 2794 2805 2848 sunt,

559 2880 737 2920 sancta
771 2868 1105 2920 hibernensis
1142 2866 1403 2937 synodus
1419 2866 1498 2935 1),
1535 2867 1621 2918 cui
1644 2866 1872 2938 praefuit
1895 2866 2004 2918 Leo
2039 2876 2270 2918 sanctae
2283 2884 2528 2930 romanae
2564 2867 2818 2920 ecclesiae

557 2953 836 3023 episcopus
863 2963 1101 3021 tempore
1139 2945 1325 3001 Karoli
1357 2949 1492 3019 regis
1527 2948 1881 3013 Francorum,
1916 2967 2034 3000 cum
2071 2945 2406 3000 Theodorico
2439 2949 2730 3019 Anglorum
2755 2959 2811 3001 et
2896 2956 2898 2958 ’

555 3035 963 3087 Hibernensium
987 3034 1257 3104 episcopo,
1288 3033 1585 3126 multisque
1597 3032 1708 3084 aliis
1726 3032 1932 3083 illarum
1958 3031 2235 3101 regionum
2258 3032 2535 3102 episcopis,
2563 3031 2631 3084 de
2649 3032 2804 3102 lapsu
2827 3027 2829 3029 ¹

555 3117 880 3170 sacerdotum
913 3118 986 3169 sic
1023 3117 1112 3168 ait.
1154 3139 1179 3164 <c
1205 3116 1364 3168 Hoc
1351 3135 1410 3167 ln
1445 3116 1590 3167 omni
1628 3115 1951 3186 paenitentia
1981 3133 2092 3166 non
2132 3114 2302 3166 solum
2332 3114 2499 3166 laicali
2529 3114 2621 3166 sed
2650 3115 2806 3167 etiam

557 3200 861 3253 sacerdotali
896 3200 1132 3251 sollerter
1174 3211 1251 3251 est
1297 3199 1609 3252 intuendum
1655 3209 1858 3269 quanto
1900 3197 2021 3267 quis
2056 3207 2292 3266 tempore
2321 3197 2378 3247 in
2410 3195 2611 3248 delictis
2646 3215 2810 3249 rema·

556 3294 679 3335 neat
700 3324 712 3347 ,
753 3303 861 3353 qua
893 3283 1186 3335 eruditione
1214 3283 1448 3335 imbutus
1468 3323 1482 3346 ,
1517 3282 1664 3353 quali
1687 3282 2024 3352 impugnatus
2053 3280 2295 3350 passione
2328 3280 2408 3332 vel
2434 3291 2629 3344 aetate,
2658 3279 2802 3352 quali

555 3367 709 3418 etiam
743 3367 1040 3435 compulsus
1074 3377 1150 3417 est
1176 3384 1393 3436 peccare
1436 3366 1689 3436 gravitate
1726 3376 1818 3415 aut
1857 3365 2179 3417 necessitate.
2218 3363 2570 3434 Omnipotens
2609 3363 2806 3416 etenim

554 3450 698 3500 Deus
730 3448 824 3518 qui
857 3447 1017 3500 corda
1041 3450 1277 3500 omnium
1307 3449 1482 3514 novit,
1520 3447 1847 3518 diversisque
1878 3447 2122 3519 gentibus
2155 3464 2288 3518 quas
2314 3446 2537 3508 creavit,
2571 3445 2810 3498 diversas

554 3543 766 3583 naturas
797 3529 987 3582 indidit
1006 3570 1019 3593 ,
1052 3550 1161 3583 non
1188 3531 1393 3603 aequali
1423 3530 1583 3583 modo
1612 3531 1761 3582 lance
1787 3528 2145 3601 paenitudinis
2173 3528 2533 3599 peccaminum
2558 3526 2800 3598 pondera

554 3614 819 3686 pensabit;
862 3624 922 3663 ut
953 3625 1029 3664 est
1060 3612 1192 3664 illud
1229 3614 1667 3684 propheticum*:
1699 3632 1808 3664 non
1832 3613 1978 3664 enim
2006 3612 2065 3663 in
2094 3611 2249 3663 serris
2288 3609 2628 3662 triturabitur
2652 3608 2792 3680 gith,

639 3712 670 3751 1)
695 3707 880 3756 Supererit
905 3706 1185 3754 disquirendum
1216 3708 1261 3745 de
1286 3709 1355 3744 hac
1379 3707 1543 3759 insigni,
1563 3712 1608 3744 ut
1623 3707 1715 3744 heic
1730 3713 1924 3753 narratur,
1951 3700 2165 3744 hibernensi
2192 3705 2376 3743 carolinae
2402 3705 2532 3742 aetatis
2554 3702 2709 3753 synodo.
2736 3703 2803 3738 In·

552 3769 661 3810 terim
690 3767 848 3805 conferri
875 3762 1047 3814 poteru'nt
1064 3765 1294 3804 hibernensis
1324 3767 1519 3804 cuiusdam
1545 3778 1641 3804 saec.
1660 3767 1776 3804 octavi
1803 3765 1938 3815 synodi
1959 3775 2121 3802 canones
2148 3763 2247 3812 apud
2270 3764 2494 3801 Dacherium
2518 3763 2616 3811 Spie.
2633 3761 2691 3800 ed.
2711 3763 2798 3798 nov,

551 3830 594 3864 T.
614 3830 643 3864 I.
666 3840 700 3876 p.
719 3832 802 3865 492.
829 3831 890 3872 (et
913 3825 1065 3874 quidem
1090 3826 1140 3862 ibi
1167 3836 1203 3873 p.
1234 3831 1315 3864 506.
1343 3826 1511 3874 loquitur
1535 3826 1773 3870 Theodorus,
1799 3836 1876 3862 non
1899 3824 2174 3870 Theodericus,
2199 3823 2431 3872 episcopus.)
2459 3823 2553 3859 Item
2575 3818 2674 3868 apud
2695 3819 2800 3855 Mar·

550 3894 625 3926 ten.
643 3888 784 3926 Aneed.
805 3888 848 3925 T.
870 3887 931 3925 IV.
952 3897 987 3934 p.
1010 3889 1045 3923 2.
1067 3887 1121 3922 De
1146 3885 1364 3924 collectione
1392 3885 1569 3923 canonica
1592 3885 1806 3924 hibernensi
1825 3889 1944 3933 agunt
1960 3883 2152 3923 Ballerin-ii
2170 3893 2256 3932 opp.
2281 3883 2319 3921 S.
2339 3881 2477 3920 Leonis
2497 3881 2540 3918 T.
2559 3879 2628 3918 111.
2648 3888 2686 3928 p.
2704 3880 2798 3915 273.
