2944 4426
108 571 119 580 “
139 565 249 595 matth.
278 566 303 593 V
340 568 384 592 44.

154 779 222 808 cod.
238 778 258 807 f.
277 782 336 807 104.
356 784 384 805 a.

151 2053 221 2103 cod.
240 2052 261 2082 f.
283 2056 341 2082 104.
360 2052 391 2081 b.

165 2608 235 2638 cod.
254 2608 275 2639 f.
295 2611 355 2637 105.
370 2613 398 2636 a.

176 3038 185 3048 ⁸
205 3033 273 3064 1011.
293 3032 345 3061 lv.
364 3035 405 3060 14.

161 3180 171 3190 ·
193 3176 260 3206 [oh.
277 3175 344 3205 vu.
364 3164 407 3203 σε.

166 3249 235 3279 cod.
255 3244 359 3277 [106.
382 3253 409 3275 a.

432 235 493 279 212
1181 213 1186 221 ¹
1456 242 1656 275 omenms

430 336 505 385 πᾶς
524 327 599 396 γαρ
620 329 638 376 ὃ
658 324 872 395 ἔπιχαιρων
893 328 956 378 ἐπι
950 324 1228 393 ἀπσλλυμενῃ
1247 327 1412 393 ψυχῇ,”
1391 326 1524 390 ομοιός

433 405 493 458 ἐςι
519 404 571 465 τῷ
594 397 767 461 διαβολῳ
792 402 846 462 τῷ
867 420 922 461 μη
944 395 1095 446 θέλοντι
1118 395 1271 453 παντας
1302 399 1524 464 ἀνθρώπους

431 474 600 523 σωθηναι
619 467 684 519 καὶ
706 471 765 524 εἷς
784 466 993 534 ἐπίγνωσιν
1011 465 1199 524 ἀληθείας
1220 470 1362 517 ἐλθειν·
1373 466 1435 517 καὶ
1450 490 1526 535 γαρ

432 540 590 608 §nuptm
612 543 651 589 ἓν
669 545 750 596 τοῖς
770 536 1322 605 εὖαγγελῖσιξνενομοθέτηκεν
1338 538 1525 604 εὔχεσθαι

431 610 526 678 ὑπερ
558 632 632 661 των
665 613 813 678 ἐχθρῶν
845 610 978 674 ἤμων,
1010 610 1129 675 γ’ἷγουν
1162 614 1237 659 τῶν
1270 608 1496 700 ἀνθρώπων.

501 686 554 733 'H
577 680 761 748 μάχαιρα
784 682 832 746 1)
857 679 899 730 δὲ
925 685 992 730 τσῧ
1014 702 1263 743 πνευματος,
1286 682 1312 732 ἥ
1337 681 1398 735 ε’ςι
1416 680 1527 765 ,ῥῆμα

429 756 561 814 θεοῦ,
600 755 644 801 οὐ
679 774 873 819 σαρκινη,
913 749 1006 802 ἀντὶ
1044 774 1112 801 του
1147 753 1213 799 οὐκ
1247 750 1442 802 αἰσθητη·
1481 747 1525 803 ὃς

431 827 465 874 ὂ
501 819 549 872 ἂν
586 826 799 890 παραδοθῇ
835 845 1015 877 πταισας
1054 823 1187 886 αυτῷ,
1227 820 1527 910 συντριβήσεται

430 897 537 945 σ’στᾶ
568 893 641 945 ὖπό
670 891 808 959 ὑπέρου
838 891 1083 957 τυπτόμενα·
1109 890 1178 941 καὶ
1201 887 1527 975 ἀφανισθησεται

431 987 535 1016 οστα
567 964 641 1015 ὑπὸ
676 962 794 1032 πυρός
825 982 1084 1028 καυσουμενα·
1122 960 1141 978 ’“
1116 959 1215 1016 ηὲς
1250 963 1283 1010 δ’
1313 958 1387 1008 ἂν
1384 982 1527 1027 παρα-

431 1040 523 1102 (36θῇ
546 1036 654 1098 αυτῷ
678 1057 734 1090 εις
759 1033 989 1097 μετάνοιαν,
1018 1031 1334 1119 συντριβήσεται
1349 1034 1403 1095 τῷ
1425 1029 1529 1096 λόγῳ

434 1129 504 1161 της
537 1107 677 1173 σεφίας
705 1107 827 1153 αυτοῦ
849 1128 900 1158 ως
925 1127 1058 1159 σιτσς
1087 1106 1145 1158 εἰς
1179 1100 1220 1152 τι)
1247 1080 1429 1166 γενέσθάι
1455 1103 1530 1149 αὖ·

434 1175 502 1226 τὸν
532 1175 624 1229 ἡδὺν
659 1176 789 1240 ἄρτον.
780 1172 971 1228 σ-Τιυς
1005 1170 1218 1259 φθειρσμὲνε
1223 1195 1263 1226 υς
1288 1195 1357 1232 και
1382 1176 1529 1220 παλαι-

431 1246 610 1302 ωθὲντας
655 1244 837 1312 ἀνὲρῶπε
843 1268 886 1298 υς
931 1266 1037 1292 κατα
1079 1266 1153 1298 τας
1198 1240 1422 1305 ἒωιὲυμιας
1460 1263 1531 1298 της

434 1316 610 1376 ἀπατης,
646 1314 855 1365 α’ναλισκει
887 1338 912 1365 η
936 1313 1116 1381 μα’χαιρα
1144 1317 1211 1364 τσῧ
1234 1317 1321 1362 Θεσῧ
1348 1315 1403 1367 εἷς
1429 1314 1532 1379 ἀφα-

433 1387 570 1451 νισμόν
590 1390 808 1438 παντελῆῧ
809 1384 862 1435 Η
884 1383 972 1440 τοὺς
993 1388 1032 1432 ἐκ
1055 1407 1195 1439 κακιας
1217 1406 1271 1439 εις
1293 1381 1531 1468 θεογνωσιαν

435 1457 634 1513 ἐλθοντας
667 1454 893 1523 ἀνθρωπους
914 1495 927 1514 .,
964 1453 1034 1505 σὺν
1067 1478 1173 1522 νευρε
1176 1478 1210 1510 ις
1248 1453 1454 1504 οἷναλισκει
1488 1455 1533 1503 ἐκ

435 1533 507 1579 τῶν
544 1528 718 1627 πράξεων
759 1532 830 1575 τῶν
867 1546 1054 1592 πονηρων·
1091 1549 1159 1575 ινα
1195 1524 1431 1588 ἀποθέμεναι
1464 1522 1532 1573 τόν

434 1596 603 1649 παλαιδν
637 1599 866 1663 ἄνθρωπον,
894 1596 1130 1648 ἐνδυσωνται
1163 1595 1231 1647 τὸν
1263 1594 1322 1645 νὲε
1325 1618 1345 1644 ν
1371 1594 1436 1646 τὸν
1460 1618 1535 1644 κα-

435 1666 486 1719 τοὶ
519 1667 604 1718 θεὸν
637 1667 881 1728 κτισθεντα,
916 1691 960 1723 ος
984 1667 1049 1716 καὶ
1081 1667 1259 1733 αβρωτος
1294 1665 1354 1723 ἓςὶ
1389 1662 1535 1728 ὄαιμε-

436 1761 498 1789 σιν
528 1739 602 1790 ὑπὸ
639 1763 677 1790 τε
683 1743 706 1787 ’ὖ
735 1762 864 1807 κυρισυ
895 1738 1167 1831 καθαρισὲεὶς
1190 1735 1258 1786 καὶ
1290 1735 1534 1812 ἀπεχομενος

435 1808 566 1864 πάσης
603 1830 758 1864 κακιας·
799 1808 934 1874 ἐπάγει
971 1832 1081 1875 γαρ,
1120 1812 1199 1865 ὦςε
1235 1808 1401 1875 ἄβρωτα
1433 1811 1535 1855 εἰναι

436 1902 610 1936 νεοσσοις
635 1884 774 1930 ἀετῶν·
807 1903 833 1931 η
865 1876 928 1928 καὶ
960 1903 1020 1929 οτι
1046 1877 1269 1945 συγκαὲντα
1293 1876 1358 1927 καὶ
1385 1898 1536 1945 τεφρω-

438 1948 557 2000 θεντα
588 1948 720 2003 λσιπόν
754 1951 937 2017 ἀβρωτα
948 1973 1098 2017 γινεται
1133 1972 1213 2004 τοις
1247 1952 1393 2004 ἀετε-ις·
1431 1970 1537 2015 περι-

436 2020 669 2090 πεφρασθαι
695 2022 777 2107 γαρ
810 2020 896 2077 τοὺς
921 2020 1037 2085 εμοὺς
1061 2019 1203 2087 λογους
1221 2043 1260 2067 κ.
1281 2044 1319 2072 τ.
1343 2025 1383 2068 λ.
1388 2017 1537 2075 -Τῖς

436 2093 656 2159 συνήγαγεν
681 2091 841 2156 ἀνέμους
867 2095 906 2140 ἐν
930 2090 1088 2156 κόλπῳτ,
1109 2089 1192 2141 Τδν
1191 2110 1430 2179 ταχυτερεν
1450 2088 1538 2138 ἀνε-

434 2186 506 2226 μου
536 2185 574 2212 νο
577 2187 622 2212 υν
659 2187 684 2216 η
717 2186 826 2219 πιςις
867 2183 1090 2229 συνηγαγεν
1128 2158 1204 2212 oei-:3
1237 2163 1435 2233 ἀνατολῶν
1470 2158 1537 2209 καὶ

435 2236 587 2296 δυσμῶν
618 2233 684 2302 καὶ
721 2235 843 2302 βερρἆ
879 2231 944 2282 καὶ
983 2231 1204 2286 &alozos-aq
1244 2233 1282 2279 ἐν
1321 2236 1369 2296 τῇ
1401 2253 1539 2296 γνωσει

437 2325 479 2352 τε
481 2329 504 2353 υ
535 2309 655 2365 θεοῧ,
687 2304 754 2353 καὶ
793 2305 950 2354 δέδωκεν
989 2326 1127 2358 αυτοις
1164 2300 1325 2370 Θεωριαν
1358 2324 1538 2364 πνευμα-

438 2374 561 2428 ‘ren-3225
579 2378 835 2426 ἐναποθέῖναι
869 2397 958 2429 ταις
972 2377 1172 2472 αοῖρεταις·
1198 2397 1223 2425 η
1247 2393 1323 2438 γαρ
1347 2375 1490 2437 γνῶσις
1515 2372 1540 2422 ἦ

439 2467 505 2495 του
535 2450 660 2504 Ξεεῧ,
694 2443 837 2499 κᾶλπσς
871 2469 936 2495 τευ
966 2448 1064 2492 Secu
1089 2446 1197 2500 ἐςιν
1236 2444 1273 2490 ἐν
1305 2449 1335 2506 ᾡ
1360 2439 1541 2507 ἐγκολπι-

440 2524 549 2571 ζεται
569 2514 635 2564 καὶ
637 2538 874 2603 περικρατει
895 2537 1050 2569 παντας
1071 2514 1157 2570 τοὺς
1177 2511 1400 2580 θεὸφρενας,
1414 2509 1542 2578 ὥσπερ

441 2609 503 2642 τις
527 2585 672 2653 χρυσόν
698 2590 736 2636 ἐν
760 2584 905 2650 κὲλπῳ.
911 2586 1028 2635 ——O
1053 2583 1129 2636 o'crc3
1156 2585 1359 2633 α’νατσλῶν
1383 2580 1449 2630 καὶ
1476 2585 1542 2630 ὃυ-

445 2662 551 2720 σμῶν
581 2655 648 2705 καὶ
671 2660 792 2725 βορῤα
821 2681 889 2706 και
913 2654 1119 2710 Θαλάσσης
1143 2675 1376 2719 συναγαγων
1408 2674 1542 2703 παντα

443 2749 495 2777 τα
526 2732 694 2813 γηγενῆ
702 2729 830 2789 ἔθνη,
862 2726 928 2776 καὶ
960 2748 1167 2782 πυκνωσας
1199 2723 1302 2774 αυτοὶ
1333 2746 1423 2777 ταις
1455 2726 1544 2788 ἀρε-

447 2820 539 2854 ταις
572 2802 612 2847 ἐν
646 2803 694 2865 τῇ
727 2822 784 2854 εις
817 2796 938 2848 αὑτὸν
971 2819 1127 2856 πιστει,
1162 2791 1338 2863 Χριστός
1371 2797 1390 2842 ὅ
1422 2794 1541 2853 θεὸς,

446 2891 510 2916 και
542 2868 585 2919 ‘53
620 2866 841 2937 ἐπευρανιον
867 2871 963 2936 ὕδωρ
988 2866 1276 2955 ἐναπσθὲριενος
1261 2884 1295 2901 ·
1322 2863 1365 2915 τὸ
1394 2861 1456 2948 ῥέρ
1444 2887 1479 2914 ν
1506 2868 1546 2913 ἐκ

449 2962 521 2995 της
530 2962 673 3022 πηγης
700 2963 768 2995 της
793 2944 922 2999 ζωης,
945 2937 1099 2995 τουτέςι
1126 2961 1197 2990 την
1218 2940 1361 3002 γνῶσιν
1386 2958 1451 2983 και
1475 2957 1545 2986 την

451 3032 615 3078 σοφιαν
650 3010 770 3067 καθως
802 3008 923 3066 αυτ-ὂς
955 3013 974 3059 o‘
1000 3009 1165 3098 Χριςός
1184 3028 1297 3075 φησιν
1318 3006 1356 3038 '‘·

452 3083 493 3128 ἐκ
514 3086 582 3130 ro&
598 3083 738 3136 udam
758 3104 919 3141 τουτου,
939 3104 982 3129 ου
999 3105 1054 3144 μη
1076 3075 1219 3144 διψησῃ
1242 3100 1299 3132 εις
1318 3076 1386 3127 τὲν
1405 3078 1544 3124 αἰὣνα·

451 3150 513 3199 καὶ
536 3156 554 3200 o‘
575 3151 597 3175 '‘
618 3174 786 3207 πιςευων
808 3154 863 3206 εἷς
890 3150 979 3214 ἐμὲ,
1005 3148 1173 3213 ποταμοὶ
1193 3146 1387 3228 ῥευσσυσιν
1414 3148 1456 3193 ἐν.
1476 3168 1547 3201 της

452 3220 603 3277 κοιλιας
642 3245 764 3272 αυτου
800 3224 944 3276 υόατος
988 3226 1146 3276 ζῶντος.
1151 3216 1352 3274 -Οὑτες
1386 3214 1549 3265 κλὲωτει

454 3296 620 3357 γνῶσιν,
653 3315 728 3356 ευχ
750 3293 768 3341 o‘
797 3315 863 3342 τευ
893 3313 963 3356 πρε
948 3289 1158 3352 ,ὶαβοντος
1182 3287 1426 3353 λαμβάνων,
1462 3288 1549 3334 ἀλλ’

458 3363 476 3410 0‘
509 3365 551 3410 ἐκ
586 3367 659 3418 τῆς
691 3361 917 3448 ψευξδωνυμσ
920 3385 942 3410 υ
967 3382 1236 3429 υφαιρουμενος
1260 3380 1460 3425 γνωσεως.
1485 3355 1551 3405 καὶ

457 3433 532 3500 γάρ
564 3431 710 3488 πάντες
747 3457 780 3481 ει
815 3431 1117 3488 πεπιστευκότες
1150 3434 1336 3497 Χριστῷ,
1371 3426 1447 3479 ἀπὸ
1476 3432 1551 3477 τῶν

459 3503 580 3589 αγίων
613 3507 812 3570 προφητῶν
837 3502 904 3552 καὶ
930 3500 1135 3560 αποςόλων
1162 3501 1431 3565 λαμβάνοντες
1458 3507 1551 3548 θεω-

457 3597 641 3640 ρηματα,
676 3597 716 3622 συ
750 3571 931 3638 λεγονται
964 3572 1131 3624 κλεπται
1163 3569 1376 3638 ἀλλοτρίων
1409 3579 1551 3638 Θεωρη-

1381 3028 1399 3053 0
1425 3028 1545 3056 πίνων

535 3730 564 3770 1)
587 3730 772 3770 Sequuntur
788 3704 988 3770 perturbati,
1014 3728 1098 3760 utin
1121 3726 1319 3759 editionibus
1337 3725 1538 3763 bibliorum,
1551 3722 1705 3757 versiculi
1719 3712 1751 3755 et
1763 3722 1917 3764 capitula
1945 3722 2013 3753 Hac
2038 3720 2146 3752 autem
2159 3726 2256 3759 super
2270 3724 2304 3748 re
2327 3713 2458 3747 consule
2472 3712 2517 3747 sis
2542 3711 2724 3744 celebriora

1594 332 1796 384 pereunte
1826 326 1965 371 anima
1989 326 2172 382 gaudet,
2208 325 2352 368 similis
2384 325 2557 370 diaholo
2587 330 2651 369 est
2673 356 2687 380 ‚

1596 399 1670 455 qui
1694 412 1782 442 non
1799 399 1894 441 vult
1920 410 2066 441 omnes
2093 396 2288 440 homines
2308 397 2445 439 salvos
2461 396 2554 439 fieri
2571 427 2583 451 ,
2608 409 2687 440 ne-

1596 483 1680 525 que
1709 470 1763 513 ad
1790 470 2050 524 agnitionem
2087 469 2278 512 veritatis
2312 468 2472 510 venire.
2490 469 2609 525 [Nam
2646 473 2690 511 et

1595 542 1802 583 Dominus
1819 541 1864 583 in
1879 540 2102 595 evangeliis
2116 539 2346 592 mandavit,
2362 543 2410 581 ut
2428 551 2595 582 oremus
2605 551 2686 595 pro

1575 611 1773 673 'inimicis
1795 611 1979 664 nostris,
2008 615 2160 665 utpote
2189 610 2449 653 hominibus.

1657 681 1830 724 Gladius
1847 682 2019 737 spiritus
2032 712 2044 735 ‚
2065 681 2184 736 quod
2200 687 2264 724 est
2282 682 2461 725 verbum
2476 682 2580 735 Dei,
2601 694 2689 724 non

1598 753 1776 795 carnalis
1793 785 1804 807 ,
1834 753 1881 795 id
1909 757 1972 795 est
1994 764 2080 796 non
2111 754 2355 796 materialis.
2387 754 2467 806 Qui
2493 754 2632 796 victus
2652 754 2690 797 ei

1597 823 1788 866 tradetur
1801 855 1813 878 ,
1847 827 2121 866 conterentur
2156 825 2244 867 eius
2270 837 2364 868 ossa
2392 825 2550 880 pistillo
2581 837 2691 867 con-

1596 898 1719 948 tusa,
1749 898 1792 936 et
1811 894 1910 948 igne
1934 895 2158 938 combusta
2186 901 2450 939 evanescent.
2480 897 2584 950 Vel,
2617 897 2692 952 qui

1597 965 1792 1008 tradetur
1816 966 1858 1007 ei
1871 965 1925 1008 ad
1952 966 2272 1020 paenitentiam,
2292 971 2538 1009 conteretur
2554 967 2690 1009 verbo

1599 1036 1830 1091 sapientiae
1862 1036 1976 1078 illius
2002 1037 2123 1091 quasi
2153 1037 2370 1091 triticum,
2398 1041 2448 1079 ut
2485 1037 2620 1082 dulcis
2643 1050 2695 1080 ex

1601 1119 1651 1149 eo
1677 1108 1796 1162 panis
1822 1106 2212 1162 fiat.—Corruptos
2247 1112 2290 1149 et
2319 1111 2624 1150 veterascentes
2649 1109 2695 1151 in

1602 1178 1819 1221 desideriis
1846 1180 2001 1222 erroris
2036 1179 2230 1221 homines
2261 1180 2472 1222 consumit
2502 1180 2579 1222 Dei
2603 1179 2697 1233 gla-

1602 1250 1697 1293 dius
1725 1252 1851 1293 exitio
1874 1252 2152 1293 internecivo.
2173 1251 2278 1304 Vel,
2302 1251 2516 1294 venientes
2543 1263 2592 1293 ex
2612 1251 2714 1305 ini-⁸

1603 1323 1764 1377 quitate
1785 1322 1840 1365 ad
1857 1323 1937 1365 Dei
1956 1323 2218 1377 agnitionem
2244 1323 2437 1365 homines
2452 1355 2464 1377 ,
2485 1335 2619 1378 usque
2641 1322 2697 1365 ad

1602 1406 1755 1437 nervos
1777 1393 2067 1436 consumendo
2086 1398 2242 1448 purgat
2268 1394 2410 1448 pravis
2433 1393 2595 1436 actibus
2611 1406 2623 1447 ;
2642 1397 2698 1436 ut

1604 1465 1866 1520 deponentes
1878 1470 2064 1508 veterem
2085 1464 2302 1507 hominem
2311 1496 2324 1516 ‚
2343 1452 2523 1506 induant
2536 1475 2698 1507 novum

1604 1541 1790 1579 creatum
1810 1535 2058 1578 secundum
2089 1536 2226 1577 Deum
2251 1548 2262 1576 ι
2303 1534 2377 1590 qui
2406 1533 2581 1590 quidem
2611 1546 2701 1578 non

1605 1609 1685 1651 erit
1715 1621 1808 1651 esca
1833 1607 2131 1660 daemonibus,
2161 1610 2314 1661 utpote
2341 1618 2365 1649 a
2388 1606 2573 1648 Domino
2593 1618 2700 1661 pur-

1606 1685 1753 1735 gatus,
1773 1684 1815 1722 et
1843 1679 1960 1721 omni
1987 1674 2177 1737 nequitia
2203 1677 2377 1720 alienus.
2405 1677 2538 1720 Addit
2561 1677 2698 1729 enim,

1605 1753 1664 1794 ita
1693 1756 1743 1794 ut
1772 1751 2057 1806 aquilinorum
2079 1750 2296 1804 pullorum
2310 1750 2406 1791 ‘esui
2429 1761 2517 1791 non
2544 1749 2598 1790 sit
2613 1760 2699 1803 ap·
2723 1786 2725 1788 .

1605 1827 1691 1865 tus.
1724 1822 1802 1865 Vel
1832 1822 1933 1877 quia
1963 1821 2209 1864 combustus
2231 1824 2273 1862 et
2302 1821 2345 1862 in
2376 1820 2558 1862 cinerem
2581 1818 2702 1861 reda-

1608 1898 1726 1948 ctus,
1750 1894 1830 1936 iam
1861 1905 1950 1936 non
1979 1894 2034 1935 sit
2063 1892 2215 1948 aquilis
2249 1890 2551 1934 comedendus.
2582 1890 2702 1932 Peri-

1607 1966 1752 2020 phrasi
1782 1966 1894 2008 enim
1921 1964 2116 2007 dilatavit
2146 1961 2567 2015 sermonem—Quis
2596 1973 2702 2004 con-

1609 2036 1800 2091 gregavit
1837 2037 1883 2078 in
1917 2037 2013 2079 sinu
2055 2039 2205 2078 ventos
2218 2034 2240 2077 ⁶?
2274 2033 2541 2077 Velociorem
2575 2036 2703 2075 vento

1608 2113 1790 2151 mentem
1826 2107 1933 2150 fides
1971 2106 2246 2161 congregavit
2275 2118 2326 2148 ex
2362 2106 2524 2147 oriente
2557 2108 2600 2146 et
2629 2115 2705 2146 oc-

1610 2191 1734 2231 casu,
1769 2189 1819 2220 ex
1851 2177 2052 2232 aquilone
2089 2189 2138 2219 ac
2167 2175 2300 2229 mari,
2333 2175 2389 2217 ad
2411 2175 2492 2217 Dei
2522 2174 2707 2229 agnitio-

1610 2262 1705 2292 nem
1723 2280 1734 2301 ,
1762 2248 1965 2303 deditque
1994 2249 2053 2289 eis
2083 2246 2316 2301 spiritalem
2339 2245 2550 2287 theoriam
2573 2244 2707 2287 eollo-

1611 2333 1704 2363 care
1719 2321 1764 2361 in
1781 2318 2027 2360 virtutibus.
2055 2318 2160 2359 Nam
2185 2317 2263 2358 Dei
2280 2317 2438 2369 agnitio
2455 2346 2466 2368 ‚
2494 2316 2610 2358 sinus
2628 2316 2705 2357 Dei

1611 2396 1701 2445 est,
1732 2391 1776 2432 in
1811 2402 1899 2445 quo
1927 2389 2111 2431 insinuat
2137 2388 2411 2441 continetque
2439 2391 2587 2428 omnes
2622 2386 2706 2428 ho-

1611 2463 1772 2515 mines3
1797 2461 1916 2503 velut
1942 2459 2095 2514 aliquis
2121 2470 2272 2500 aurum
2297 2458 2341 2499 in
2367 2458 2464 2500 sinu
2491 2460 2707 2511 gestat.—

1613 2533 1694 2586 Qui
1710 2533 1763 2575 ab
1781 2533 1945 2575 oriente
1972 2535 2015 2572 et
2040 2541 2218 2583 occasu,
2249 2528 2303 2571 ab
2323 2529 2522 2584 aquilone
2541 2532 2584 2571 et
2602 2529 2710 2571 mari

1614 2604 1888 2658 congregavit
1926 2602 2157 2657 terrigenas
2195 2604 2340 2655 gentes
2356 2631 2368 2653 ‚
2412 2604 2455 2642 et
2481 2599 2711 2642 virtutihus

1615 2675 1803 2719 densavit
1818 2675 1863 2716 in
1884 2672 1972 2716 fide
1996 2683 2097 2726 erga
2113 2673 2254 2727 ipsum
2273 2702 2285 2725 ,
2306 2671 2376 2713 hic
2393 2670 2582 2725 Christus
2595 2671 2711 2713 Deus

1616 2752 1705 2799 est,
1736 2746 1873 2801 quiet
1898 2744 2117 2787 caelestem
2133 2755 2289 2798 aquam
2312 2741 2540 2797 apposuit,
2571 2741 2624 2784 de
2642 2742 2713 2791 vir

1615 2824 1682 2862 tae
1696 2818 1831 2860 Jfonte
1861 2820 2097 2860 manantem
2116 2846 2126 2866 ,
2157 2814 2202 2856 id
2239 2817 2303 2856 est
2331 2813 2550 2856 scientiam
2570 2817 2710 2869 ‘atque

1617 2889 1889 2946 sapientiam,
1926 2887 2035 2930 sieut
2070 2887 2161 2941 ipse
2186 2885 2376 2928 Christus
2412 2884 2495 2926 ait:
2535 2884 2612 2938 qui
2641 2883 2713 2938 bif-

1616 2962 1682 3004 bit
1703 2973 1752 3003 ex
1782 2960 1862 3002 hac
1879 2970 2017 3013 aqua,
2039 2970 2124 2999 non
2153 2956 2267 2998 sitiet
2292 2955 2337 2997 in
2365 2958 2598 3011 aeternum.
2631 2954 2712 3016 Et,

1619 3033 1694 3087 qui
1730 3030 1908 3074 credunt
1931 3030 1975 3071 in
2006 3041 2097 3082 me,
2126 3022 2301 3069 flumina
2327 3025 2459 3068 fluent
2487 3024 2540 3067 de
2567 3017 2714 3067 ventre

1619 3106 1707 3146 eius
1729 3114 1861 3158 aquae
1889 3100 2330 3143 viventis.-,-Furatur
2357 3097 2572 3139 scientiam
2587 3126 2600 3150 ‚
2627 3107 2716 3152 non

1620 3175 1694 3228 qui
1720 3187 1743 3216 a
1769 3171 2047 3228 praecedente
2079 3169 2232 3224 accipit
2249 3199 2260 3221 ‚
2302 3167 2376 3210 sed
2413 3168 2485 3222 qui
2526 3180 2550 3209 a
2588 3177 2716 3221 pseu-

1621 3246 1809 3301 donyma
1846 3244 2020 3287 scientia
2045 3242 2125 3284 sibi
2150 3241 2294 3284 sumit.
2324 3241 2432 3288 Ecce
2465 3239 2577 3281 enim
2617 3249 2713 3280 om-

1621 3330 1695 3360 nes
1726 3317 1800 3372 qui
1827 3310 1996 3358 Christo
2030 3312 2335 3375 crediderunt,
2371 3323 2395 3353 a
2427 3309 2582 3352 sanetis
2611 3320 2715 3364 pro-

1622 3388 1761 3443 phetis
1788 3391 1829 3430 et
1868 3386 1921 3429 ab
1956 3385 2160 3440 apostolis
2190 3383 2404 3427 doctrinas
2436 3389 2568 3436 quum
2597 3391 2716 3422 acce-

1623 3460 1791 3515 perint,
1824 3470 1911 3500 non
1934 3456 2092 3499 idcirco
2123 3456 2236 3498 fures
2263 3454 2461 3496 dicuntur
2487 3451 2715 3494 alienarum

1623 3531 1927 3589 doctrinarum.
1956 3529 2156 3570 Furatur
2175 3526 2325 3580 aliquis
2361 3514 2514 3570 alienas
2552 3520 2715 3589 docrtri-

1623 3614 1718 3655 nas,
1755 3605 1802 3643 ut
1839 3599 2076 3642 famelicam
2111 3601 2293 3639 mentem
2321 3593 2501 3648 expleat.
2536 3565 2714 3633 Verum-

460 3784 580 3825 bina,
597 3792 731 3816 romana
751 3783 784 3814 in
798 3782 933 3823 primis,
948 3783 1018 3813 tum
1034 3781 1130 3814 etiam
1147 3781 1357 3821 Breitingeri,
1376 3779 1503 3819 Bossii,
1519 3778 1621 3818 lageri
1636 3779 1701 3810 etc.
1719 3785 1794 3809 cum
1811 3775 1973 3810 editorum
1990 3770 2279 3819 observationibus.
2300 3770 2409 3809 Neque
2425 3766 2511 3800 enim
2531 3765 2602 3799 heic
2628 3774 2715 3807 spar

448 3840 529 3870 tam
555 3839 639 3871 hanc
665 3836 822 3869 adornare
850 3836 956 3867 vacat.

2936 3447 2944 3621 a-..m-..-3..>.·-
2940 3408 2944 3423 Α-
2938 3350 2944 3354 ῑ
2941 3302 2944 3318 Α,
2940 3231 2942 3234 -
2935 3183 2944 3196 π.
2942 3155 2944 3170 Α.
2938 3139 2939 3142 Α
2940 3095 2944 3125 ..-
2930 3053 2944 3081 1⁴*—
2935 2967 2944 3036 .2ae„....
2941 2917 2944 2955 .,-
2941 2898 2944 2905 ,
2940 2858 2944 2875 .-
2942 2804 2944 2806 .
2942 2738 2944 2742 r

2867 4120 2874 4125 i

2925 3981 2944 4168 hafflffl-
2933 3875 2944 3974 ...μμ-3.
2923 3703 2944 3869 *manas-
2934 3661 2944 3679 ι.
2926 3633 2944 3651 z'
