2996 4432
1219 269 1459 303 nomzoms.
2435 264 2465 306 5
2514 272 2520 277 ·

225 360 338 414 dire
375 360 421 412 ei
458 358 625 420 dicat,
663 367 725 409 ut
757 352 1111 427 suspendatur
1144 355 1192 408 ei
1229 354 1366 408 mola
1400 355 1653 418 asinaria,
1692 366 1743 409 et
1781 354 2112 428 demergatur
2147 358 2203 410 in
2239 356 2461 430 prOfun-

225 444 355 496 dum
390 442 575 494 maris:
606 439 733 510 quia
755 437 920 490 multo
956 438 1116 490 satius
1151 450 1283 491 esset
1317 438 1365 490 ei
1400 438 1458 490 in
1492 437 1652 490 huius
1688 438 1979 492 laboriosae
2002 442 2139 493 vitae
2174 441 2313 493 volvi
2349 438 2483 495 eurr

229 526 424 587 riculo,
463 541 621 594 quam
657 522 715 572 in
750 520 1002 591 regimine
1038 519 1238 591 posim,
1266 519 1429 572 verbo
1455 530 1507 572 et
1538 521 1775 591 exemplo
1805 521 2151 575 scandalizare
2175 524 2454 577 subiectos.

336 609 387 660 8.
425 605 528 658 Sed
563 603 833 657 videamus
867 602 1038 674 qualis
1074 602 1193 673 eligi
1218 601 1406 655 debeat
1428 602 1735 674 episcopm,
1770 614 1821 655 et
1845 604 2140 675 singillatim
2165 607 2275 677 ipsa
2299 606 2458 659 verba

226 689 455 761 apostoli
478 687 830 740 discutiamus.
856 686 900 738 S
904 686 923 736 ι’
944 686 1076 756 qaisx
1089 686 1452 757 episcopatum
1477 684 1764 748 desiderat,
1799 686 1996 737 bonnm
2021 707 2154 758 opas
2178 688 2454 741 desiderat.

227 773 384 843 Opus
418 771 627 841 itaque,
655 787 768 821 non
804 767 1112 839 dignitatem
1146 769 1213 837 1).
1243 770 1310 821 Et
1341 769 1429 821 hic
1464 767 1718 820 ambitum
1741 769 2005 838 reprimit,
2033 771 2358 823 venalitatem
2381 791 2462 824 ex-

228 852 414 907 cludit.
447 854 667 925 Oportet
688 870 802 923 ergo
837 852 1140 923 episcopam
1178 850 1696 923 inreprehensibilem
1732 869 1854 902 esse.
1894 850 2091 904 Omnes
2114 853 2329 906 virtutes
2353 874 2462 907 uno

233 955 471 990 sermone
506 935 903 1006 complectitur,
943 945 994 987 et
1028 951 1196 1006 paene
1239 952 1352 987 rem
1397 933 1770 1005 impossibilem
1815 932 1960 986 dicit.
1999 934 2112 986 Nisi
2157 936 2291 988 forte
2327 938 2464 990 inre—

232 1006 636 1091 prehensibilem
679 1017 1026 1088 intelligamus
1074 1034 1184 1069 esse
1219 1017 1332 1068 sine
1368 1016 1612 1087 querela,
1651 1015 1707 1068 id
1742 1027 1818 1068 est
1854 1017 1965 1068 sine
2000 1017 2231 1070 crimine.
2273 1021 2473 1072 Mono-

225 1119 468 1173 gamam.
510 1101 576 1152 Et
611 1100 736 1171 quia
770 1100 828 1151 in
873 1099 1137 1170 primitiva
1168 1098 1397 1150 ‘ecclesia
1432 1098 1648 1169 positiS,
1697 1117 1834 1170 quae
1878 1117 2115 1168 magnam
2156 1112 2355 1170 partem
2401 1120 2466 1154 ex

232 1183 438 1236 Iudaeis
478 1183 782 1247 constabat,
807 1192 1107 1254 *praecepta
1148 1180 1307 1234 dabat
1349 1182 1648 1252 apostoluS,
1688 1200 1778 1234 eos
1818 1182 2015 1254 recepit
2056 1183 2330 1255 episcopos
2371 1187 2465 1255 qui

233 1266 645 1320 incontinentiae
679 1284 791 1317 non
827 1276 1133 1318 tenerentur
1156 1282 1322 1317 naevo
1347 1264 1594 1327 obnoxii,
1622 1265 1951 1325 continentes
1975 1265 2169 1317 scilicet
2193 1277 2244 1317 et
2267 1266 2322 1317 in
2348 1284 2467 1318 con-

236 1349 396 1420 iugali
419 1347 607 1402 ordine
630 1365 986 1418 monogamos.
1016 1347 1080 1399 Et
1102 1347 1220 1399 licet
1243 1366 1352 1399 non
1379 1347 1532 1418 eligat
1555 1348 1782 1417 virgines
1798 1387 1813 1411 ,
1841 1366 1952 1400 non
1976 1359 2148 1401 tamen
2170 1348 2466 1419 putandum

210 1441 314 1484 'est
345 1443 406 1483 ut
448 1441 758 1501 aspernetur
792 1430 1054 1499 angelicae
1088 1430 1223 1482 vitae
1258 1441 1552 1482 sectatores,
1595 1430 1717 1482 Non
1749 1430 1887 1483 enim
1923 1441 2130 1500 poterat
2158 1442 2217 1482 ut
2240 1432 2468 1503 virgines

233 1523 406 1566 essent
434 1512 766 1583 praecipere,
804 1513 898 1583 qui
930 1512 1126 1564 sciebat
1161 1510 1228 1564 de
1263 1513 1555 1582 virginibus
1600 1532 1710 1565 non
1753 1513 1848 1564 sibi
1892 1512 2092 1583 aliquid
2134 1514 2463 1584 imperatum.

235 1595 441 1648 Nostris
488 1606 662 1647 autem
705 1594 1055 1665 temporibuS,
1094 1606 1154 1646 ut
1199 1596 1270 1647 ait
1309 1595 1496 1648 beatus
1540 1596 1895 1666 Hieronymus
1938 1596 1996 1647 in
2038 1595 2360 1667 apologetico
2401 1597 2468 1649 ad

234 1677 649 1749 pammachium,
677 1678 943 1748 episcopi,
971 1677 1297 1749 presbyteri,
1326 1677 1571 1731 diacones
1606 1690 1698 1731 aut
1734 1679 2065 1731 continentes
2096 1679 2355 1749 eligantur
2377 1691 2469 1732 aut

235 1762 398 1827 casti,
447 1772 539 1813 aut
572 1772 691 1832 post
734 1761 1119 1813 ordinationem
1155 1763 1213 1814 in
1255 1773 1571 1834 perpetuum
1613 1761 1811 1834 pudici.
1850 1763 2120 1816 Sobriam.
2166 1762 2469 1817 Sacerdotes

234 1846 333 1916 qui
368 1844 663 1897 ministrant
697 1844 756 1895 in
791 1844 987 1915 templo
1012 1846 1143 1908 Dei,
1183 1845 1535 1916 prohibentur
1559 1850 1773 1898 siceram
1800 1856 1852 1898 et
1875 1845 2054 1896 vinum
2078 1845 2284 1908 bibere,
2320 1864 2387 1898 ne
2411 1848 2467 1899 in

236 1928 450 1998 crapula
475 1939 527 1980 et
550 1928 802 1980 ebrietate
837 1939 1185 1997 aggraventur
1209 1927 1372 1980 corda
1406 1947 1606 1981 eorum.
1635 1929 1744 1980 Nos
1779 1946 1903 1980 vero
1928 1929 2022 1998 qui
2047 1947 2158 1980 non
2189 1929 2246 1980 in
2281 1929 2468 1982 umbra

233 2009 564 2062 ambulamus
597 2008 690 2061 sed
725 2009 781 2061 in
816 2010 1066 2072 veritate,
1095 2010 1169 2062 sic
1204 2010 1316 2063 vini
1351 2021 1558 2064 utentes
1592 2011 1809 2082 potione
1844 2010 2047 2062 sobrios
2083 2029 2181 2063 nos
2206 2029 2314 2063 esse
2350 2030 2469 2064 con-

234 2093 380 2144 venit
397 2133 410 2156 ,
438 2103 500 2144 ut
535 2109 716 2144 sensus
751 2103 931 2144 noster
966 2092 1197 2144 officium
1236 2094 1490 2146 exhibens
1515 2095 1628 2146 Deo
1647 2133 1663 2157 ,
1691 2095 1861 2163 vigeat
1883 2112 2087 2164 semper
2109 2105 2162 2146 et
2185 2095 2357 2146 tenuis
2381 2095 2462 2147 sit.

235 2174 579 2227 Prudentem.
621 2173 782 2240 Quod
817 2185 991 2226 autem
1026 2174 1185 2227 infert
1218 2175 1562 2247 prudentem,
1601 2176 1823 2228 exclusit
1859 2194 1947 2228 eos
1983 2177 2076 2246 qui
2121 2177 2219 2228 sub
2256 2178 2468 2230 nomine

232 2258 577 2328 simplicitatis
620 2270 874 2310 excusant
916 2258 1188 2310 stultitiam
1230 2258 1574 2312 sacerdotum.
1626 2259 1736 2310 Nisi
1785 2260 1924 2322 enirn
1969 2258 2242 2311 cerebrum
2285 2280 2468 2313 sanum

235 2342 426 2404 fuerit,
453 2341 630 2393 omnia
654 2341 886 2393 membra
921 2340 978 2393 in
1011 2341 1139 2393 vitio
1178 2353 1351 2394 erunt.
1382 2344 1673 2396 Ornatam.
1701 2343 1815 2409 Qui
1849 2342 2132 2395 virtutibus
2155 2343 2346 2414 pollet,
2386 2363 2471 2396 or-

237 2436 392 2477 natus
428 2435 521 2476 est.
561 2423 700 2476 Sunt
734 2425 875 2477 enim
911 2423 1127 2495 quidem
1162 2425 1463 2495 ignorantes
1498 2444 1794 2477 mensuram
1830 2444 2002 2488 suam,
2042 2436 2095 2476 et
2129 2435 2302 2478 tantae
2337 2427 2473 2478 stoli-

234 2506 414 2559 ditatis
449 2525 510 2560 ac
545 2505 859 2571 vecordiae,
882 2519 944 2559 ut
979 2519 1032 2560 et
1067 2509 1124 2560 in
1159 2519 1307 2561 motu
1338 2519 1390 2560 et
1426 2509 1631 2560 incessu
1657 2520 1710 2561 et
1744 2510 1801 2560 in
1835 2508 2023 2560 habitu
2058 2519 2110 2560 et
2144 2509 2199 2559 in
2235 2527 2472 2562 sermone

237 2591 504 2642 communi
539 2591 700 2649 risum
737 2591 1139 2661 expectantibus
1175 2592 1227 2661 2)
1251 2591 1517 2656 tribuant3
1546 2603 1599 2644 et
1634 2592 1785 2663 quasi
1821 2610 1931 2644 non
1967 2591 2309 2662 intelligentes
2339 2592 2471 2663 quid

237 2673 305 2724 sit
340 2683 586 2734 ornatuS,
615 2683 831 2724 comunt
865 2691 921 2725 se
955 2673 1188 2725 vestibus
1223 2685 1276 2726 et
1309 2672 1581 2727 munditiis
1616 2674 1881 2744 corporiS,
1920 2684 1973 2725 et
1996 2674 2230 2726 lautioris
2264 2692 2472 2727 mensae

238 2755 421 2825 epulas
455 2751 671 2825 parant;
701 2773 820 2806 cum
856 2755 1026 2807 omnis
1060 2755 1351 2807 istiusmodi
1374 2767 1591 2808 ornatus
1615 2768 1667 2808 et
1690 2757 1862 2808 cultus
1887 2754 2128 2807 sordibus
2153 2755 2357 2808 foedior
2381 2757 2467 2808 sit.

345 2857 397 2907 9.
438 2838 733 2890 Doctorem.
763 2836 924 2902 Quod
949 2848 1121 2889 autem
1145 2836 1384 2910 doctrina
1407 2857 1438 2890 a
1461 2837 1819 2891 sacerdotibus
1843 2849 2150 2908 expectetur
2165 2880 2178 2903 ,
2208 2850 2259 2890 et
2281 2840 2470 2892 veteris

238 2931 520 2992 praecepta
555 2931 680 2972 sunt
713 2919 870 2987 legiS,
900 2930 952 2971 et
975 2919 1044 2971 ad
1078 2920 1255 2971 Titum
1291 2920 1499 2991 plenius
1534 2921 1798 2974 scribitur.
1838 2921 2098 2972 Innocens
2123 2923 2260 2973 enim
2286 2933 2336 2973 et
2361 2922 2473 2975 sine

238 3002 479 3055 doctrina
503 3002 828 3055 conversatio
854 3013 1116 3073 quantum
1141 3002 1384 3074 exemplo
1408 3002 1622 3075 prodest
1638 3043 1652 3067 ‚
1680 3015 1884 3055 tantum
1909 3004 2112 3055 silentio
2137 3015 2309 3056 nocet.
2339 3005 2472 3057 Nam

239 3086 429 3137 latratu
464 3103 655 3137 canum
696 3084 994 3156 baculoque
1028 3096 1097 3137 et*
1123 3085 1276 3138 sibilo
1319 3097 1621 3157 pastorum,
1659 3085 1830 3138 rabies
1872 3086 2119 3156 luporum
2162 3085 2473 3139 deterrenda

241 3179 337 3219 est.
380 3169 446 3219 Et
490 3167 685 3219 idcirco
732 3178 908 3218 errant
951 3168 1046 3238 qui
1082 3166 1270 3220 dicunt
1312 3168 1663 3221 innocentiam
1683 3208 1696 3227 .
1737 3179 1789 3220 et
1826 3168 2062 3220 ciborum
2099 3170 2475 3222 continentiam

242 3269 398 3321 posse
433 3249 671 3302 sufficere
707 3248 1084 3302 sacerdotibus.
1125 3251 1191 3302 Et
1225 3269 1346 3303 cum
1382 3251 1439 3302 in
1474 3250 1725 3303 Malachia
1773 3251 2023 3322 scriptum
2066 3251 2163 3303 sit:
2207 3251 2354 3303 labia
2387 3271 2475 3304 sa-

242 3332 461 3384 cerdotis
485 3332 794 3384 custodiant
814 3332 1125 3394 scientiam,
1159 3330 1429 3403 quomodo
1457 3332 1686 3385 custodit
1716 3333 1980 3384 scientiam
2006 3334 2099 3404 qui
2123 3334 2347 3404 peccatis
2369 3334 2475 3388 suis

242 3414 570 3484 exigentibus
604 3412 779 3466 adhuc
815 3413 1198 3483 dogmatizandi
1233 3433 1345 3467 non
1369 3417 1558 3469 meruit
1583 3417 1888 3468 scientiam?
1911 3417 1978 3468 Et
2007 3417 2063 3468 in
2087 3417 2200 3486 lege
2225 3418 2475 3488 scriptum

242 3506 354 3547 est:
397 3496 660 3566 interroga
692 3496 980 3548 sacerdotes
1018 3496 1206 3567 legem,
1250 3496 1578 3550 sacerdotum
1623 3511 1702 3551 est
1737 3499 1878 3550 enim
1912 3499 2356 3570 interrogantibus
2393 3517 2474 3550 re-

244 3576 506 3649 spondere
542 3576 609 3630 de
643 3578 772 3649 lege.
801 3576 963 3644 Quod
986 3578 1029 3630 si
1063 3578 1227 3648 legem
1262 3579 1502 3650 ignorat,
1531 3580 1642 3652 ipse
1677 3598 1731 3632 se
1767 3581 1938 3651 arguit
1972 3581 2182 3634 Domini
2219 3600 2329 3633 non
2365 3598 2475 3632 esse

244 3659 588 3712 sacerdotem.
628 3661 694 3712 Et
728 3659 849 3713 ideo
885 3661 928 3712 si
962 3661 1239 3732 contigerit
1263 3660 1330 3714 de
1354 3662 1676 3734 simplicibus
1710 3663 1808 3716 Dei
1844 3663 2039 3717 iudicio
2076 3675 2127 3716 et
2162 3664 2286 3716 cleri
2312 3674 2365 3714 et
2385 3681 2475 3734 po·

245 3741 357 3816 puli
395 3760 655 3795 consensu
690 3740 976 3814 aliquando
1013 3743 1316 3803 electionem
1340 3744 1453 3798 fieri
1471 3785 1487 3811 ,
1515 3757 1726 3818 oportet
1747 3757 1809 3798 ut
1831 3745 2035 3800 discant
2059 3765 2194 3819 quae
2219 3757 2339 3798 ante
2363 3764 2474 3798 nou

329 3846 362 3888 1)
387 3843 440 3880 lta
464 3842 539 3882 fere
562 3847 599 3881 et
623 3843 662 3881 S.
686 3842 918 3892 Augustinus
940 3843 982 3883 in
1004 3853 1174 3886 sermone
1197 3849 1258 3884 vat
1282 3848 1363 3885 104.
1386 3848 1483 3894 —2)
1506 3847 1577 3887 Pro
1600 3847 1882 3897 spectantibus,
1906 3852 1950 3887 ut
1972 3846 2060 3898 alibi
2083 3856 2195 3896 saepe
2218 3846 2258 3885 in
2283 3844 2481 3884 codicibus.

2506 622 2731 654 eod.r.11.a.
2792 622 2797 629 ⁴
