2944 4426
1176 245 1221 276 m
1254 242 1521 275 novumn.

225 340 369 390 scant,
401 335 476 380 sed
506 323 798 391 quaecumque
827 330 954 375 etiam
974 331 1020 374 in
1039 329 1201 374 mundo
1222 329 1315 372 fieri

221 407 359 450 solent
371 405 634 460 hominihus,
649 404 720 447 vel
741 402 794 446 ab
815 399 1062 444 hominibus
1082 399 1184 455 ipsis
1200 398 1270 441 vel
1288 410 1314 441 a

219 477 500 521 daemonibus
512 507 526 530 ‚
543 476 612 519 vel
626 474 777 518 mentis
791 472 1099 516 illuminatione
1114 482 1191 526 per
1206 469 1315 512 divi-

222 550 267 592 ni
289 549 466 606 Spiritus
484 548 662 605 gratiam
677 577 690 600 ,
710 545 866 588 horum
886 545 1062 599 inquam
1083 541 1314 598 praevisio-

224 633 322 664 nem
343 622 393 664 iis
412 620 654 676 impertitur
668 649 680 672 ‚
705 617 774 660 vel
795 629 871 672 per
893 615 1141 670 angelorum
1167 613 1312 656 moni-

223 694 409 747 tionem,
423 691 492 734 vel
506 702 583 747 per
604 687 779 732 visionis
797 687 973 731 alicuius
997 685 1311 729 revelationem.

2420 227 2483 273 45

1385 329 1465 377 οσα
1501 330 1541 376 ἐν
1579 329 1635 390 τῷ
1667 322 1743 388 βίῳ
1778 323 1927 412 σε’φυκε
1970 326 2156 393 γινεσὲαι
2202 330 2282 382 τοῖς
2327 324 2488 412 ἀνθρω-

1386 420 1471 452 ποις
1494 435 1507 459 ,
1546 416 1655 463 παρα
1688 392 1906 483 σίνθρωπων
1945 419 1989 447 τε
2025 421 2090 447 και
2123 394 2346 462 δαιμόνων
2379 421 2405 450 η
2443 399 2488 447 δι

1387 467 1558 553 ὁράσεως
1590 490 1676 522 νοος
1698 505 1711 527 ,
1750 464 1900 554 χάριτι
1920 466 2008 516 5⁴32:
1994 491 2034 515 υ
2070 490 2287 531 πνευματος
2325 465 2490 534 παρέχει

1387 537 1628 606 πρόγνωσιν,
1664 534 1687 587 in
1720 540 1768 586 δι’
1800 533 1968 607 ἀγγέλου
1998 561 2140 602 μνησιν
2161 577 2173 599 .,
2204 538 2231 590 ὴ
2262 541 2308 588 δι’
2340 536 2491 605 δράμα-

1389 632 1452 666 τος
1489 607 1750 673 ἀποκάλυψιν.

1064 830 1122 883 (C
1154 831 1184 872 Α
1218 831 1269 872 P.
1332 827 1485 871 XXXI.
1519 825 1638 880 vulg.
1670 825 1774 878 lat.)

226 951 470 1052 Dynastas
489 991 587 1038 heic
607 989 712 1038 dicit
726 991 860 1036 iustos
889 991 1108 1048 homines,
1141 991 1218 1047 qui
1240 990 1320 1034 ad-

223 1078 370 1110 versus
409 1065 632 1110 daemones
661 1069 705 1108 et
733 1064 987 1121 cupiditates
1024 1064 1186 1107 viribus
1220 1062 1321 1118 pol-

225 1139 338 1193 lent,
371 1149 478 1195 quas
509 1138 716 1182 vocabulo
737 1136 983 1180 iracundiae
1004 1123 1239 1179 denotavit.
1260 1135 1322 1182 Ne

224 1206 377 1253 bibant
391 1241 403 1264 ,
417 1208 557 1266 inquit
569 1241 581 1264 ,
607 1222 658 1252 ex
677 1221 728 1252 eo
760 1208 880 1264 quod
896 1211 1082 1250 mentem
1100 1207 1236 1249 ebriat
1249 1237 1261 1259 ‚
1279 1210 1322 1248 ct

223 1282 446 1326 cerebrum
483 1282 658 1336 turbat,
693 1281 815 1325 acido
851 1281 952 1323 vino
982 1278 1319 1331 haereticorum,

225 1352 344 1410 quod
372 1354 452 1396 D'ei
481 1355 710 1409 sapientiae
745 1357 788 1395 et
818 1352 1024 1407 agnitioni
1059 1350 1321 1393 contrarium

225 1429 312 1468 est:
346 1438 400 1468 ne
429 1426 542 1468 forte
563 1437 615 1468 eo
635 1428 766 1480 epoto
783 1455 795 1477 ,
824 1423 1127 1466 obliviscantur
1149 1422 1321 1477 sapien-

223 1496 308 1538 tiae
336 1497 443 1550 Dei3
465 1500 508 1538 et
527 1501 642 1539 recte
673 1494 904 1539 diiudicare
928 1499 1055 1550 atque
1084 1493 1322 1547 intelligere

223 1567 420 1610 scientiae
432 1567 640 1610 theoriam
657 1566 773 1610 haud
789 1567 975 1609 valentes
987 1597 1009 1619 ,3
1025 1565 1222 1620 deinceps
1239 1565 1323 1606 iam

224 1650 315 1681 non
343 1638 509 1693 possint
540 1650 640 1681 suae
660 1642 703 1680 et
721 1638 902 1680 aliorum
923 1626 1208 1680 infirmiorum
1230 1636 1323 1678 ani-

225 1709 378 1752 mabus
407 1709 630 1765 prodesse.

286 1781 343 1822 Iis
373 1781 449 1836 qui
477 1781 659 1849 peccatis
688 1785 900 1835 anguntur
930 1785 974 1822 et
1002 1753 1317 1835 desperatione,

224 1851 327 1895 date
345 1851 398 1895 de
412 1853 533 1895 vinea
544 1853 716 1895 Domini
737 1852 884 1894 bibere
903 1851 958 1894 ad
978 1851 1250 1905 ebrietatem,
1274 1850 1320 1894 id

226 1928 292 1966 est
320 1924 550 1978 ieiunium,
574 1925 834 1978 orationem,
858 1923 1187 1975 continentiam,
1212 1935 1321 1964 con-

227 1994 454 2037 fessionem
467 2026 478 2048 ,
494 1999 537 2037 et
559 2007 852 2050 quaecumque
868 1995 1051 2037 animam
1067 1993 1317 2036 exhilarant.

228 2065 286 2107 At
315 2066 367 2107 iis
397 2066 473 2121 qui
501 2070 600 2108 sunt
627 2066 672 2108 in
693 2065 1000 2120 principatibus
1019 2096 1032 2118 ,
1055 2064 1153 2108 date
1173 2075 1323 2119 pecca-

226 2136 263 2178 ti
292 2135 463 2178 dolores
491 2135 638 2179 bibere
668 2136 724 2178 ad
751 2137 985 2179 satietatem
1001 2167 1014 2189 ‚
1045 2140 1095 2179 ut
1123 2136 1191 2178 his
1219 2148 1324 2191 epo-

227 2207 284 2249 tis
313 2207 619 2249 obliviscantur
649 2206 884 2250 diabolicae
913 2207 1100 2262 inopiae.
1124 2209 1227 2250 Nam
1251 2207 1327 2262 qui

227 2277 371 2324 ebrius
401 2281 466 2320 est
484 2278 699 2332 agnitione
725 2277 923 2331 Domini,
956 2277 1224 2320 obliviscitur
1247 2276 1326 2319 do-

230 2349 369 2392 lorum
401 2350 583 2403 praxim.

286 2421 464 2475 Inopem
497 2419 601 2463 dicit
630 2419 847 2462 hominem
877 2419 1051 2462 scientia
1080 2423 1322 2478 carentem3

229 2490 469 2546 infirmum,
500 2490 686 2547 peccatis
714 2490 999 2546 inquinatum.

1172 2617 1353 2661 CAP.

237 2723 366 2843 Qui
392 2776 572 2832 spiritali
600 2777 734 2821 verbo
757 2781 943 2821 veterem
972 2778 1186 2822 hominem
1209 2778 1326 2821 occi-

238 2846 303 2890 dit
317 2879 330 2901 ,
363 2852 614 2903 corruptum
650 2850 770 2892 illum
800 2850 960 2893 scilicet
995 2850 1227 2893 seeundum
1256 2862 1326 2892 er-

234 2919 344 2961 roris
372 2919 643 2974 cupiditates,
670 2925 878 2964 restaurat
903 2921 958 2964 ad
983 2922 1184 2964 iustitiam
1207 2934 1327 2964 men-

233 2994 321 3032 tem
357 2991 473 3044 eius,
515 3003 625 3045 quae
670 2991 824 3034 dicitur
869 2993 1052 3036 thronus
1091 3006 1179 3036 esse
1217 2994 1322 3035 Dei:

231 3072 442 3116 nusquam
471 3061 582 3103 enim
611 3062 720 3104 solet
749 3062 850 3105 alibi
879 3063 1024 3106 sedere
1055 3065 1257 3120 sapientia
1285 3069 1328 3107 et

234 3132 409 3181 scientia
426 3137 553 3187 atque
575 3132 733 3175 iustitia
748 3165 760 3187 ‚
787 3134 867 3175 nisi
883 3134 930 3176 in
946 3135 1142 3178 rationali
1162 3139 1324 3178 natura.

232 3205 349 3247 Haec
378 3207 520 3245 autem
551 3204 693 3245 omnia
723 3203 914 3247 Christus
939 3210 1017 3248 est.

293 3274 437 3327 Qualis
466 3286 534 3328 es,
567 3273 664 3315 talis
695 3286 920 3329 appareas,
952 3287 1091 3330 neque
1113 3280 1155 3318 te
1172 3276 1325 3330 iactes,

233 3345 309 3389 sed
339 3357 481 3388 coram
510 3343 770 3400 sapientibus
798 3344 872 3387 sile
885 3376 897 3398 ,
930 3349 974 3388 et
1002 3346 1114 3388 inter
1142 3347 1328 3390 seniores

233 3421 324 3460 esto
348 3416 622 3466 auscultator.
643 3416 704 3458 Ne
728 3414 867 3458 dicas:
893 3428 1022 3472 super
1045 3417 1156 3460 astra
1169 3429 1329 3472 ponam

232 3488 439 3530 thronum
467 3499 610 3529 meum
626 3519 638 3541 ,
671 3492 714 3530 et
744 3499 817 3530 ero
837 3487 984 3530 similis
1011 3488 1245 3531 Altissimo.
1267 3489 1329 3531 Ne

234 3558 408 3601 affectes
447 3559 630 3614 primam
671 3558 938 3612 cathedram,
979 3558 1055 3601 sed
1085 3563 1328 3601 ‘extremum

234 3626 377 3671 locum
392 3633 553 3684 specta.
578 3629 730 3671 Melius
749 3633 810 3671 est
832 3629 943 3671 enim
964 3634 1014 3672 ut
1032 3628 1111 3671 tibi
1133 3628 1324 3672 dicatur:

236 3699 413 3753 ascende
433 3700 488 3742 ad
506 3713 573 3742 me
586 3731 598 3755 ,
620 3712 747 3756 quam
770 3705 818 3743 ut
839 3702 884 3743 in
902 3705 1167 3756 postremum
1185 3700 1329 3743 locum

235 3771 437 3813 reiiciaris
461 3783 558 3814 cum
580 3772 815 3827 ignominia
845 3772 890 3814 in
924 3776 1158 3828 conspectu
1188 3771 1326 3827 dyna-

235 3845 340 3883 stae.
361 3841 506 3897 Neque
524 3846 568 3885 te
591 3842 841 3899 prudentem
861 3842 1105 3899 praedices,
1125 3854 1263 3899 neque
1283 3846 1327 3886 te

1393 950 1652 1041 Δυνάστας
1693 985 1877 1036 ἐνταῦθα
1921 981 2008 1039 τοὺς
2045 981 2217 1039 δικαίους
2263 982 2401 1052 φησὶν,
2440 987 2496 1033 οἶ-

1394 1080 1499 1114 τινες
1536 1054 1642 1106 κατὰ
1679 1060 1755 1105 τῶν
1795 1052 1985 1118 δαιμᾶνων
2021 1053 2086 1103 καὶ
2124 1059 2198 1104 τῶν
2237 1058 2389 1105 aab&
2422 1053 2496 1107 τῆν

1394 1127 1558 1191 δύναμιν
1597 1127 1791 1213 ἔχοντες,
1828 1149 1879 1178 ην
1917 1148 2003 1176 τινα
2038 1124 2173 1188 Ξυμον
2220 1125 2397 1175 ἐκαλεσε·
2443 1148 2499 1188 μη

1393 1198 1618 1252 πινέτωσαν
1652 1200 1692 1247 ἐκ
1723 1201 1792 1248 τοῦ
1815 1195 1882 1246 τὸν
1906 1219 1946 1244 νο
1949 1200 1993 1245 ’ὗν
2016 1196 2306 1260 μεθύσκοντος,
2331 1220 2395 1245 και
2424 1217 2498 1251 τας

1396 1270 1536 1339 φρένας
1567 1274 1620 1317 &a
1623 1273 1691 1317 λε
1652 1290 1783 1323 υντος
1813 1266 1929 1324 ὀξώόο
1932 1290 1976 1323 υς
2014 1290 2119 1317 οινου
2150 1290 2224 1317 των
2259 1271 2462 1350 αιρετικῶν
2486 1305 2499 1327 ,

1395 1365 1435 1392 το
1439 1346 1462 1390 ῧ
1491 1337 1598 1389 κατὰ
1629 1343 1702 1395 τῆς
1737 1342 1804 1389 τοῧ
1837 1342 1925 1388 θεοῧ
1950 1336 2091 1406 σοφίας
2123 1360 2297 1404 γνωσεως
2322 1362 2366 1390 τι
2360 1358 2500 1423 Νεχον-

1396 1433 1476 1468 τος·
1508 1413 1578 1460 ινα
1608 1434 1664 1473 μη
1697 1407 1881 1470 ωιᾶντες,
1916 1408 2179 1460 ἑπιλαθωνται
2213 1414 2283 1464 τῆς
2317 1413 2384 1460 τοῧ
2414 1413 2502 1457 θεοῦ

1394 1504 1565 1550 σοφιας,
1604 1503 1668 1529 και
1706 1477 1816 1547 ὀρὲα
1852 1478 1992 1548 κρίνειν
2030 1503 2096 1528 και
2135 1501 2173 1527 νε
2178 1503 2232 1529 ειν
2279 1502 2351 1533 την
2389 1485 2499 1530 θεω-

1393 1551 1482 1620 ρἰαν
1516 1557 1589 1608 τῆς
1621 1573 1801 1617 γνωσεως.
1813 1590 1826 1609 ,
1860 1549 1984 1600 οὐκετι
2015 1553 2058 1599 οὗ
2089 1574 2144 1613 μη
2179 1549 2413 1600 δύναντακ
2403 1573 2500 1599 εαυ-

1395 1646 1486 1680 τους
1524 1621 1568 1674 τὲ
1603 1645 1671 1671 και
1708 1645 1799 1678 τους
1840 1618 2155 1687 ἀσθενεστέρους
2195 1622 2356 1688 ὠφεὶειν
2394 1619 2528 1670 κατὰ

1395 1691 1548 1760 ψυχον·

1466 1769 1560 1821 Τοῖς
1586 1768 1626 1813 ἐν
1650 1763 1864 1831 ἆμαρτιαις
1889 1761 2139 1827 οδυνωμένοις
2162 1785 2230 1811 και
2254 1760 2495 1828 ἀπογνωσει,

1395 1833 1483 1886 ὂᾶτε
1516 1838 1558 1884 ἐκ
1590 1857 1658 1884 του
1691 1835 1921 1897 αμπελῶνος
1953 1838 2022 1883 τοῦ
2054 1855 2182 1899 κυριου
2213 1855 2316 1883 πιειν
2343 1837 2399 1889 εἰς
2423 1832 2496 1897 μέ-

1394 1913 1475 1959 θην
1498 1945 1511 1966 ,
1545 1903 1746 1957 τουτέστιν
1778 1904 1968 1957 νηστείαν
1991 1943 2005 1963 ,
2044 1926 2312 1970 ωροσευχην,
2352 1902 2496 1972 ἐγκρά-

1375 1998 1531 2037 ,τειαν,
1566 1979 1628 2032 ε’ξο
1631 1973 1866 2042 μολσγησιν,
1898 1997 1972 2023 και
1999 1973 2130 2026 πάντα
2163 1978 2240 2024 ὅσα
2275 1978 2329 2029 εἰς
2367 1977 2497 2043 εὐφρο·

1397 2070 1515 2100 συν-ην
1551 2051 1702 2111 ψυχῆς·
1743 2051 1823 2103 τοῖς
1861 2043 1903 2095 δὲ
1941 2048 1979 2094 ἐν
2017 2047 2212 2136 οἷρχοιις.Ι
2243 2046 2386 2100 ὂδυνας
2424 2049 2497 2101 τῆς

1395 2114 1595 2185 ἇμαρτῖας
1633 2121 1739 2167 maiia
1778 2119 1832 2173 εἷς
1868 2114 2004 2183 κορ;ν.,
2041 2119 2107 2164 ι’να
2144 2115 2300 2172 mciv-353
2346 2114 2499 2166 ἐσιλα-

1395 2197 1540 2239 θωνται
1566 2193 1637 2243 τῆς
1663 2186 1883 2252 δαιμονιωδο
1886 2211 1931 2243 υς
1963 2208 2116 2243 πενιας·
2146 2210 2165 2235 ο
2189 2185 2264 2253 γάρ
2287 2185 2497 2251 μεθυσθεις

1396 2258 1474 2311 ἀπο
1509 2282 1581 2315 της
1613 2281 1790 2323 γνωσεως
1815 2264 1881 2310 τοῦ
1903 2256 2059 2326 κυρίου,
2086 2256 2399 2309 ἐπιλανθάνεται
2424 2256 2495 2310 τὴν

1397 2334 1539 2398 σρᾶξιν
1573 2333 1649 2378 τῶν
1682 2332 1839 2379 ὁδυνων.

2537 986 2567 1008 v.
2587 983 2614 1008 4.

2537 1014 2607 1045 eod.
2626 1014 2647 1045 f.
2667 1018 2727 1044 117.
2741 1015 2772 1045 b.

2541 1770 2570 1792 v.
2590 1767 2618 1792 6.

2539 1798 2608 1829 cod.
2627 1800 2649 1830 f.
2673 1803 2735 1830 118.
2753 1807 2782 1829 a.

1468 2399 1632 2453 Πένητα
1654 2396 1768 2465 λέγει
1802 2399 1868 2452 τὸν
1901 2397 2151 2468 ἑστερημενον
2185 2404 2253 2455 τῆς
2284 2421 2459 2465 γνωσεως
2480 2439 2493 2459 .,
2537 2408 2648 2469 ζώῃ.
2670 2443 2731 2468 ¹18
2751 2439 2781 2468 b

1397 2474 1557 2524 ἁσθενη
1590 2468 1632 2520 δε
1664 2493 1731 2523 τον
1761 2470 1993 2539 ἀκάθαρτον
2025 2493 2117 2527 ταις
2149 2470 2383 2538 ἁμαρτιαις.

1415 2617 1546 2659 XXV.

1398 2741 1492 2834 Ο
1529 2775 1634 2843 λὸγῳ
1669 2781 1926 2841 σνευματικῷ
1961 2797 2027 2825 τον
2065 2773 2244 2825 σαλαιον
2281 2774 2496 2840 ἄνθρωωον

1398 2846 1666 2909 ἀποκτεννων,
1693 2869 1761 2898 τον
1787 2847 2032 2927 φθειρόμενον
2056 2845 2161 2896 κατὰ
2192 2868 2260 2899 τας
2286 2850 2333 2895 5.-
2323 2843 2496 2908 ,ιθυμιας

1400 2922 1472 2974 τῆς
1506 2917 1688 2976 ἀπατης,
1719 2915 1916 2983 χατορθοι
1949 2919 1987 2964 ἐν
2019 2913 2241 2980 δικαιοσυνῃ
2275 2937 2342 2964 τον
2376 2918 2497 2964 αὐτοῦ

1398 3008 1506 3047 νουν,
1541 3012 1585 3044 ος
1600 2985 1776 3052 λεγεται
1802 2986 1932 3052 θρόνο
1893 3024 1931 3041 .3
1967 3008 2068 3035 ειναι
2101 2989 2200 3034 θεον·
2229 2987 2399 3048 οὐδαμου
2423 3008 2500 3052 γαρ

1397 3081 1564 3126 πεφυκεν
1596 3061 1776 3121 ἀλλαχῖ
1750 3080 1777 3105 υ
1812 3055 2064 3113 καθέζεσθαι
2103 3054 2221 3122 σοφῖα
2251 3079 2319 3103 και
2357 3079 2499 3122 γνωσις

1396 3152 1462 3179 και
1501 3133 1619 3178 δικαιο
1624 3151 1717 3179 συνη
1741 3167 1754 3188 ,
1789 3150 1823 3176 ει
1859 3151 1917 3191 μη
1950 3129 1988 3175 ἓν
2021 3148 2131 3194 φυσει
2170 3131 2323 3191 λογικῇ·
2364 3149 2498 3178 ταντα

1398 3198 1439 3249 δε
1471 3222 1606 3250 παντα
1639 3197 1751 3250 ἐστιν
1784 3198 1802 3246 ὃ
1837 3195 2029 3266 Χριστος.

2540 2786 2569 2806 v.
2598 2782 2624 2806 5.

2540 2813 2610 2843 cod.
2628 2813 2650 2843 t.
2671 2816 2732 2843 119.
2749 2812 2780 2841 b.

1467 3268 1577 3356 Οιηος
1601 3265 1656 3329 εἰ,
1681 3293 1725 3320 το
1728 3291 1850 3324 ιουτος
1875 3290 2037 3356 φαινου,
2063 3291 2129 3315 και
2152 3290 2207 3331 μη
2232 3267 2444 3323 οἷλαζονευο
2448 3290 2494 3327 υ,
2539 3301 2568 3322 v.
2588 3297 2614 3321 6,

1397 3341 1489 3389 ἀλλ’
1509 3338 1577 3391 ε’πι
1603 3344 1729 3407 σοφῶν
1757 3361 1880 3404 σιγα,
1905 3362 1972 3387 και
1998 3337 2061 3389 ἐπι
2088 3337 2362 3405 πρεσβυτέρων
2383 3341 2496 3405 ὄαρο-

1397 3429 1459 3458 ου·
1495 3433 1551 3473 μη
1589 3409 1706 3475 ἐίσῃς
1728 3447 1742 3470 ,
1789 3407 1922 3459 ἑσάνω
1959 3414 2034 3458 τῶν
2072 3431 2228 3476 αστρων
2273 3407 2391 3460 Ξῆσω
2428 3432 2471 3458 τ
2455 3432 2496 3458 ν

1396 3478 1554 3566 ἓρονονκ
1569 3503 1668 3543 μου,
1706 3504 1773 3528 και
1812 3501 1951 3542 εσομαι
1985 3482 2112 3543 ὅμοιος
2146 3484 2201 3543 τῷ
2231 3479 2402 3545 υψιστῳ·
2437 3502 2495 3543 μη

1399 3548 1469 3615 ἔρα
1502 3554 1575 3598 τῶν
1608 3571 1803 3634 πρωτειων
1837 3553 1909 3604 τῆς
1941 3549 2227 3617 προκαὲεδρῖας
2248 3591 2260 3609 ,
2295 3549 2402 3599 ἀλλα
2428 3571 2495 3599 τον

1399 3619 1575 3684 ἔσχατον
1608 3618 1724 3669 τόπον
1757 3618 1981 3680 α’ποβλεπε·
2017 3624 2194 3708 κρεῖσσον
2226 3643 2302 3687 γαρ
2322 3617 2496 3707 ρηθῆναῖ

1399 3711 1494 3747 σοι,
1534 3687 1716 3751 ἀνάβηθι
1758 3687 1858 3765 ωρός
1895 3712 1976 3753 με,
2014 3715 2040 3744 η
2077 3713 2177 3757 σρος
2215 3715 2282 3740 τον
2321 3692 2496 3754 ἔσχατον

1399 3756 1517 3811 τᾶπον
1555 3762 1671 3810 ἁποδε
1659 3757 1797 3813 θῆναι
1835 3782 1878 3811 σε
1914 3764 1998 3824 μετ’
2035 3759 2229 3825 αἱσχυνης
2269 3766 2304 3808 ἐν
2341 3782 2410 3825 προ
2394 3757 2497 3808 οσῶ-

1399 3852 1464 3894 σῳ
1507 3829 1714 3881 δυνάστου·
1759 3853 1860 3894 μητε
1895 3853 1972 3899 γαρ
2015 3830 2189 3899 φρᾶνιμον
2234 3829 2373 3880 ἑαυτον
2418 3852 2495 3882 κη·-
