2996 4432
1026 253 1194 285 conrasi
1228 251 1464 283 mvssonas
1500 252 1594 286 err..
1633 255 1718 285 un.
1757 255 1808 285 ιι.
2489 239 2555 285 95

284 343 409 383 tatem
435 339 644 395 praeponi
676 336 831 380 debere
847 366 859 388 ,
891 336 1097 392 siquando
1121 338 1233 380 forte
1260 337 1380 380 aliter
1401 334 1615 392 sapuerint
1636 351 1762 394 quam
1790 338 2011 383 deberent.
2040 341 2194 383 Scribit
2214 342 2323 383 cuim
2353 341 2412 384 ita
2442 343 2553 384 Vin-

283 411 422 453 centio
465 410 716 453 donatistae.
763 427 779 444 ι
811 407 938 461 Noli,
979 408 1142 461 frater,
1183 413 1334 452 contra
1377 407 1518 451 divina
1547 413 1635 451 tam
1671 410 1806 452 multa
1826 440 1839 463 ,
1878 415 1965 452 tam
2009 411 2120 453 clara
2142 443 2155 466 ‚
2191 415 2274 454 tam
2312 412 2551 456 indubitata

283 482 523 524 testimonia
556 480 757 533 colligere
792 478 899 520 velle
928 478 1186 532 calumnias3
1227 484 1271 522 et
1311 479 1612 534 episcoporum
1644 480 1810 535 scriptis
1841 482 1928 523 sive
1966 486 2210 524 nostrorum
2251 483 2338 524 sive
2369 483 2546 539 Hilarii,

284 553 372 594 sive
402 556 499 594 ante
525 563 651 606 quam
683 562 782 604 pars
796 550 963 593 ,Donati
986 554 1252 605 separaretur
1270 563 1295 593 a
1321 554 1585 600 sacramento
1608 551 1737 605 ipsius
1758 552 1931 594 unitatis
1947 583 1959 604 ,
1981 553 2090 594 sicut
2112 554 2310 608 Cypriani
2331 556 2374 595 et
2396 556 2548 610 Agrip·

289 623 406 676 pini3
446 623 583 677 primo
622 621 725 675 quia
759 620 844 662 hoc
888 629 1019 674 genus
1056 621 1292 663 litterarum
1334 621 1388 663 ab
1425 621 1680 663 auctoritate
1720 622 1893 664 canonis
1930 622 2276 678 distinguendum
2321 630 2418 666 est:
2459 638 2547 669 non

289 693 400 735 enim
426 694 486 734 sic
518 692 719 747 leguntur
737 721 751 744 ,
786 695 1004 746 tamquam
1035 692 1095 750 ita
1122 704 1173 734 ex
1198 692 1258 734 eis
1282 691 1571 734 testimonium
1607 691 1877 746 proferatur,
1903 697 1952 734 ut
1990 699 2137 736 contra
2172 696 2326 737 sentire
2365 708 2452 739 non
2488 697 2545 738 li-

286 767 408 816 ceat,
439 762 591 805 sicubi⁴
614 762 726 804 forte
763 761 886 804 aliter
923 774 1101 817 sapuere
1138 774 1264 817 quam
1296 763 1452 806 veritas
1482 762 1754 817 postulabat:
1787 764 1833 804 in
1863 775 1918 804 eo
1958 765 2117 819 quippe
2155 778 2331 808 numero
2370 779 2542 820 sumus,

289 838 340 876 ut
366 845 451 876 non
479 832 758 887 dedignemur
784 833 1066 876 etiam-nobis
1094 833 1253 876 dictum
1286 834 1338 877 ab
1356 834 1556 889 *apostolo
1586 835 1775 888 accipere
1796 833 1833 875 ri
1850 836 1952 887 quid
1978 837 2096 876 aliter
2124 840 2283 889 sapitis,
2319 838 2366 878 id
2392 851 2544 891 quoque

291 907 398 946 Deus
426 906 534 945 vobis
563 905 756 946 revelabit
773 902 807 945 *.
841 903 923 946 Sed
960 909 1004 946 et
1033 909 1207 959 quartus
1235 906 1320 948 Leo
1354 905 1563 961 episcopis
1596 905 1835 948 Britanniae
1851 936 1864 958 ,
1896 905 2099 960 quiddam
2134 907 2344 961 praefatae
2377 910 2545 964 senten-
2586 915 2600 931 *
2619 913 2768 944 Phil-11¹·
2789 919 2833 945 1⁵*

291 976 376 1018 tiae
405 975 631 1028 Augustini
661 975 794 1017 simile
826 975 974 1017 scribit
998 976 1043 1017 in
1070 977 1250 1030 registro
1287 989 1382 1019 suo.
1419 995 1435 1011 α
1453 977 1520 1019 Dc
1554 975 1705 1019 libellis
1722 1007 1735 1030 ,
1767 976 1934 1031 inquit,
1960 980 2003 1019 et
2035 979 2343 1020 commentariis
2365 980 2545 1023 aliorum

292 1059 380 1088 non
419 1047 623 1088 convenit
661 1046 843 1100 aliquem
875 1046 1091 1098 iudicare,
1127 1051 1170 1088 et
1202 1051 1444 1089 sanctorum
1473 1047 1750 1090 conciliorum
1780 1059 1960 1089 canones
1996 1047 2260 1103 relinquere,
2297 1050 2362 1091 vel
2395 1050 2544 1093 decre-

296 1117 444 1160 talium
478 1117 645 1170 regulas
681 1118 781 1158 item
816 1129 934 1177 quae.
959 1116 1171 1160 habentur
1197 1118 1311 1174 apud
1341 1131 1421 1160 nos
1449 1118 1575 1160 simul
1602 1130 1699 1160 cum
1729 1118 1811 1160 illis
1845 1118 1888 1160 iu
1922 1128 2098 1161 canone.
2135 1119 2296 1171 Quibus
2330 1126 2468 1163 autem
2502 1123 2569 1164 in·

293 1187 491 1229 omnibus
520 1188 810 1230 ecclesiasticis
843 1186 1003 1229 utimur
1032 1188 1194 1230 iudiciis
1221 1193 1341 1231 suut:
1380 1201 1567 1231 canones
1595 1191 1629 1241 l)
1660 1190 1734 1243 qui
1767 1189 1964 1231 dicuntur
1997 1190 2316 1244 apostolorum,
2353 1192 2543 1244 nicaeni,

292 1260 519 1314 ancyrani,
550 1258 908 1300 neocaesarienses
925 1288 937 1310 ,
972 1270 1244 1313 grangrenses
1263 1290 1274 1312 ,
1307 1259 1624 1312 antiochenses,
1653 1258 1938 1313 sardicenses,
1970 1261 2340 1315 carthaginienses,
2377 1268 2419 1304 et
2448 1274 2545 1306 cum

292 1330 375 1372 illis
408 1329 574 1383 regulae
609 1329 850 1384 praesulum
884 1341 1160 1372 romanorum
1196 1330 1426 1388 Silvestri,
1447 1331 1611 1383 Siricii‚
1642 1331 1902 1385 Innocentii‚
1935 1333 2116 1384 Zosimi,
2151 1332 2395 1386 Caelestini,
2431 1335 2543 1377 Leo-

294 1400 384 1453 nis,
424 1399 607 1454 Gelasii,
650 1399 831 1452 Hilarii,
871 1399 1377 1454 Symmachi,-Simplicii
1400 1432 1412 1454 ,
1452 1401 1729 1455 Hormisdae‚
1767 1407 1810 1444 et
1836 1388 2028 1458 Gregorii
2059 1404 2228 1445 maioris
2268 1409 2311 1446 et
2350 1405 2542 1448 iunioris.

295 1473 371 1514 Isti
408 1473 579 1514 omnino
611 1467 711 1514 suut
743 1475 786 1513 et
813 1483 892 1526 per
917 1483 1026 1525 quos
1050 1471 1239 1513 iudicant
1263 1472 1478 1527 episcopi,
1511 1477 1554 1515 et
1585 1485 1660 1527 per
1691 1485 1801 1528 quos
1832 1474 2019 1528 episcopi
2049 1473 2286 1517 iudicantur
2315 1476 2357 1516 et
2386 1475 2539 1519 clerici.

296 1544 403 1586 Nam
433 1544 468 1584 si
497 1543 580 1584 tale
609 1543 826 1584 emerserit
855 1541 924 1583 vel
952 1542 1177 1596 contigerit
1204 1543 1450 1585 inusitatum
1471 1545 1687 1598 negotium
1704 1574 1717 1598 ,
1749 1544 1867 1599 quod
1896 1545 2064 1588 minime
2096 1545 2228 1599 possit
2256 1558 2331 1600 per
2361 1546 2464 1588 istos
2492 1547 2544 1589 fi-

294 1615 376 1656 niri
395 1644 408 1666 ,
444 1618 547 1655 tunc
582 1613 619 1654 si
650 1612 787 1664 dicta,
822 1612 994 1654 illorum
1035 1623 1217 1667 quorum
1255 1615 1527 1667 meministis,
1559 1615 1835 1671 Hieronymi,
1867 1616 2115 1670 Augustini,
2151 1615 2330 1669 Isidori,
2367 1618 2435 1660 vel
2470 1630 2544 1660 ce·-

296 1690 484 1727 terorum
524 1677 680 1739 pariter
715 1688 959 1726 sanctorum
995 1683 1220 1726 doctorum
1253 1686 1403 1728 similia
1440 1690 1606 1741 reperta
1642 1686 1826 1739 fuerint,
1860 1687 2172 1740 magnanimiter
2202 1692 2299 1730 sunt
2334 1690 2547 1733 retinenda

244 1788 248 1794 .
292 1767 349 1810 ac·
380 1754 718 1811 promulganda;
751 1755 817 1796 xvel
845 1754 899 1797 ad
924 1755 1203 1809 apostolicam
1230 1757 1372 1799 sedem
1405 1757 1670 1800 referendum
1695 1757 1749 1800 de
1775 1757 1944 1800 talibus.
1970 1758 2103 1810 Quam
2136 1757 2192 1800 ob
2221 1770 2387 1801 causam
2420 1760 2544 1803 lucu-

297 1827 450 1869 lentius
481 1831 524 1868 et
557 1838 708 1881 magua
742 1838 848 1868 voce
877 1826 1163 1880 pronunciare
1190 1840 1277 1869 non
1303 1838 1469 1882 paveo,
1502 1830 1601 1883 quia
1633 1837 1742 1883 quac
1775 1828 1954 1870 diximus
1983 1833 2222 1870 sauctorum
2257 1834 2423 1883 patrum
2458 1836 2544 1874 sta·-

297 1902 418 1950 tuta‚
447 1909 557 1952 quae
583 1895 698 1951 apud
725 1909 803 1938 vos
826 1908 1009 1938 canones
1036 1898 1385 1952 praetitulantur,
1410 1899 1498 1942 sive
1522 1900 1577 1941 sit
1599 1899 1669 1940 ille
1697 1899 1920 1954 episcopus
1943 1898 2031 1941 sive
2061 1899 2262 1952 clericuS,
2295 1902 2368 1954 qui
2398 1901 2543 1945 eadem
2583 1905 2652 1935 001¹·
2671 1905 2693 1935 ¹·
2713 1909 2775 1938 ¹³1·

298 1967 592 2010 indifferenter
621 1979 708 2009 non
733 1967 910 2022 recipit,
941 1969 1078 2022 ipsum
1102 1980 1146 2009 se
1173 1970 1389 2013 convincit
1416 1970 1586 2012 minime
1610 1970 1859 2012 catholicam
1887 1974 1930 2012 et
1959 1970 2230 2025 apostolicam
2256 1968 2383 2013 iidem
2410 1972 2464 2014 ad
2484 1973 2545 2015 ef·-

298 2039 455 2080 t‘ectum
485 2050 583 2080 suae
614 2038 795 2080 retinere
822 2037 984 2080 salutis.
1006 2057 1023 2074 ι·
1059 2039 1270 2083 Hactenus
1300 2041 1560 2094 Augustinus
1583 2045 1626 2083 et
1654 2042 1739 2083 Leo
1768 2045 1945 2096 quartus
1967 2041 2019 2083 de
2049 2041 2297 2084 auctoritate
2316 2053 2538 2085 cationum.

426 2115 493 2157 14.
525 2115 646 2156 Nunc
675 2113 898 2156 dicendum
928 2113 1123 2167 videtur,
1146 2112 1353 2154 haeresim
1383 2113 1636 2154 Arianorum
1660 2116 1787 2167 atque
1817 2124 1986 2154 omnem
2014 2112 2261 2166 generaliter
2291 2114 2490 2156 haeresim
2520 2126 2546 2158 a

236 2192 245 2207 ⁸
302 2190 474 2228 sanctae
502 2186 579 2227 Dei
609 2186 806 2228 ecclesiae
837 2186 1156 2240 oppugnatione
1186 2196 1397 2236 cessasse,
1429 2187 1472 2225 et
1501 2184 1591 2225 Deo
1621 2195 1702 2237 pro
1732 2182 1874 2226 eadem
1906 2187 2118 2238 pugnante
2148 2188 2397 2226 cessaturam
2426 2185 2545 2240 siqua

303 2256 502 2312 deinceps
531 2257 789 2305 existimatur
818 2257 920 2298 oriri
950 2267 1089 2310 posse.
1122 2255 1456 2296 simoniacorum
1486 2266 1586 2296 vero
1609 2254 1811 2307 haeresis,
1833 2253 1886 2296 de
1905 2266 1989 2309 qua
2009 2255 2201 2308 superius
2224 2255 2411 2308 egimus,
2436 2263 2544 2311 quae

302 2331 346 2370 iu
376 2329 498 2370 initio
527 2328 738 2370 nascentis·
762 2327 956 2370 ecclesiae
985 2325 1185 2368 adversus
1213 2338 1305 2367 eam
1344 2326 1483 2367 statim
1522 2337 1638 2366 arma
1676 2325 1912 2379 corripuit,
1945 2337 2079 2379 usque
2114 2325 2157 2367 iu
2193 2324 2323 2367 finem
2357 2324 2540 2380 saeculi,

303 2404 435 2453 prout
473 2398 555 2441 sibi
592 2398 789 2441 diabolus
824 2397 1078 2439 vexilliferos
1106 2402 1148 2439 et
1187 2408 1383 2451 sequaces
1411 2397 1625 2449 inveniet,
1657 2400 1700 2437 et
1728 2395 1782 2437 ad
1811 2395 1996 2438 eiusdem
2026 2395 2323 2450 probationem
2355 2396 2544 2440 eamdem

300 2470 548 2523 impugnare
578 2481 665 2511 non
694 2467 887 2510 cessabit.
915 2470 1079 2521 Oportet
1105 2472 1210 2509 enim
1234 2469 1264 2520 ⁰,
1292 2471 1343 2509 ut
1360 2467 1419 2510 ait
1436 2466 1583 2509 beatus
1605 2467 1848 2522 apostolus,
1871 2467 2046 2507 haereses
2074 2479 2180 2518 esse,
2214 2472 2262 2508 ut
2288 2471 2357 2520 qui
2380 2470 2544 2520 probuti
2584 2471 2845 2501 *1·00r·X1·¹⁹·

302 2547 423 2593 sunt,
459 2540 653 2592 manifesti
676 2543 797 2592 fiant.
830 2538 912 2582 Sed
941 2538 1357 2582 animadvertendum
1392 2542 1479 2590 est,
1516 2537 1635 2593 quod
1673 2538 1862 2581 Christus
1896 2539 2037 2587 Deus,
2071 2538 2143 2592 qui
2174 2549 2292 2580 suam
2329 2539 2545 2582 ecclesiam

300 2623 429 2665 super
458 2610 558 2653 fidei
586 2615 748 2666 petram
777 2609 1072 2652 aedificandam
1105 2609 1334 2664 promisit,
1357 2610 1498 2664 primo
1520 2609 1708 2651 omnium
1726 2608 2028 2651 haereticorum
2049 2609 2230 2662 primum
2256 2610 2548 2664 apostolorum

308 2682 541 2736 opposuit3
571 2680 767 2723 videlicet
790 2686 836 2723 ut
854 2681 963 2722 sicut
992 2679 1164 2722 ecclesia
1179 2711 1192 2734 ‚
1213 2679 1259 2722 id
1280 2684 1344 2722 est
1371 2679 1634 2722 credentium
1662 2678 1914 2731 multitudo,
1946 2679 2065 2721 novit
2085 2691 2131 2721 se
2153 2678 2279 2721 fidem
2302 2680 2414 2722 Petri
2436 2689 2546 2722 sem-

305 2765 384 2807 per
412 2752 531 2807 sequi
562 2751 744 2804 debere,
770 2752 836 2793 sic
864 2753 906 2793 in
937 2755 1190 2805 perpetuum
1220 2751 1459 2792 meminerit
1485 2748 1672 2792 eiusdem
1702 2750 1885 2793 nefariae
1917 2750 2138 2792 haereseos
2168 2751 2308 2792 virosa
2331 2754 2373 2791 et
2395 2752 2549 2792 morti-

307 2824 396 2864 fera
426 2823 640 2865 consortia
667 2822 840 2878 fugere,
864 2822 907 2863 in
938 2822 1057 2864 cuius
1085 2826 1214 2876 caput
1243 2825 1409 2864 constat
1437 2821 1629 2863 omnium
1649 2821 1971 2863 christianorum
1989 2821 2223 2875 principem
2245 2819 2551 2863 maledictionis

306 2894 489 2936 iaculum
517 2893 745 2936 intorsisse.
778 2894 894 2934 llaec
922 2905 1019 2934 cum
1047 2892 1108 2933 ita
1134 2893 1244 2944 sint,
1275 2893 1534 2947 quicumque
1564 2902 1645 2946 pro
1674 2904 1753 2933 suo
1781 2903 1906 2946 posse
1935 2890 1990 2934 ab
2018 2891 2144 2933 huius
2170 2892 2297 2946 pestis
2323 2891 2548 2946 impugna·

306 2965 423 3006 tione
449 2965 708 3017 cessaverit,
743 2976 839 3006 cum
864 2964 1033 3005 Simone
1052 2967 1095 3006 et
1114 2963 1204 3005 eius
1234 2962 1485 3017 sequacibus
1514 2963 1756 3016 portionem
1779 2961 1974 3014 habebit,
2003 2961 2166 3004 dicente
2190 2961 2314 3004 beato
2342 2963 2551 3016 Gregorio

306 3036 352 3077 in
380 3036 585 3089 registro:
625 3053 641 3070 n
661 3035 851 3090 quisquis
875 3038 1024 3077 contra
1052 3034 1321 3076 simoniacam
1342 3033 1544 3075 haeresim
1566 3037 1609 3075 et
1631 3032 1945 3089 neophytorum
1972 3045 2052 3088 pro
2085 3032 2214 3075 officii
2241 3044 2319 3074 sno
2348 3033 2446 3075 loco
2471 3042 2551 3075 ve-

310 3106 528 3148 hementer
557 3118 645 3147 non
674 3106 846 3158 asset-it,
881 3116 980 3147 cum
1010 3117 1063 3146 eo
1088 3116 1134 3147 se
1165 3116 1252 3146 non
1282 3103 1451 3147 dubitet
1483 3102 1642 3146 babere
1674 3104 1910 3159 portionem
1928 3130 1943 3158 ,
1974 3103 2048 3158 qui
2081 3104 2198 3158 prins
2227 3103 2311 3146 hoc
2340 3103 2553 3158 piaculare

308 3177 511 3231 flagitium
543 3177 770 3219 commisit.
789 3195 807 3212 ι

432 3247 499 3288 15.
531 3245 751 3289 Sciendum
786 3250 849 3289 est
886 3249 1055 3295 autem,
1090 3244 1210 3300 quod
1246 3243 1362 3287 aliud
1393 3248 1457 3287 est
1484 3243 1742 3287 haereticum
1773 3254 1886 3299 esse,
1931 3243 2048 3287 aliud
2077 3244 2408 3287 schisnmticum:
2444 3245 2550 3287 hae-

310 3318 464 3359 reticus
491 3316 699 3371 siquidem
729 3321 793 3358 est
823 3316 898 3371 qui
929 3315 1159 3358 catholicae
1186 3312 1382 3358 ecclesiae
1410 3314 1535 3358 iidem
1562 3315 1790 3370 relinquit,
1820 3320 1864 3358 ct
1884 3317 1949 3357 sui
1974 3316 2039 3358 vel
2065 3316 2231 3358 alterius
2259 3315 2414 3358 erroris
2441 3316 2556 3357 viam

310 3389 434 3442 sequi
463 3387 626 3440 diligit:
657 3387 941 3430 schismaticus
975 3397 1077 3429 vero
1110 3390 1172 3428 est
1187 3415 1201 3437 ,
1233 3387 1307 3440 qui
1342 3389 1502 3429 rectam
1528 3384 1720 3428 confiteri
1750 3398 1797 3428 se
1827 3386 1995 3428 simulat
2024 3386 2151 3428 fidem
2166 3418 2179 3440 ‚
2211 3385 2284 3428 sed
2313 3390 2554 3427 sanctorum

313 3463 481 3512 patrum
508 3457 757 3501 traditiones
784 3455 965 3512 superbe
996 3457 1255 3509 contenuit,
1285 3460 1330 3498 ct
1363 3467 1409 3498 se
1439 3455 1585 3510 aliqua
1612 3450 1904 3498 &volentia
1938 3456 1993 3499 ab
2026 3458 2187 3500 unitate
2220 3457 2411 3499 ecclcsiae
2442 3454 2556 3497 scin·-

311 3529 391 3571 dit.
429 3530 539 3571 Item
577 3530 694 3571 iuxta
722 3528 1004 3582 Aug-atinum
1036 3527 1081 3570 in
1115 3539 1308 3571 sermone
1339 3525 1393 3570 de
1427 3525 1702 3582 blasphemia.
1747 3544 1763 3561 α
1789 3526 2030 3569 Haeretieus
2058 3531 2122 3570 est
2151 3527 2224 3582 qui
2250 3538 2337 3568 nou
2365 3526 2554 3579 sequim-

311 3599 565 3642 catholicam
594 3586 840 3642 veritatem:
882 3597 1173 3642 schismaticus
1199 3602 1297 3651 est,
1323 3598 1397 3652 qai
1425 3609 1511 3641 nou
1547 3597 1814 3652 amplectitur
1844 3597 2096 3658 catholicam
2126 3609 2284 3652 pacem.
2314 3615 2330 3631 ›·
2365 3595 2486 3637 Idem.
2508 3596 2555 3637 in

246 3716 252 3717 ff
315 3670 426 3712 libro
464 3670 517 3712 de
551 3670 715 3712 civitate
754 3670 845 3712 Dei.
887 3688 904 3706 ι
926 3668 1008 3721 Qui
1037 3668 1083 3711 in
1114 3668 1288 3711 eeclesia
1323 3668 1477 3711 Christi
1509 3666 1752 3711 morbidum
1787 3667 1959 3723 aliquod
1992 3678 2257 3723 pravumque
2288 3666 2481 3720 sapiunt,
2517 3666 2553 3707 si

312 3742 490 3783 correcti
525 3745 574 3783 ut
610 3745 770 3783 rectum
810 3751 1045 3794 sanumque
1076 3739 1268 3804 sapiant,
1308 3739 1510 3781 resistant
1543 3738 1873 3791 contumaciter,
1911 3748 2068 3793 suaque
2105 3737 2316 3781 mortifera
2355 3735 2554 3790 dogmata

438 3827 465 3870 i)
485 3827 522 3860 1·
541 3827 684 3870 margine
704 3827 878 3860 adnotat-r
898 3825 965 3860 sic:
988 3826 1148 3868 sequitur
1167 3824 1352 3868 descriptio
1372 3823 1500 3858 codicis
1517 3825 1677 3858 monice
1693 3821 1856 3869 eeclesiae
1876 3831 2052 3858 romanae.
