2996 4432
1215 257 1482 291 PRAEFATIO·
1568 292 1570 294 ,
2453 263 2485 295 V

218 352 493 415 episcopum
526 348 657 396 Vinc.
693 343 963 394 Garofalum
983 376 996 398 ,
1030 343 1114 406 qui
1146 352 1255 407 post
1285 342 1460 392 editam
1492 358 1519 391 a
1543 358 1592 391 se
1616 343 1822 393 Anselmi
1845 345 2080 409 quandam
2111 346 2378 410 epistolam,
2406 352 2486 396 ca-

222 430 429 491 talogum
453 426 732 489 scriptorum
763 422 824 470 de
846 420 1069 468 Anselmo
1102 422 1295 484 eiusque
1325 419 1549 484 operibus
1572 421 1864 484 loquentium
1894 425 2154 479 contexuit,
2182 425 2296 487 quin
2326 433 2482 474 tamen

218 506 365 554 ullam
397 505 536 552 huius
568 501 752 566 prologi
786 500 999 546 notitiam
1020 498 1305 557 tradiderit,
1341 514 1484 562 quem
1515 513 1604 546 nos
1635 499 1781 547 modo
1815 515 1923 548 cum
1963 503 2118 565 operis
2156 501 2485 552 distributione

220 583 482 646 vulgamus.
520 581 592 627 Sic
623 593 737 641 ergo
770 577 1013 640 prologus.

329 678 352 703 «
371 659 571 706 Domino
594 654 843 717 magnifico
866 653 1219 716 vigilantissimo
1240 654 1494 717 pastoriae
1515 652 1960 716 praecellentissimo
1983 654 2365 719 archiepiscopali
2389 658 2484 706 An-

227 738 377 786 selmo
394 771 406 791 ‚
443 750 531 782 nos
563 734 782 780 minimae
815 732 968 794 gregis
1000 731 1145 794 ipsius
1182 731 1420 786 oviculae,
1455 739 1503 778 et
1534 730 1790 794 peculiares
1828 730 2182 793 quodammodo
2222 734 2446 783 vernulae
2467 771 2481 791 ,

228 813 494 880 pontificale
516 812 659 858 decus
681 808 990 857 inenarrabile
1014 809 1137 856 votis
1159 807 1333 855 sedulis
1354 809 1686 870 imprecamur.
1707 806 1944 855 Laudibus
1965 808 2285 870 providentiae
2305 820 2487 860 vestrae

228 888 612 957 praeferendum,
646 887 819 949 inclyte
851 888 1014 934 Pastor
1034 921 1047 941 ,
1083 901 1280 934 acumen
1316 885 1631 933 ecclesiasticis
1656 882 1933 932 utilitatibus
1961 885 2156 947 provide
2189 901 2241 933 ac
2274 888 2489 937 sollerter

230 969 539 1034 prospiciens,
575 974 621 1013 et
645 965 705 1012 ad
731 980 1031 1013 communem
1056 965 1208 1027 gregis
1239 962 1328 1010 sibi
1361 964 1594 1010 commissi
1615 962 1878 1027 profectum
1896 997 1907 1018 ‚
1940 963 2135 1009 interius
2156 977 2341 1027 semper
2362 975 2489 1015 exte-

228 1049 419 1109 riusque
442 1044 708 1097 decertans,
735 1050 944 1090 nostram
966 1056 1157 1104 quoque
1179 1042 1454 1104 parvitatem
1476 1041 1598 1087 inter
1622 1040 1830 1102 reliquos
1852 1055 2045 1087 suorum
2062 1038 2346 1089 famulorum
2370 1058 2490 1090 com·-

229 1138 423 1171 monere
458 1121 773 1182 frequentius,
805 1127 852 1166 et
889 1118 948 1166 ad
984 1119 1169 1182 potiora
1201 1117 1354 1164 studia
1381 1118 1574 1164 incitare
1598 1132 1694 1164 non
1717 1116 1912 1171 abnuit,
1941 1116 2226 1179 praecipiens
2256 1120 2490 1167 omnimo-

228 1201 303 1248 dis
329 1209 376 1247 et
406 1199 652 1260 iniungens
673 1231 686 1252 ,
723 1205 777 1243 ut
811 1211 1050 1244 sacrorum
1082 1197 1291 1242 instituta
1321 1209 1554 1242 canonum
1576 1229 1589 1249 ,
1627 1209 1947 1257 quaecumque
1981 1193 2040 1240 ab
2073 1193 2185 1257 ipsis
2218 1195 2491 1244 christianae

229 1276 342 1325 fidei
373 1274 667 1339 primordiis,
701 1282 884 1320 sanctae
916 1281 1054 1335 atque
1090 1271 1343 1319 catholicae
1371 1271 1591 1319 ecclesiae
1614 1271 1850 1333 magistri,
1880 1271 2079 1334 apostoli
2107 1270 2325 1318 videlicet
2352 1281 2492 1336 atque

231 1354 472 1419 apostolici
495 1353 584 1399 viri
603 1386 617 1407 ,
650 1351 711 1398 ad
734 1351 1016 1413 posteritatis
1047 1349 1403 1396 instructionem
1437 1349 1622 1411 scriptis
1644 1348 1857 1396 indidere
1880 1348 1975 1395 suis
1995 1383 2008 1403 ,
2048 1348 2346 1396 condunandi
2370 1358 2417 1397 et
2440 1351 2492 1398 id

231 1430 480 1496 coaptandi
507 1430 556 1476 in
588 1443 730 1475 unam
765 1427 1040 1481 formulam,
1073 1442 1160 1489 pro
1190 1426 1389 1473 modulo
1415 1426 1638 1489 ingenioli
1673 1427 1848 1480 nostri,
1875 1425 2262 1489 qualemcumque
2295 1427 2491 1490 diligen-

231 1513 346 1559 tiam
379 1508 672 1555 haberemus.
706 1508 801 1552 Nos
832 1520 947 1552 vero
974 1505 1258 1567 imperitiae,
1294 1505 1555 1567 exiguitatis
1581 1513 1719 1567 atque
1745 1503 2076 1551 imbecillitatis
2105 1514 2291 1551 nostrae
2327 1505 2492 1554 admo-

231 1588 350 1635 dum
382 1585 586 1639 conscii,
622 1599 743 1645 opus
773 1591 868 1629 tam
902 1581 1104 1629 arduum
1131 1582 1263 1630 nulla
1295 1597 1490 1646 prorsus
1523 1582 1780 1629 temeritate
1806 1581 2170 1645 aggrediendum
2191 1617 2203 1636 ,
2241 1582 2371 1631 nulla
2401 1599 2493 1632 au—

233 1663 363 1710 dacia
394 1658 790 1724 praesumendum
823 1658 1129 1711 duceremus,
1168 1658 1256 1705 nisi
1289 1659 1431 1705 vestri
1463 1658 1765 1720 compelleret
1797 1673 1989 1705 censura
2021 1657 2243 1705 mandati.
2279 1661 2492 1708 Praeser-

231 1741 319 1789 tim
343 1754 450 1785 cum
472 1739 521 1784 in
550 1737 640 1783 hoc
662 1738 766 1798 ipso
792 1734 1081 1782 robustiores
1108 1735 1562 1798 perspicacioresque
1587 1735 1715 1782 viros
1737 1744 1832 1782 tam
1863 1751 2052 1798 graecos
2077 1751 2218 1798 quam
2246 1745 2293 1784 et
2322 1738 2492 1787 latinos

232 1824 413 1863 certum
453 1816 512 1860 sit
546 1813 814 1860 desudasse.
852 1814 969 1859 Nam
1001 1812 1051 1858 in
1086 1812 1236 1859 altero
1270 1812 1535 1859 Ferrandus
1570 1811 1945 1874 carthaginiensis
1979 1812 2196 1859 ecclesiae
2234 1813 2489 1870 diaconus3

232 1895 284 1940 in
317 1892 463 1939 altero
499 1899 654 1938 autem
683 1891 954 1938 Cresconius
987 1889 1180 1952 quidam
1216 1889 1423 1936 eiusdem
1463 1891 1618 1954 operis
1652 1890 1860 1937 imitator
1879 1924 1892 1944 ,
1935 1890 2344 1937 ecclesiasticarum
2378 1907 2494 1940 san-

234 1971 441 2017 ctionum
473 1967 708 2030 quandam
744 1967 933 2013 videtur
968 1966 1132 2013 fecisse
1163 1966 1479 2014 concordiam.
1515 1965 1753 2030 Nobisque
1789 1982 2072 2030 magnopere
2105 1968 2362 2015 cavendum
2385 2003 2397 2024 ‚
2433 1985 2495 2018 ne

235 2047 358 2094 forte
387 2046 437 2092 id
468 2045 592 2092 idem
623 2044 918 2091 resarciendo
940 2078 953 2098 ,
991 2052 1069 2091 aut
1102 2045 1463 2107 compilatorum
1497 2053 1577 2092 aut
1608 2044 1941 2115 derogatorum
1972 2044 2251 2092 denotemur
2280 2045 2488 2095 infamia.

234 2125 299 2171 Ut
329 2138 442 2185 ergo
475 2131 655 2169 vestrae
690 2122 1028 2183 praeceptioni,
1065 2136 1185 2183 quae
1216 2136 1303 2168 nos
1334 2137 1474 2184 supra
1498 2122 1694 2168 modum
1717 2123 1863 2184 cogit,
1897 2130 2146 2184 vestroque
2169 2123 2494 2171 ardentissimo

236 2202 386 2248 amori
411 2200 702 2261 aliquatenus
733 2198 994 2245 satisfacere
1022 2198 1286 2254 valeamus,
1317 2208 1426 2261 post
1450 2199 1662 2248 divinum
1685 2200 1995 2263 praesidium,
2022 2209 2203 2247 vestrae
2229 2200 2365 2248 nobis
2389 2210 2495 2249 ante

236 2279 393 2326 omnia
426 2285 643 2340 paternae
670 2275 1007 2323 benedictionis
1039 2277 1197 2324 adesse
1229 2292 1474 2340 precamur
1500 2278 1804 2341 suffragium,
1841 2287 2069 2341 quatenus
2101 2279 2223 2324 inter
2261 2278 2376 2326 alios
2414 2295 2496 2327 ve-

235 2366 357 2404 strae
391 2354 722 2405 dominationis
756 2353 1003 2408 alumnos,
1034 2355 1120 2400 etsi
1154 2370 1251 2402 non
1285 2355 1345 2402 de
1373 2356 1594 2419 proprio,
1632 2355 1797 2403 saltem
1832 2355 1891 2402 de
1926 2355 2078 2402 alieno
2109 2353 2301 2410 labore,
2339 2365 2497 2403 vestro

236 2432 601 2496 prudentissimo
637 2430 812 2477 iudicio
849 2446 944 2477 non
985 2431 1169 2494 penitus
1210 2447 1517 2495 appareamus
1557 2434 1805 2480 immunes.
1850 2432 1925 2478 Ad
1967 2432 2314 2494 exsequendum
2353 2435 2498 2496 igitur

237 2519 425 2559 nostrae
452 2509 711 2570 exiguitatis
736 2508 1039 2571 opusculum,
1065 2517 1207 2571 prout
1232 2507 1469 2556 bonorum
1492 2509 1650 2572 opifex
1672 2510 1898 2556 Dominus
1920 2509 2134 2556 conferre
2157 2509 2373 2571 dignatus
2397 2510 2498 2558 fue-

238 2589 301 2634 rit
327 2589 663 2633 incrementnm
681 2621 694 2640 ,
729 2587 966 2632 universas
992 2594 1297 2649 paternorum
1322 2602 1555 2634 canonum
1576 2587 1883 2635 conciliorum
1910 2595 2047 2648 atque
2079 2585 2381 2633 decretalium
2413 2603 2498 2650 pa-

238 2666 367 2727 ginas
397 2665 444 2710 in
475 2663 723 2710 duodecim
758 2671 938 2725 partes,
974 2664 1119 2710 instar
1151 2664 1392 2726 apostolici
1416 2666 1696 2719 stemmatis,
1734 2665 1995 2711 censuimus
2027 2663 2401 2725 distinguendas,
2431 2665 2498 2712 ita

237 2742 465 2789 duntaxat
499 2749 551 2787 ut
577 2755 659 2786 sua
682 2740 875 2801 singulis
900 2739 1111 2802 partibus
1133 2743 1436 2803 congruentia
1468 2742 1668 2804 capitula
1698 2749 2056 2804 praenotentur,
2082 2756 2202 2802 quae
2229 2742 2498 2803 propositae

238 2833 401 2866 causae
432 2817 560 2864 velut
587 2816 781 2877 quidam
808 2817 1089 2863 veracissimi
1113 2824 1276 2872 testeS,
1303 2818 1491 2865 evidens
1513 2818 1829 2865 testimonium
1864 2815 2151 2879 praeferant,
2190 2826 2328 2878 atque
2358 2818 2497 2864 avido

241 2895 404 2942 lectori
432 2893 647 2956 patulum
679 2892 944 2939 inveniendi
967 2893 1096 2954 quod
1120 2893 1353 2941 desiderat
1376 2895 1554 2941 aditum
1579 2894 1826 2942 ostendant
1850 2910 1862 2939 ε
1896 2909 2036 2955 quem
2067 2894 2267 2955 petimus
2301 2893 2497 2940 moleste

238 2987 336 3019 non
372 2971 524 3023 ferat,
560 2971 598 3016 si
636 2969 695 3015 de
727 2984 1007 3031 unaquaque
1042 2985 1094 3016 re
1118 2970 1233 3032 quid
1263 2971 1434 3033 singuli
1461 2971 1790 3033 magistrorum
1814 2971 2068 3024 senserint,
2103 2986 2199 3016 non
2231 2970 2498 3032 improvide

237 3046 554 3100 subiciamus,
593 3045 972 3108 quandoquidem
1008 3054 1107 3092 rata
1138 3047 1284 3109 magis
1317 3055 1455 3110 atque
1489 3047 1760 3095 inconvulsa
1794 3046 1980 3094 videtur
2013 3046 2237 3093 sententia
2266 3047 2498 3110 plurimo-

238 3140 346 3172 rum
378 3124 587 3170 iudicum
623 3124 896 3169 auctoritate
926 3122 1138 3171 subnixa.

238 3202 392 3248 Prima
424 3203 581 3263 itaque
606 3216 713 3262 pars
737 3200 900 3254 huius,
937 3200 1067 3262 quod
1090 3203 1187 3248 Deo
1218 3202 1406 3248 iuvante
1431 3200 1753 3264 aggredimur,
1783 3190 1939 3264 operis
1973 3201 2178 3247 continet
2209 3200 2268 3247 de
2293 3202 2496 3263 primatu

303 3287 351 3325 et
389 3278 611 3340 dignitate
645 3293 864 3324 romanae
897 3278 1052 3332 sedis,
1090 3278 1382 3342 aliorumque
1415 3280 1698 3343 primatum,
1735 3278 2101 3343 patriarcharum
2125 3313 2137 3333 ,
2179 3279 2497 3343 archiepisco·-

305 3371 511 3417 porum,
548 3364 687 3417 atque
720 3355 1208 3418 metropolitanorum.

238 3432 447 3480 Secunda
479 3448 587 3495 pars
621 3434 826 3479 continet
858 3432 918 3478 de
950 3432 1134 3480 honore
1167 3434 1446 3496 competenti
1479 3449 1532 3481 ac
1570 3398 1819 3497 dignitate,
1864 3442 1911 3481 et
1949 3433 2135 3482 diverso
2176 3435 2366 3496 negotio
2405 3435 2495 3497 epi·

304 3524 556 3571 scoporum
588 3517 634 3555 et
668 3509 1132 3571 chorepiscoporum.

237 3587 389 3633 Tertia
423 3601 531 3648 pars
564 3587 769 3632 continet
802 3586 861 3632 de
893 3586 1078 3647 synodo
1111 3585 1390 3634 celebranda
1424 3595 1471 3634 et
1501 3587 1744 3634 vocatione
1778 3587 1837 3634 ad
1873 3587 2132 3648 synodum,
2166 3587 2226 3633 de
2260 3595 2496 3634 accusato-

304 3661 435 3708 ribus
468 3669 514 3708 et
547 3660 916 3709 accusationibus
936 3697 948 3715 ,
985 3662 1045 3710 de
1078 3662 1273 3710 testibus
1306 3672 1352 3710 et
1384 3664 1686 3719 testimoniis,
1723 3664 1782 3712 de
1821 3665 2063 3727 expoliatis
2096 3665 2264 3711 iniuste
2283 3698 2293 3717 ,
2331 3663 2390 3710 de
2423 3664 2495 3710 iu-

303 3740 485 3787 dicibus
518 3748 564 3787 et
597 3739 657 3786 de
688 3740 872 3787 iudiciis
903 3741 1218 3789 ecclesiasticis
1250 3750 1296 3788 et
1328 3740 1656 3789 saecularibus.

239 3817 412 3872 Quarta
446 3832 553 3879 pars
586 3817 792 3863 continet
825 3816 885 3864 de
917 3819 1192 3880 congruenti
1232 3818 1455 3880 dignitate
1478 3853 1491 3873 ‚
1533 3827 1579 3866 et
1620 3818 1807 3866 diverso
1850 3822 2039 3884 negotio
2078 3818 2457 3884 presbyterorum
2479 3852 2492 3871 ,

304 3901 352 3941 et
383 3893 728 3961 diaconorum,
757 3909 839 3944 seu
873 3893 1165 3959 reliquorum
1201 3895 1422 3944 ordinum
1453 3894 1884 3947 ecclesiasticorum.
