2996 4432
250 857 318 885 eod.
340 858 360 885 1’.
383 861 443 886 141.

351 924 371 951 f.
395 928 441 952 41.

248 3228 315 3256 cod.
330 3227 349 3256 s.
370 3232 430 3257 142.

499 250 589 297 100
1422 261 1554 294 caan.
1590 262 1831 295 nsusnamr

490 352 578 403 sia,
612 353 654 391 et
684 346 905 403 psallendo
936 348 979 390 in
1011 346 1184 400 eadem,
1218 352 1263 390 et
1293 347 1518 392 offerendo
1541 351 1680 406 cipro
1711 362 1784 392 sua
1814 353 1858 392 et
1887 351 2038 406 populi
2066 353 2398 407 transgressione
2428 351 2483 396 ab
2515 354 2666 398 eodem
2695 357 2765 399 in-

488 422 633 463 stituta
661 419 889 474 sacrificia,
914 423 957 461 et
979 418 1174 462 docendo
1203 418 1392 473 legitima
1414 421 1518 463 eius.
1543 423 1597 464 Et
1617 422 1847 477 quoniam,
1870 426 1919 464 ut
1937 422 2198 479 praedictum
2220 429 2306 479 est,
2327 426 2416 481 ipse
2439 430 2502 469 est
2522 427 2756 482 hereditas,

489 493 626 533 omnis
656 503 758 533 vero
789 490 1003 533 hereditas
1033 491 1220 533 cultores
1250 503 1351 533 suos
1379 499 1553 546 pascere
1583 492 1735 545 debet,
1766 492 1952 535 instituit
1979 493 2137 537 eisdem
2171 499 2259 538 tam
2297 497 2341 538 in
2376 501 2516 540 vetere
2554 510 2680 554 quam
2714 486 2759 541 in

486 575 602 604 novo
623 566 874 604 testamento
896 562 1010 605 unde
1033 565 1327 617 pascerentur,
1350 562 1395 604 in
1414 562 1527 606 libro
1549 575 1847 617 numerorum,
1866 564 2008 608 Aaron
2027 569 2070 609 et
2087 565 2181 609 filiis
2204 569 2292 611 eius
2308 569 2366 611 ita
2386 569 2580 624 inquiens
2597 555 2616 612 :—
2634 575 2762 611 omnis

486 636 633 675 oblatio
663 639 704 674 et
719 635 956 685 sacrificium
971 665 984 686 ‚
1024 634 1217 687 quicquid
1237 646 1318 687 pro
1341 639 1504 687 peccato
1534 639 1652 687 atque
1680 635 1823 676 delicto
1852 636 2036 678 redditur
2054 640 2099 678 in
2117 643 2251 680 sancta
2268 644 2514 693 sanctorum,
2545 646 2658 683 tuum
2687 646 2763 683 erit

488 712 526 747 et
541 708 742 757 fitiorum.
767 708 819 748 Et
847 706 987 748 infra:
1009 719 1140 747 omnes
1162 708 1368 759 primitias
1397 707 1638 758 sanctuarii,
1666 717 1765 758 quas
1794 705 1971 758 offerunt
1998 708 2074 752 aaz·
2102 708 2261 750 Israhel
2289 711 2477 764 Domino,
2505 713 2580 752 tibi
2613 712 2706 765 dedi
2728 717 2766 752 et

476 780 581 829 filiis
616 781 694 818 tuis
722 781 811 818 iure
834 781 1046 830 perpetuo.
1082 777 1135 818 Et
1163 776 1295 831 paulo
1325 782 1425 832 post
1456 777 1508 819 de
1537 775 1838 819 inferioribus:
1872 780 1967 822 titiis
2004 783 2136 820 autem
2170 780 2268 821 Levi
2298 781 2390 822 dedi
2427 795 2557 824 omnes
2595 784 2766 824 decimas

487 849 644 890 Israhel
665 850 709 890 in
721 852 1001 902 possessionem
1030 861 1105 901 pro
1136 851 1352 890 ministerio
1386 861 1463 901 quo
1493 851 1672 890 serviunt
1699 849 1799 890 mihi
1818 852 1861 890 in
1884 850 2138 891 tabernaculo
2158 849 2352 902 foederis.
2385 852 2439 893 Et
2456 853 2562 896 infra
2593 853 2647 896 de
2685 853 2766 894 eis—

486 920 607 963 dem:
643 922 872 972 comedetis,
907 920 1069 975 inquit,
1103 921 1273 961 decimas
1302 922 1346 960 in
1374 921 1552 961 omnibus
1583 921 1676 961 locis
1708 921 1847 962 vestris
1878 924 1960 961 tam
1988 934 2056 962 vos
2082 934 2201 974 quam
2223 922 2411 974 familiae
2445 927 2627 981 vestrae,
2668 928 2767 977 quia

477 994 656 1046 pretium
685 997 742 1033 est
768 1005 849 1045 pro
879 993 1100 1034 ministerio
1133 1005 1210 1045 quo
1238 994 1394 1033 servitis
1415 995 1458 1033 in
1489 993 1743 1033 tabernaculo
1762 995 1985 1033 testimonii.
2014 992 2067 1034 Et
2086 992 2219 1047 paulo
2250 994 2447 1048 superius
2476 994 2536 1036 ita
2560 996 2767 1050 praecipit

481 1063 646 1106 levitis:
682 1077 771 1105 cum
798 1066 1025 1118 acceperitis
1050 1077 1075 1104 a
1091 1065 1197 1116 filiis
1225 1063 1384 1104 Israhel
1405 1064 1574 1105 decimas
1589 1095 1601 1117 ‚
1623 1076 1721 1117 quas
1747 1064 1989 1116 dedicabis,
2015 1067 2218 1117 primitias
2238 1077 2373 1107 eorum
2404 1065 2546 1118 offerte
2573 1068 2763 1119 Domino,

480 1137 525 1177 id
555 1141 613 1176 est
641 1137 829 1176 decimam
850 1139 1011 1188 partem
1041 1136 1213 1175 decimae
1234 1164 1246 1187 ‚
1285 1139 1326 1175 et
1352 1135 1444 1175 date
1478 1135 1616 1176 Aaron
1651 1135 1862 1177 sacerdoti.
1899 1137 2041 1177 Omnia
2072 1149 2166 1177 vero
2195 1149 2298 1189 quae
2333 1137 2486 1189 osjertis
2520 1151 2572 1178 ea:
2605 1138 2765 1179 decimis

479 1212 523 1249 in
556 1209 723 1249 donaria
745 1209 929 1259 Domini,
962 1210 1111 1259 optima
1142 1210 1182 1246 et
1210 1207 1333 1247 electa
1366 1210 1499 1248 erunt.
1531 1206 1641 1247 Item
1670 1206 1715 1248 in
1746 1205 2112 1250 deuteronomio:
2145 1221 2223 1250 non
2246 1210 2459 1262 apparebit
2486 1213 2529 1250 in
2558 1214 2765 1262 conspectu

479 1293 564 1320 meo
593 1292 740 1320 vacuus
755 1311 767 1331 ‚
803 1279 874 1319 sed
901 1278 1047 1330 offerat
1074 1280 1340 1330 unusquisque
1369 1277 1583 1318 secundum
1612 1278 1721 1330 quod
1753 1278 1953 1322 habuerit.
1996 1279 2106 1322 Item
2146 1279 2500 1335 quotiescumque
2536 1280 2580 1322 in
2610 1280 2758 1323 eadem

480 1351 574 1404 lege
600 1349 858 1402 ,sacrificium
888 1348 1037 1390 offerri
1066 1347 1186 1390 iubet
1201 1378 1213 1400 ‚
1238 1348 1357 1390 salvo
1389 1348 1601 1403 spirituali
1620 1349 1852 1392 ministerio
1870 1381 1883 1404 ,
1907 1354 2000 1394 tum
2031 1345 2173 1393 armus
2187 1382 2200 1404 ‚
2221 1356 2317 1394 tum
2338 1356 2512 1406 pectus,
2534 1356 2626 1395 tum
2650 1346 2764 1407 quae

482 1424 668 1478 optima,
693 1424 736 1463 in
757 1427 923 1477 partem
941 1420 1169 1464 sacerdotis
1197 1420 1311 1463 tradi
1342 1419 1612 1463 mandantur.
1643 1422 1856 1467 Dominus
1885 1434 2061 1477 quoque
2077 1454 2089 1476 ,
2121 1425 2171 1464 ut
2199 1435 2244 1464 se
2272 1422 2380 1476 legis
2408 1427 2626 1465 auctorem
2648 1435 2757 1478 pro-

479 1495 554 1537 bet
570 1526 581 1546 ‚
607 1495 652 1536 in
677 1494 897 1548 evangelio
919 1493 1073 1547 legalia
1103 1492 1304 1535 mandata
1324 1492 1377 1535 de
1409 1492 1581 1535 decimis
1610 1493 1771 1535 servari
1799 1492 1948 1546 iubet,
1982 1492 2058 1535 ubi
2086 1493 2358 1548 reprehendit
2388 1493 2547 1536 scribas
2575 1498 2617 1537 et
2653 1494 2762 1549 pha-

478 1567 634 1608 risaeos
653 1596 666 1620 ‚
699 1565 819 1621 quod
848 1564 1082 1607 maioribus
1110 1564 1216 1619 legis
1245 1563 1454 1607 mandatis
1485 1564 1680 1618 omissis,
1712 1568 1879 1607 tantum
1909 1565 2077 1608 minora
2107 1564 2356 1617 servabant,
2393 1564 2652 1609 decimantes
2683 1578 2764 1608 ru-

478 1642 567 1679 tam
598 1641 641 1678 et
670 1641 855 1678 mentam
885 1640 928 1678 et
959 1648 1089 1677 omne
1116 1635 1225 1678 olus.
1258 1638 1389 1687 Haec,
1417 1636 1587 1692 inquit,
1620 1640 1795 1689 oportuit
1814 1636 1979 1689 facere,
2016 1641 2055 1678 et
2081 1637 2158 1678 itta
2187 1649 2265 1677 non
2295 1640 2489 1678 omittere.
2519 1637 2628 1678 Item
2659 1637 2761 1678 novi

479 1710 720 1751 testamenti
750 1707 990 1751 sacerdotes
1022 1707 1076 1750 ad
1106 1707 1439 1763 praedicandum
1470 1707 1667 1750 mittens:
1693 1710 1842 1760 notite,
1871 1708 2014 1763 inquit
2030 1739 2042 1762 ‚
2071 1711 2240 1750 transire
2271 1709 2319 1749 de
2349 1709 2463 1749 domo
2494 1711 2536 1748 in
2566 1709 2756 1760 domum;

478 1783 548 1822 sed
574 1784 616 1822 in
648 1793 933 1834 quamcumque
963 1782 1161 1821 civitatem
1191 1781 1463 1832 intraveritis,
1501 1783 1535 1819 si
1567 1783 1791 1832 receperint
1816 1793 1904 1832 vos,
1941 1780 2175 1821 manducate
2205 1775 2306 1832 quae
2328 1781 2440 1832 apud
2467 1781 2558 1821 illos
2578 1784 2695 1832 sunt,
2723 1784 2763 1820 et

478 1859 611 1894 curate
641 1866 771 1894 omnes
799 1854 977 1904 infirmos
1005 1855 1076 1904 qui
1104 1855 1147 1892 in
1176 1852 1252 1893 illa
1282 1856 1398 1903 sunt,
1431 1855 1470 1892 ct
1499 1852 1620 1892 dicite
1650 1854 1734 1910 eis:
1775 1854 2114 1904 appropinquavit
2147 1853 2192 1892 in
2231 1863 2299 1892 vos
2329 1864 2494 1904 reqnum
2533 1854 2626 1893 Dei.
2660 1853 2761 1892 Dico

478 1929 610 1965 autem
639 1926 747 1964 vobis
762 1955 774 1975 ,
811 1927 906 1976 quia
935 1924 1110 1964 Sodomis
1139 1923 1341 1964 remissius
1370 1926 1448 1963 erit
1476 1926 1519 1963 in
1549 1924 1625 1964 illa
1655 1923 1721 1963 die
1734 1953 1747 1974 ,
1783 1935 1905 1975 quam
1933 1924 2000 1964 illi
2028 1925 2178 1964 civitati
2207 1935 2309 1975 quae
2339 1935 2418 1963 non
2453 1926 2644 1975 receperit
2673 1935 2758 1964 vos.

478 1998 586 2039 Item
617 1996 659 2037 in
692 1994 870 2037 codem:
904 1999 947 2036 in
976 2007 1260 2047 quamcumque
1289 1995 1448 2036 domum
1476 1995 1748 2045 intraveritis,
1775 1995 1956 2047 primum
1987 1994 2133 2035 dicite-⁴
2158 2007 2251 2046 pax
2279 1994 2372 2035 huic
2400 1994 2550 2035 domui.
2584 1995 2637 2036 Et
2658 1999 2759 2048 post

478 2081 642 2123 pauca:
668 2070 711 2108 in
734 2069 869 2109 eadem
898 2068 1011 2108 domo
1042 2071 1194 2108 manete
1225 2066 1381 2107 edentes
1410 2071 1450 2107 et
1479 2068 1650 2107 bibentes
1680 2079 1781 2119 quae
1812 2067 1924 2119 apud
1951 2067 2042 2107 illos
2071 2071 2176 2107 sunt.
2210 2067 2368 2118 Diqnus
2397 2071 2455 2107 est
2483 2069 2587 2107 enim
2615 2079 2760 2120 opera-

478 2145 562 2182 rius
592 2142 766 2182 mercede
795 2154 884 2182 sua.
919 2140 1030 2182 Hinc
1062 2143 1125 2181 est
1155 2138 1275 2194 quod
1313 2151 1387 2181 eos
1418 2140 1462 2181 in
1499 2139 1570 2181 via
1610 2137 1813 2193 prohibet
1851 2138 2067 2180 sacculum
2106 2137 2175 2180 vel
2214 2150 2363 2193 peram
2401 2137 2551 2180 tollere
2569 2171 2582 2192 ‚
2615 2142 2761 2194 aperte

476 2217 714 2254 monstrans
729 2243 740 2265 ,
773 2211 989 2254 auditores
1019 2210 1315 2253 sacerdotibus
1336 2221 1513 2264 regnum
1535 2210 1750 2252 caelorum
1769 2208 2112 2264 praedicantibus
2131 2209 2365 2251 necessaria
2389 2209 2660 2264 suppeditare
2682 2209 2759 2251 de·-

476 2283 594 2326 bere.
630 2283 861 2338 Apostolus
892 2294 1067 2337 quoque
1089 2280 1244 2324 Paulus
1266 2281 1348 2323 ait:
1373 2284 1443 2333 qui
1469 2282 1562 2322 bene
1587 2286 1784 2333 praesunt
1802 2282 2031 2334 presbyteri
2045 2313 2059 2333 ,
2093 2281 2247 2334 duplici
2268 2281 2415 2322 honore
2443 2282 2557 2333 diqni
2583 2282 2759 2323 habean-

480 2362 566 2408 tur,
604 2359 776 2397 maxime
802 2359 871 2408 qui
899 2357 1082 2396 laborant
1107 2355 1152 2394 in
1181 2354 1300 2394 verbo
1331 2355 1422 2394 Dei.
1447 2352 1564 2394 Dicit
1594 2353 1706 2394 enim
1726 2352 1964 2407 scriptura:
1991 2366 2069 2394 non
2097 2352 2317 2404 infrenabis
2345 2365 2387 2393 os
2417 2353 2507 2404 bavi
2532 2356 2755 2398 trituranti.

478 2427 560 2478 Qui
591 2430 731 2468 autem
763 2431 825 2467 est
855 2425 1013 2479 duplex
1042 2424 1183 2467 honor
1198 2456 1211 2477 ,
1244 2436 1332 2479 quo
1364 2423 1586 2478 apostolus
1610 2422 1715 2465 dicit
1735 2423 1887 2478 dignos
1908 2422 2056 2465 haberi
2079 2422 2355 2478 presbyteros
2369 2455 2381 2477 ,
2404 2423 2484 2465 nisi
2507 2427 2555 2466 ut
2574 2424 2633 2465 eis
2652 2436 2757 2478 pro-

476 2502 574 2551 pter
604 2496 830 2539 sacerdotii
860 2496 1111 2549 dignitatem
1142 2499 1321 2550 paterna
1350 2495 1586 2537 reverentia
1616 2494 1895 2548 exhibeatur3
1928 2498 1971 2536 et
2000 2498 2180 2549 propter
2202 2493 2461 2548 doctrinam,
2488 2493 2613 2536 huius
2643 2495 2755 2537 vitae

477 2569 661 2612 subsidia
690 2568 1018 2611 ministrentur?
1052 2571 1316 2610 Communicct
1331 2599 1344 2620 ,
1380 2567 1522 2622 inquit
1558 2566 1671 2609 idem
1687 2598 1699 2620 ‚
1730 2568 1767 2607 is
1806 2570 1878 2618 qui
1906 2567 2175 2607 catechizatur
2211 2567 2353 2617 verbo,
2396 2567 2436 2606 ei
2468 2569 2538 2618 qui
2573 2579 2614 2606 se
2652 2571 2756 2607 cate-

476 2642 627 2694 chizat,
654 2646 696 2682 in
724 2643 901 2682 omnibus
931 2641 1053 2681 bonis.
1088 2641 1141 2682 Et
1171 2639 1301 2682 alibi:
1335 2640 1425 2692 quis
1453 2652 1627 2692 unquam
1658 2640 1806 2680 militat
1833 2642 1914 2679 suis
1942 2638 2178 2690 stipendiis?
2207 2641 2296 2690 quis
2318 2639 2479 2690 plantat
2508 2638 2689 2690 vineam,
2718 2643 2757 2679 et

475 2727 551 2753 non
581 2718 714 2766 qustat
743 2714 792 2753 de
813 2713 956 2765 fructu
987 2715 1107 2753 eius?
1136 2713 1244 2754 Item
1275 2710 1527 2765 quibusdam
1558 2709 1881 2765 exprobrandoz
1915 2721 2102 2761 maynum
2124 2713 2204 2761 est,
2231 2708 2399 2763 inquit,
2421 2712 2456 2749 si
2484 2711 2665 2750 carnalia
2683 2722 2754 2749 ve-

475 2792 556 2826 stra
586 2791 800 2837 metamus,
825 2786 980 2838 quibus
1009 2785 1242 2837 spiritualia
1270 2786 1542 2824 seminamus?

595 2858 635 2897 2.
671 2858 765 2898 Huc
803 2854 1146 2910 accedit‚1quod
1186 2854 1238 2897 de
1279 2853 1455 2896 decimis
1475 2884 1486 2906 ‚
1517 2854 1635 2895 iuxta
1672 2852 1792 2908 quod
1831 2865 1962 2907 supra
1992 2851 2154 2895 dictum
2184 2855 2276 2905 est,
2312 2850 2520 2905 legalibus
2550 2855 2592 2893 et
2620 2864 2754 2894 evan-

475 2927 618 2981 gelicis
656 2928 890 2982 praeceptis
925 2927 1004 2968 Dei
1043 2925 1337 2969 sacerdotibus
1374 2929 1418 2966 et
1457 2924 1606 2967 ceteris
1642 2924 1846 2967 ministris
1885 2924 1976 2966 eius
2014 2922 2270 2975 reddendiS,
2302 2922 2562 2976 Augustinus
2598 2922 2658 2964 ait
2697 2925 2750 2974 1).

480 2999 711 3040 «Decimae
743 3011 793 3040 ex
823 2998 969 3040 debito
1001 2998 1293 3053 requiruntur.
1329 2996 1441 3049 Quid
1471 2996 1507 3038 si
1531 2995 1691 3038 diceret
1720 2996 1855 3038 Deus:
1889 3007 2041 3050 nempe
2069 3006 2188 3037 meus
2218 2999 2282 3036 est
2310 2994 2442 3035 homo
2474 3005 2601 3048 quem
2631 3005 2754 3036 crea-

475 3072 541 3123 vi,
576 3082 669 3111 mea
699 3074 763 3111 est
793 3073 907 3111 terra
938 3081 1063 3123 quam
1094 3068 1225 3121 colis,
1260 3080 1354 3110 mea
1382 3071 1482 3109 sunt
1517 3068 1677 3109 semina
1707 3079 1816 3121 quae
1845 3066 2039 3121 spargis,
2071 3077 2166 3108 mea
2195 3069 2294 3107 sunt
2322 3064 2512 3108 animalia
2542 3076 2649 3120 quae
2682 3064 2749 3107 fa-

473 3142 604 3194 tigas,
641 3153 757 3182 meus
788 3146 852 3183 est
880 3141 982 3183 solis
1005 3140 1146 3193 calor3
1188 3145 1231 3182 et
1262 3152 1360 3182 cum
1391 3139 1536 3181 omnia
1567 3151 1661 3181 mea
1691 3139 1799 3191 sint,
1832 3142 1881 3180 tu
1918 3138 1994 3193 qui
2023 3138 2162 3181 minus
2201 3136 2473 3190 commodas,
2507 3136 2638 3178 solam
2671 3135 2750 3178 de-

475 3212 626 3252 cimam
658 3212 917 3265 merebaris3
951 3211 1024 3253 sed
1064 3224 1235 3253 reservo
1272 3210 1354 3253 tibi
1390 3222 1566 3262 novem,
1604 3209 1660 3252 da
1688 3210 1791 3252 mihi
1822 3209 2047 3252 decimam.
2080 3207 2122 3251 Si
2153 3221 2241 3251 non
2281 3207 2448 3251 dederis
2486 3197 2591 3250 mihi
2631 3207 2754 3250 deci-

474 3295 582 3324 mam
604 3315 615 3336 ,
659 3283 845 3325 auferam
883 3296 1053 3324 novem.
1098 3284 1138 3325 Si
1178 3281 1346 3325 dederis
1383 3282 1488 3323 mihi
1529 3281 1736 3323 decimam
1755 3314 1768 3334 ,
1807 3279 2101 3336 multiplicabo
2138 3289 2310 3322 novem.
2344 3279 2385 3321 Si
2418 3278 2580 3321 tardius
2617 3278 2750 3331 dare,

473 3359 692 3409 peccatum
722 3358 784 3395 est
803 3385 815 3407 ,
850 3359 1011 3409 quanto
1042 3354 1177 3407 magis
1206 3358 1431 3408 peccatum
1462 3356 1526 3395 est
1555 3365 1644 3395 non
1675 3352 1874 3395 dedisse?
1904 3354 1968 3395 De
1998 3352 2174 3406 militia,
2207 3350 2266 3398 de¹
2290 3350 2495 3406 negotio,
2529 3354 2572 3393 et
2602 3349 2655 3393 de
2685 3363 2750 3393 ar·
2795 3376 2797 3378 v

472 3426 605 3468 tificio
642 3425 773 3467 redde
813 3425 1008 3467 decimas.
1052 3425 1185 3468 Dabis
1222 3425 1354 3480 impio
1386 3425 1512 3467 militi
1543 3423 1663 3480 quod
1694 3437 1781 3467 non
1811 3425 1875 3466 vis
1914 3424 2016 3467 dare
2050 3421 2277 3469 sacerdoti.
2316 3422 2400 3474 Qui
2429 3435 2497 3465 eas
2534 3421 2634 3464 dare
2665 3434 2751 3465 no-

472 3498 652 3550 luerint,
684 3509 751 3538 res
782 3495 936 3537 alienas
965 3495 1190 3538 invadunt.
1225 3497 1278 3538 Et
1308 3496 1458 3551 quanti
1486 3507 1696 3551 pauperes
1725 3496 1770 3537 in
1790 3495 1896 3538 locis
1917 3494 1994 3536 ubi
2019 3494 2111 3549 ipse
2133 3493 2326 3547 habitat,
2351 3492 2426 3535 illo
2456 3492 2639 3535 decimas
2661 3505 2750 3535 non

474 3569 599 3611 dante
620 3599 631 3620 ‚
664 3568 772 3609 fame
802 3568 967 3608 mortui
990 3569 1116 3609 sunt!
1151 3568 1384 3609 Tantorum
1414 3565 1745 3609 homicidiorum
1773 3577 1872 3608 reus
1901 3565 2012 3619 erit,
2036 3565 2138 3621 quia
2155 3576 2253 3621 rem
2280 3576 2305 3606 a
2334 3564 2522 3606 Domino
2549 3564 2750 3619 pauperi-

472 3639 554 3680 bus
584 3638 820 3692 delegatam
849 3637 935 3680 suis
965 3636 1111 3679 usibus
1139 3638 1386 3680 reservavit.
1408 3656 1426 3673 υ
1462 3638 1749 3692 Hieronymus
1769 3636 1813 3678 in
1842 3636 2020 3692 epistola
2050 3635 2105 3679 de
2133 3636 2220 3678 vita
2250 3635 2519 3678 clericorum.
2558 3653 2575 3670 «ι
2591 3619 2748 3689 Κλῧρῦς

574 3761 600 3802 1)
617 3764 662 3801 En
676 3762 785 3794 noster
800 3760 979 3794 Deusdcdit
997 3769 1073 3792 cum
1091 3760 1262 3801 Augustini
1280 3746 1412 3793 nomine
1432 3760 1548 3793 recitat
1563 3769 1604 3792 ex
1622 3768 1772 3793 sermone
1790 3759 1848 3792 illo
1866 3759 1909 3792 de
1930 3759 2075 3793 decimis
2094 3757 2310 3800 inserendis,
2325 3766 2424 3800 quem
2440 3756 2581 3796 Maurini
2596 3755 2751 3788 consueta

471 3823 530 3846 sua
552 3815 722 3847 severitate
743 3814 785 3847 ad
807 3814 1018 3856 appendicem
1039 3822 1072 3844 n.
1098 3814 1312 3853 CCLXXVJI,
1335 3815 1505 3854 tamquam
1527 3812 1686 3846 reiculam
1708 3813 1978 3848 amandaverant.
2001 3811 2184 3847 Fatendum
2205 3813 2254 3845 est
2274 3813 2384 3867 tamen
2406 3809 2609 3853 praedictum
2627 3815 2749 3841 sermo-

471 3875 546 3899 nem
565 3876 630 3899 non
652 3876 767 3909 parum
787 3869 932 3909 variare,
958 3869 994 3900 ut
1014 3867 1143 3902 constat
1164 3867 1262 3901 etiam
1287 3875 1328 3902 ex
1345 3867 1497 3903 vaticano
1520 3868 1633 3903 nostro
1654 3867 1801 3904 Lxxni.
