2996 4432
1216 262 1225 269 .
1259 238 1306 269 11³
1338 237 1546 270 rumim
1578 237 1646 270 xx.
2502 231 2596 279 155

322 329 500 382 peccato
523 325 766 378 deducitur,
797 323 891 379 pari
916 320 1048 365 modo
1069 325 1214 376 gentes
1243 334 1420 378 quoque

321 397 587 440 denominari
607 394 778 452 putabis
797 407 809 436 z
832 397 876 436 et
903 391 1036 435 veluti
1061 392 1138 448 qui
1162 392 1356 436 nondum
1374 394 1419 436 in

321 468 449 511 caelis
468 467 657 510 localiter
681 469 767 517 est,
787 463 888 520 quia
914 463 1054 507 adhuc
1076 464 1123 506 in
1150 463 1306 507 tellure
1332 476 1419 507 am·

322 538 469 591 bulat‚
507 542 693 580 attamen
722 535 1041 578 conversatione
1071 547 1122 578 ac
1155 540 1299 578 mente
1331 535 1420 578 illic

321 619 411 651 esse
432 612 598 664 potest3
633 608 692 649 ita
723 606 797 661 qui
821 605 1010 648 nondum
1040 606 1084 648 in
1110 606 1286 650 infernis
1312 606 1420 649 loeis

320 679 528 732 consistit,
543 681 685 732 potest
699 677 821 731 signa
836 681 999 731 gestare
1011 677 1164 720 mortis
1179 683 1310 734 atque
1319 689 1450 733 pec-⁷·

319 751 418 805 cati,
433 749 551 804 quasi
571 748 719 791 iamin
738 747 883 791 inferis
905 748 1085 802 habitet,
1107 750 1188 792 etsi
1211 749 1352 792 adhuc
1372 748 1418 792 in

319 833 502 876 corpore
520 820 644 861 vivit.
668 821 806 862 Porro
831 819 987 863 dicitur
1011 833 1175 877 pauper
1190 851 1202 874 ‚
1226 825 1318 863 tum
1343 820 1418 876 qui

317 895 492 947 peccato
515 892 642 933 miser
661 895 724 934 est
739 921 752 944 ‚
776 895 870 934 tum
893 891 1019 934 etiam
1039 892 1259 935 modestus
1276 897 1319 935 et
1339 892 1418 934 bu-

314 961 452 1014 milis‚
477 965 521 1003 et
542 962 617 1016 qui
648 961 810 1017 aliquid
835 964 1027 1018 accipere
1051 976 1076 1006 a
1110 965 1203 1006 Deo
1231 963 1410 1018 indiget.

308 1034 367 1088 Et
381 1031 553 1087 quidem
573 1033 710 1075 omnis
727 1033 1001 1076 homonatus
1016 1035 1076 1077 ita
1092 1048 1137 1078 se
1157 1034 1302 1078 habet.
1323 1035 1414 1077 Iam

313 1102 501 1158 qualibet
523 1116 575 1145 ex
605 1104 673 1146 his
705 1104 870 1147 ratione
894 1104 1034 1147 dictus
1062 1118 1228 1162 pauper
1246 1138 1259 1160 ,
1281 1118 1306 1148 a
1334 1106 1414 1147 Dei

312 1174 520 1216 memoria
543 1187 631 1216 non
651 1174 836 1227 excidit,
856 1176 1049 1230 quamvis
1071 1176 1128 1218 ob
1146 1188 1314 1218 causam
1335 1175 1413 1217 ali-

313 1257 441 1300 quam
470 1245 618 1287 utilem
640 1245 837 1295 videatur
861 1246 1074 1289 interdum
1097 1247 1277 1289 traditus
1301 1246 1412 1289 obli-

311 1316 458 1369 vioni;
495 1328 606 1370 quae
651 1320 791 1358 tamen
825 1321 1030 1372 perpetua
1061 1329 1150 1378 non
1181 1322 1258 1360 est.
1297 1317 1410 1371 Quid

312 1390 455 1429 autem
483 1386 650 1429 intersit
677 1387 786 1428 inter
806 1399 1038 1443 pauperem
1059 1393 1102 1431 ct
1119 1389 1293 1444 inopem
1306 1420 1318 1442 ‚
1338 1389 1407 1431 in-

310 1457 375 1500 fra
397 1457 607 1510 dicemus,
633 1457 711 1499 ubi
735 1459 902 1500 occasio
931 1458 983 1501 de
1005 1458 1071 1501 his
1098 1459 1219 1514 loqui
1243 1459 1404 1502 tulerit.

367 1530 431 1572 Tu
461 1542 506 1571 es
538 1529 721 1571 Domine
737 1562 749 1583 ‚
776 1531 850 1584 qui
871 1530 1060 1573 tumidos
1080 1544 1129 1574 ac
1154 1531 1405 1574 ferocientes

307 1614 330 1643 a
350 1599 623 1656 vituperabili
639 1600 888 1642 celsitudine
903 1588 1007 1644 facis
1025 1602 1220 1644 excidere
1232 1633 1244 1655 ‚
1264 1615 1313 1644 ac
1332 1615 1406 1645 su-

306 1670 451 1725 perbis
481 1670 640 1712 resistis
659 1684 685 1711 2—
704 1683 758 1711 ne
784 1672 928 1726 itaque
954 1672 1215 1715 roborentur
1237 1673 1305 1726 hi,
1330 1673 1406 1716 sed

307 1741 383 1783 abs
401 1745 443 1782 te
461 1740 728 1782 iudicentur:
754 1741 855 1783 hinc
877 1743 986 1784 enim
1005 1744 1107 1798 ipsis
1130 1756 1293 1786 summa
1316 1746 1403 1787 uti·
1453 1786 1458 1792 ,

305 1813 400 1860 litas
416 1812 595 1854 accidet.
618 1814 848 1854 Possumus
872 1814 997 1855 etiam
1016 1815 1284 1870 interpretari
1302 1828 1403 1857 ver-

304 1883 362 1925 ba
389 1895 443 1924 ne
461 1881 729 1924 confortetur
750 1882 881 1925 homo
896 1914 908 1935 ‚
934 1884 1050 1938 quasi
1072 1884 1124 1926 de
1143 1884 1315 1927 diabolo
1336 1885 1403 1928 di-

304 1959 400 2008 cta3
423 1955 497 2008 qui
518 1955 559 1995 in
580 1953 837 1995 zizaniorum
864 1954 1067 2009 parabola
1089 1955 1284 1998 inimicus
1316 1956 1400 1999 ho·

302 2036 375 2068 mo
405 2024 576 2067 dicitur.
610 2023 720 2076 Quin
751 2024 877 2066 etiam
901 2025 944 2066 in
964 2026 1212 2080 prophetia:
1248 2027 1318 2069 hic
1338 2032 1402 2070 cst

302 2097 433 2139 homo
448 2107 699 2149 exasperans
710 2098 882 2137 terram.
899 2097 951 2137 Et
964 2098 1166 2150 quoniam
1183 2097 1313 2140 homo
1326 2098 1401 2141 hu·

300 2166 487 2210 iusmodi
506 2165 669 2207 validus
685 2170 776 2207 erat
790 2171 884 2208 ante
901 2166 1125 2210 Salvatoris
1141 2167 1370 2214 adventum
1383 2202 1396 2223 ,

299 2236 554 2291 aiebatque:
590 2235 798 2278 mundum
828 2237 1077 2280 universum
1104 2251 1233 2282 manu
1266 2241 1400 2284 instar

298 2307 390 2350 nidi
408 2308 588 2362 capiam,
615 2311 658 2348 et
670 2311 888 2361 tamquam
907 2308 1108 2352 derelicta
1125 2323 1208 2352 ova
1218 2311 1392 2355 tollam:

248 2368 252 2369 ⁷
298 2391 387 2421 non
417 2383 480 2420 est
511 2379 585 2432 qui
627 2377 803 2432 effugiat
835 2383 910 2421 aut
939 2380 1106 2423 resistat
1136 2381 1271 2435 mihi3
1307 2397 1396 2427 non

296 2450 434 2496 ferens
467 2449 687 2491 hominum
711 2461 844 2503 genus
871 2451 1079 2505 superbos
1099 2453 1212 2496 illius
1231 2467 1395 2497 sermo-

297 2533 370 2563 nes
387 2551 400 2572 ,
421 2533 593 2575 precem
621 2521 833 2562 Servatori
863 2521 1026 2564 extollit
1057 2523 1227 2566 dicens:
1252 2538 1395 2568 exsur—

297 2603 349 2645 ge
380 2590 562 2633 Domine
580 2622 592 2642 ‚
625 2591 722 2632 veni
753 2591 807 2634 ad
826 2605 928 2646 nos,
962 2606 1015 2635 ne
1036 2594 1195 2637 diutius
1225 2596 1295 2638 hic
1318 2598 1394 2652 qui

296 2661 489 2717 superbit
519 2661 721 2704 adversus
750 2675 830 2704 nos
861 2663 991 2705 homo
1014 2666 1263 2719 praevaleat.
1288 2670 1394 2710 Por-

295 2745 345 2774 ro
363 2732 547 2774 hominis
568 2732 739 2774 nomine
761 2732 916 2775 dicitur
930 2733 1142 2788 diabolus,
1164 2749 1251 2779 non
1273 2739 1392 2792 quod

294 2795 473 2846 mortale
504 2803 690 2857 logicum
720 2805 775 2845 sit
804 2805 983 2858 animal,
1022 2805 1097 2848 sed
1127 2808 1226 2862 quia
1258 2821 1391 2865 aeque

293 2889 342 2918 ac
369 2875 564 2917 homines
591 2887 616 2916 a
647 2874 792 2916 divina
822 2875 1068 2922 conditione
1086 2878 1271 2921 excidit:
1296 2883 1391 2935 qui·-

292 2947 373 2988 bus
404 2948 518 2987 Deus
538 2976 550 2997 ‚
594 2957 674 2998 ego
706 2945 793 2987 dixi
827 2947 966 3001 inquit
1003 2960 1082 2989 vos
1120 2948 1180 2990 dii
1219 2952 1317 2992 estis
1346 2957 1390 2995 et

291 3017 368 3059 filii
402 3016 561 3058 Excelsi
591 3027 762 3058 omnes:
803 3028 882 3058 vos
915 3030 1021 3059 vcro
1052 3010 1268 3074 tamquam
1303 3022 1388 3069 ho-

291 3088 424 3130 mines
457 3086 687 3128 morimini.
1182 3077 1185 3079 ’

347 3231 503 3285 Utique
520 3228 717 3270 diabolus
731 3228 967 3272 istiusmodi
983 3231 1116 3287 eligit,
1128 3235 1200 3288 qui
1222 3227 1386 3279 menda-

288 3303 411 3346 cibus
433 3300 575 3342 verbis
597 3299 746 3342 divites
770 3312 860 3342 esse
875 3300 1094 3356 videntur,
1116 3317 1211 3347 cum
1229 3308 1384 3361 quibus

286 3372 406 3416 sedet
423 3370 615 3414 occultus
630 3402 643 3423 ‚
657 3369 786 3412 latere
808 3370 980 3425 volens,
1003 3376 1050 3414 ut
1070 3373 1293 3420 interficiat
1315 3379 1382 3420 in-

285 3447 511 3486 nocentem
532 3474 543 3495 ,
563 3442 704 3496 ipsum
727 3440 973 3485 ardentibus
994 3445 1080 3487 suis
1105 3446 1267 3499 sagittis
1289 3453 1381 3492 tra-

283 3515 448 3557 iiciens:
471 3511 660 3554 letiferae
682 3512 793 3552 enim
811 3517 928 3563 sunt,
951 3517 1101 3568 utpote
1125 3528 1235 3571 quae
1249 3530 1274 3560 a
1293 3520 1380 3562 vita

285 3584 421 3640 proba
435 3582 636 3625 avellunt.
653 3582 803 3624 Posset
819 3582 946 3625 etiam
962 3584 1068 3626 illud
1081 3617 1093 3638 ‚
1107 3582 1151 3628 in
1173 3588 1349 3631 occultis
1362 3623 1374 3643 ‚

284 3667 380 3696 cum
399 3652 675 3709 praecedente
691 3657 733 3694 et
757 3657 958 3707 sequente
976 3657 1178 3698 sententia
1197 3659 1376 3701 coniun-

242 3750 253 3754 -
283 3725 342 3779 gi.
369 3725 665 3766 Verumtamen
684 3736 771 3766 non
792 3728 931 3778 potest
946 3726 1106 3780 sagittis
1120 3726 1212 3770 'suis
1239 3730 1375 3772 confi-

251 3802 258 3805 *
283 3807 374 3838 cere
395 3794 529 3848 illum,
545 3795 618 3849 qui
640 3794 812 3838 indutus
834 3799 896 3837 est
918 3799 1128 3838 armatura
1146 3798 1239 3840 Dei.
1254 3799 1374 3843 Unde

1489 342 1669 383 μαςεον,
1694 319 1958 379 καταλληλως
1985 345 2027 374 το
2031 347 2137 381 υτοις
2167 345 2235 375 και
2267 323 2320 377 roi
2351 327 2442 380 ἔθνη
2477 327 2596 379 ε’κλῆ-

1489 396 1563 456 ψῃ·
1601 393 1734 457 ὥσπερ
1777 389 1819 440 δε
1850 393 1916 441 οὐκ
1951 393 2004 442 ὦν
2037 416 2096 450 τις
2135 398 2175 444 ἐν
2206 399 2353 465 οὐρανῷ
2386 404 2555 455 τοσικῶς
2576 439 2592 460 ,

1492 460 1552 511 ἔτι
1583 459 1654 512 Eun
1685 484 1762 528 γης
1793 468 2052 548 ωεριωατῶν,
2091 463 2258 517 δυναται
2295 471 2373 517 ἐκεῖ
2403 468 2595 533 ωολιτεια

1490 553 1559 580 και
1595 529 1721 584 νοήσει
1759 553 1973 598 τυγχανειν
1997 571 2010 594 ,
2048 536 2148 587 οὕτω
2183 560 2239 599 μη
2285 538 2494 624 διατρίβων
2532 565 2589 596 τις

1492 604 1532 650 ἐν
1564 604 1639 667 ἅδῃ
1679 606 1843 658 τοπικῶς
1864 641 1878 663 ,
1911 601 2078 654 δυναται
2112 629 2259 669 σημεια
2294 607 2417 677 φέρειν
2455 611 2589 678 νεκρο-

1491 694 1628 734 τητος,
1660 696 1728 722 και
1761 675 1883 724 αὐτοῦ
1913 696 1954 724 τε
1959 678 1982 723 ῧ
1981 675 2270 760 ἁμαρτανειν,
2297 680 2348 735 ὦς
2372 683 2491 731 cinea»
2515 706 2588 731 αυ-

1491 742 1559 794 τόν
1592 741 1660 794 τᾶν
1683 747 1782 805 ᾅδην
1806 742 1903 802 ηδη,
1929 767 1995 794 και
2021 766 2077 794 τοι
2110 745 2206 797 ὄντα
2238 749 2280 796 ἐν
2312 755 2360 815 τῇ
2383 754 2486 815 μετὰ
2508 776 2589 802 σω-

1488 837 1619 877 ματος
1649 818 1743 881 ζωῇ·
1777 813 1939 879 πτωχὸς
1969 813 2012 864 δὲ
2043 813 2203 897 λέγεται
2227 841 2295 868 και
2318 820 2337 867 ὅ
2370 822 2588 887 πτωχεύων

1489 887 1537 933 δι’
1574 883 1814 953 οἷμαρτιαν,
1851 909 1919 935 και
1955 889 1975 933 ὅ
2012 908 2170 952 μετριος
2206 911 2271 936 και
2307 888 2480 957 ἄτυφος,
2518 916 2587 942 και

1488 954 1695 1042 οχρῃζων
1728 955 1930 1013 δέξασθαι
1962 955 2073 1022 παρὰ
2103 961 2203 1006 3εοῖ
2161 978 2218 1007 υ·
2251 960 2415 1010 ἕκαστο
2379 997 2415 1016 3
2447 960 2487 1012 ὂε
2520 977 2585 1029 ye-

1467 1024 1603 1082 ’νητᾶς
1634 1029 1722 1077 ἐστι
1755 1031 1943 1111 τοιοῧτος·
1976 1049 2085 1077 κατα
2114 1048 2270 1085 παντας
2301 1052 2458 1087 τουτους
2495 1055 2585 1088 τους

1476 1094 1653 1163 τρᾶπους
1684 1100 1704 1146 o‘
1731 1094 1919 1163 λεγομενο
1926 1121 1944 1152 ς
1969 1095 2154 1162 πτωχδς,
2179 1120 2461 1162 μνημονενεται
2484 1101 2583 1167 Θεῳ,

1484 1165 1555 1227 κᾷν
1587 1167 1654 1216 διοῖ
1683 1191 1719 1218 τι
1753 1167 1948 1236 συμφέρον
1981 1168 2073 1234 δέξῃ
2106 1167 2207 1222 >mon
2234 1168 2294 1226 ¹c1'3
2326 1174 2449 1221 αὐτοῦ
2478 1196 2585 1238 ywe-

1485 1244 1605 1287 σθαι·
1632 1241 1696 1288 οὐκ
1729 1241 1785 1294 εἷς
1818 1238 1860 1289 τὸ
1894 1241 2096 1295 παντελὲς
2128 1238 2173 1290 δὲ
2206 1241 2427 1307 σαραμένει
2461 1246 2580 1296 αὕτη·

1482 1307 1548 1356 καὶ
1581 1307 1646 1358 διὰ
1678 1313 1791 1360 τοῦτο
1821 1313 1885 1359 οὐκ
1918 1309 1975 1365 εἷς
2009 1308 2123 1367 τέλος
2154 1311 2490 1365 ἐπιλησὲἦσεται·
2523 1338 2582 1364 τι·

1481 1401 1542 1434 νος
1574 1378 1618 1428 δὲ
1642 1377 1772 1429 diotae:
1805 1379 1992 1445 πτωχὸς,
2026 1378 2164 1434 πένητι
2170 1405 2210 1442 ς,
2244 1381 2447 1448 προῖὅντες
2473 1387 2582 1451 ἐροῦ-

1478 1471 1584 1513 μεν,
1617 1452 1677 1500 ὅτι
1709 1447 1758 1498 ἀν
1788 1450 1921 1520 καιρὸς
1953 1452 2104 1518 καλέσῃ
2137 1453 2262 1503 εἰπεῖν
2294 1475 2379 1519 περι
2413 1477 2577 1509 τουτων.

1550 1518 1607 1570 Συ
1636 1543 1740 1588 κυριε
1770 1522 1791 1569 ὅ
1824 1522 1914 1577 τοὺς
1944 1523 2110 1587 ὄγκυλλο
2112 1521 2201 1586 μὲνο
2205 1546 2246 1578 υς
2278 1546 2343 1572 και
2377 1527 2577 1576 ἀπαυθα-

1479 1590 1704 1655 διζομενους
1737 1614 1891 1643 πιπτειν
1923 1615 2040 1643 ποιων
2063 1591 2142 1644 olm*
2167 1598 2234 1644 τοῦ
2266 1599 2411 1658 ψεκτοῧ
2431 1597 2574 1660 ὕψους,

1477 1661 1813 1750 ἀντιταττόμενος
1845 1685 1927 1718 τοις
1957 1687 2006 1714 vr:
1997 1686 2171 1732 ερηφανο
2155 1688 2209 1719 ις
2216 1685 2308 1728 ·μη
2327 1663 2457 1715 τοίνυν
2481 1689 2577 1734 κρα-

1477 1731 1794 1790 ταιούσὲωσαν,
1839 1732 1948 1781 ἀλλα
1992 1734 2242 1799 κριῌτῖτωσαν
2281 1733 2444 1786 ἐνωωιον
2483 1761 2528 1786 σο
2531 1761 2570 1786 v·

1476 1805 1614 1867 εψεται
1645 1825 1721 1890 γαρ
1751 1805 1889 1859 otu-313
1912 1802 2134 1869 ὑπερβαλλε
2140 1829 2220 1854 υσα
2245 1803 2424 1872 ὦφελεια·
2453 1808 2575 1876 ἑρμη-

1475 1880 1592 1921 νευέἑε
1599 1872 1634 1926 ιή
1667 1872 1710 1922 δε
1750 1872 1793 1922 το
1831 1896 1892 1935 μη
1923 1875 2202 1941 κραταιουσὲω
2237 1876 2448 1942 ανθρωπος
2468 1917 2484 1937 3
2522 1880 2572 1935 ὡς

1474 1944 1628 2008 ὶεχὲὲν
1665 1965 1756 2009 σερι
1801 1940 2003 2005 ὂιαβολου“
2050 1969 2140 2013 ωερι
2179 1953 2222 1995 οὗ
2259 1968 2407 2012 ειρηται
2445 1950 2484 1996 ἓν
2521 1972 2570 2015 τῃ

1474 2018 1687 2081 παραβολῇ
1719 2035 1794 2064 των
1818 2011 2022 2073 ζιζανιων,
2058 2020 2108 2071 ὡς
2133 2037 2244 2071 οντος
2276 2016 2447 2096 ἄνθρωπε
2453 2042 2476 2067 υ
2501 2021 2571 2083 ε’χ-

1472 2089 1585 2150 Βροῧ·
1619 2082 1729 2134 ἄλλα
1759 2107 1824 2133 και
1862 2087 1901 2132 ἐν
1938 2089 1987 2150 τῇ
2017 2109 2262 2171 προφητειᾳ,
2297 2094 2409 2143 οὗτος
2441 2089 2460 2137 ὅ
2493 2112 2570 2137 αν-

1470 2162 1636 2221 Ξῖρωωος
1668 2156 1688 2205 o‘
1682 2177 1826 2235 σαρο
1809 2153 1947 2211 οξυνων
1981 2178 2053 2208 την
2086 2162 2176 2223 γῆν·
2210 2181 2277 2205 και
2316 2157 2404 2208 ἔσει
2439 2182 2458 2207 ο
2490 2183 2568 2208 αν-

1470 2233 1628 2291 &ptam-3
1662 2222 1777 2280 οὗτος
1809 2228 2061 2291 ἐκραταιοῦτο
2083 2226 2154 2294 πρὸ
2187 2250 2261 2283 της
2296 2251 2337 2278 τ
2322 2234 2365 2277 οῧ
2391 2235 2567 2296 σωτῆρος

1469 2297 1618 2346 καθᾶδε
1606 2321 1678 2355 υ,
1713 2294 1852 2360 λεγων·
1893 2317 1964 2348 την
1994 2297 2215 2363 οἰκουμένην
2246 2301 2338 2350 ολην
2369 2303 2444 2350 ἀπο
2429 2299 2567 2364 ληψο-

1467 2390 1544 2430 μαι
1577 2371 1626 2432 τῇ
1655 2389 1778 2453 χειρι
1794 2390 1844 2421 ως
1871 2366 2106 2454 ΝνοσσιᾶνἎ
2113 2391 2176 2420 και
2214 2393 2264 2423 ως
2302 2367 2359 2416 ὠα
2387 2393 2462 2418 κατ
2466 2376 2567 2420 αλε-

1467 2436 1658 2502 λειμμὲνα
1701 2439 1794 2506 άρω
1839 2439 1904 2486 οὐκ
1942 2437 2050 2487 ἔστιν
2087 2461 2132 2495 ος
2169 2439 2300 2506 διαφε
2267 2443 2346 2494 ευξε
2352 2462 2416 2489 ται
2456 2463 2506 2503 με
2543 2465 2568 2494 η

1467 2508 1634 2575 durem-51
1665 2526 1742 2571 μοι·
1769 2508 1836 2556 οὐκ
1864 2506 2023 2572 ἐνεγκων
2050 2506 2094 2559 τό
2118 2508 2230 2575 γένος
2263 2531 2336 2559 των
2360 2509 2567 2596 ἀνθρωπων

1466 2602 1557 2634 τους
1588 2582 1672 2643 μεθ
1705 2575 1968 2645 ὑπερηφανιας
2002 2582 2122 2631 αὐτοῦ
2153 2579 2316 2646 λόγους..
2351 2580 2565 2647 πρεσβείαν

1465 2648 1651 2717 προσάγει
1683 2653 1739 2713 τῷ
1760 2652 1907 2715 σωτῆρι·
1932 2648 2070 2715 λέγων·
2104 2647 2272 2707 ἀναςηθι
2303 2675 2333 2700 ω
2364 2650 2561 2709 δέσποτα,

1462 2719 1666 2782 κατάβηθι
1697 2717 1793 2784 πρός
1823 2719 1932 2781 ἡμᾶς
1952 2759 1965 2778 ‚
1997 2722 2068 2771 ινα
2098 2743 2155 2784 μη
2191 2719 2253 2772 ἐπι
2287 2721 2438 2772 πολυ“
2416 2747 2436 2772 ο
2468 2726 2564 2771 καθ’

1461 2793 1569 2852 ἡμῶν
1618 2787 2004 2857 ὑωερηφανευόμενος
2055 2789 2267 2856 ἅνθρωπος
2317 2797 2560 2858 κραταιω3ᾒ“

1461 2859 1671 2927 ἅνθρωπος
1705 2859 1766 2908 δὲ
1778 2881 1930 2924 ειρηται
1960 2860 1981 2908 ὅ
2013 2859 2222 2922 διάβολος,
2255 2865 2298 2910 οὐ
2329 2866 2382 2926 τῷ
2410 2866 2559 2914 θνητὸν

1460 2929 1616 2995 λογικδν
1647 2933 1742 2994 ζωον
1775 2934 1907 2987 εἰναι,
1941 2929 2050 2978 ἀλλα
2081 2934 2135 2995 τῷ
2163 2928 2352 2986 θεότητος
2382 2954 2559 2982 αποπεπ-

1460 2999 1622 3051 τωκέναι
1653 2997 1843 3054 ὦσαυτως
1875 2997 2048 3054 ἐκεινοις·
2083 2999 2176 3067 προς
2208 2999 2270 3055 οὓς
2302 3005 2322 3050 ὅ
2352 3001 2452 3050 θεὲ
2410 3025 2452 3056 ς
2484 3003 2560 3068 ἔγω

1459 3092 1556 3124 ειπα
1602 3094 1621 3114 α
1649 3068 1739 3118 &ece
1785 3071 1909 3129 ἐστε,
1948 3093 2015 3122 και
2059 3093 2135 3119 υιοι
2178 3069 2346 3138 ὕψιστον
2388 3093 2552 3129 παντες·

1467 3164 1485 3184 ιι
1528 3139 1632 3203 υμέῖς
1665 3137 1718 3225 δὲ<
1739 3140 1790 3194 ὦς
1822 3139 2022 3207 ἄνθρωποι
2053 3139 2345 3194 ἀποθνησκετε.

1522 3207 1648 3276 Ηγο“
1627 3232 1668 3258 vv
1700 3234 1719 3260 ο
1753 3208 1866 3271 διαβο
1869 3216 1936 3266 λος
1969 3209 2223 3276 ἑπιλεγεται..
2258 3216 2367 3262 δοκε
2329 3232 2464 3269 υντας
2498 3210 2554 3262 εἷ-

1456 3277 1498 3331 δὲ
1530 3285 1602 3330 πλε
1606 3302 1739 3336 υσιους
1771 3282 1814 3329 ἐν
1845 3279 1950 3347 λόγῳ
1979 3285 2137 3345 ψευόει,
2171 3285 2267 3347 μεθ’
2297 3280 2348 3332 ὦν
2379 3281 2554 3339 καθεζε-

1455 3372 1519 3399 ται
1550 3373 1698 3418 κρυφα,
1732 3349 1937 3403 λανθανειν
1972 3350 2291 3416 βουλόμενος,(
2264 3377 2314 3409 ως
2347 3375 2396 3403 αν
2426 3356 2526 3402 ἀθῶε
2513 3377 2553 3403 ν

1452 3419 1686 3487 ἀποκτεινῃ,
1720 3419 1875 3486 τρώσας
1907 3419 2029 3472 αυτόν
2063 3429 2144 3479 τοῖς
2175 3421 2458 3489 πεπυρωμένοις
2482 3446 2550 3472 αυ-

1453 3494 1522 3540 τοῧ
1549 3489 1712 3551 βέλεσι,
1750 3490 1958 3542 θανατικοὶ
1985 3491 2060 3561 γάρ
2091 3496 2223 3554 ἐστιν,
2256 3495 2336 3545 ἀπὸ
2371 3497 2443 3548 τῆς
2477 3517 2548 3543 συν

1450 3561 1570 3626 ἀρετῇ
1610 3567 1709 3618 ζωῆς
1749 3566 2044 3614 κατασωῶντα.
2089 3562 2270 3614 Δυναται
2307 3563 2349 3614 δὲ
2387 3567 2466 3622 τὸ,
2507 3566 2546 3612 ἐν

1448 3628 1678 3698 ἀποκρύφοις
1698 3670 1710 3691 ,
1745 3636 2025 3697 συνταχθῆναι
2053 3657 2122 3684 και
2155 3640 2210 3699 τῷ
2241 3657 2308 3700 προ
2313 3656 2443 3699 αγοντι
2472 3632 2544 3699 ῥη-

1448 3703 1534 3763 τῷ,
1568 3723 1635 3750 και
1672 3705 1727 3765 τῷ
1761 3704 1849 3765 μετ’
1887 3701 2000 3753 αὐτό·
2041 3704 2195 3757 πλην
2179 3708 2222 3754 οὐ
2255 3701 2423 3753 δυναται
2462 3707 2544 3759 τοῖς

1445 3739 1554 3828 ἰ’διοις
1585 3773 1812 3823 ἁποκτειναι
1841 3771 1976 3836 βέλεσι
2009 3773 2075 3825 τὸν
2102 3774 2325 3837 tvae—:dupin
2328 3795 2347 3822 ν
2373 3771 2441 3825 riv
2474 3778 2543 3822 τοῦ

2398 3872 2415 3888 ἡ

2619 1540 2654 1633 ,urs
2634 1484 2636 1486 <

2669 1538 2686 1632 -Q—qk

2596 3239 2688 3269 Cord.
2711 3244 2769 3268 198.
