2944 4426
178 789 248 820 cod.
267 789 289 819 f.
307 761 353 819 37.
358 757 404 818 21}-

321 2186 349 2207 v.
379 2183 405 2207 5.

181 2214 249 2244 cod.
271 2214 290 2244 t.
310 2218 355 2244 38.
375 2214 405 2244 b.

314 2399 343 2420 v.
367 2395 408 2420 11.

194 2426 261 2455 eod.
277 2427 296 2455 t.
314 2431 407 2460 39..a.
443 2442 448 2446 ι

316 3174 344 3194 v.
368 3171 409 3195 14.

197 3201 264 3230 cod.
285 3202 304 3231 f.
322 3206 365 3231 30.
379 3202 411 3231 l).

461 238 520 282 14

451 356 576 394 τητα,
611 356 643 382 ει
676 357 740 382 και
775 331 901 390 αυθις
934 337 974 383 ἐν
1006 339 1062 400 τῷ
1099 334 1333 401 ἁμαρτάνειν
1367 337 1409 385 οὗ
1452 332 1552 403 ποίρ-

449 427 509 461 εςι
542 401 771 470 προβλέπειν
805 426 872 454 τον
907 428 975 455 τευ
1005 412 1105 455 θεοῦ
1134 406 1268 474 φοβον
1305 407 1403 457 διότι
1427 406 1548 460 κηδε-

448 498 512 526 ται
543 477 781 562 ἀνεχομενος
815 479 883 525 τοῦ
911 473 1042 541 γένους
1080 497 1155 527 των
1192 475 1423 544 ἀνθρωπων·
1459 476 1545 527 {mec

450 547 482 594 εἷ
512 567 568 608 μη
601 568 668 596 τον
701 551 771 595 τοῦ
801 550 898 595 θεοῦ
929 546 1048 615 φόβον
1088 546 1304 614 προεβλεπε
1326 587 1340 608 ,
1373 545 1515 616 ῥυζηδὲ
1520 569 1567 598 ν.

447 613 605 671 πάντας
638 638 685 664 αν
719 615 916 668 απωλετο.

521 764 611 815 Τῶν
650 766 831 854 ἐῤῥωδιῶν
867 765 957 833 τρία
989 788 1079 832 γενη
1113 789 1213 816 εισιν
1236 805 1248 827 ,
1282 788 1348 817 οτε
1380 789 1545 832 κεμφος,

449 832 569 885 καί
551 859 570 884 ο
604 834 763 895 λευκος,
798 859 863 886 και
897 841 915 885 ὃ
949 835 1157 904 οἱς-ερισκες
1183 834 1434 899 καλουμενος·
1462 859 1547 886 τευ-

450 927 526 956 των
551 909 570 955 ὃ
595 904 737 974 κε’μφος
762 910 940 974 ἀκρατως
966 909 1070 972 ἔχων
1095 929 1178 973 περι
1206 906 1279 961 τὰς
1298 904 1442 970 μίξεις,
1469 930 1549 971 χα-

448 974 584 1033 λεωως
630 975 835 1033 εὐνάζεται
879 1000 946 1026 και
983 975 1145 1063 οἶχεύει,
1188 975 1316 1043 κράζει
1362 977 1435 1038 τὲ,
1481 1000 1549 1025 και

447 1045 599 1112 σ’χευων
636 1071 741 1111 αιμα
786 1045 942 1135 ἀφίησιν
992 1050 1031 1096 ἐκ
1077 1052 1150 1096 τῶν
1188 1051 1411 1114 ὀφθαλμῶν
1433 1086 1446 1108 ,
1483 1069 1548 1095 και

447 1119 566 1169 τίκτει
605 1115 787 1202 φαυλως
800 1141 865 1167 και
903 1120 1112 1185 ὄδυνηρῶς·
1150 1118 1245 1166 ἔοικε
1284 1115 1328 1164 δὲ
1363 1139 1388 1168 η
1421 1139 1550 1184 γραφη

447 1187 524 1239 ἀπο
558 1194 630 1244 τῆς
663 1185 839 1252 ἱστορίας
871 1210 910 1236 τε
917 1194 940 1236 ῧ
972 1187 1068 1243 ζωου
1101 1209 1264 1245 τουτου,
1299 1184 1383 1241 τοὺς
1415 1195 1550 1238 πειθο-

446 1257 584 1322 μένους
626 1261 674 1324 τῇ
706 1256 869 1324 πονηρίᾳ
903 1256 1173 1325 κεμφωμένευς
1211 1255 1274 1306 καί
1310 1254 1552 1321 ἐξωμοιωμέ-

448 1351 534 1383 νους
566 1332 639 1379 τῶν
672 1326 808 1394 ὀρνέων
834 1330 879 1376 δι’
907 1326 1140 1378 ἀκολασίαν·
1170 1327 1258 1379 ἔστι
1283 1325 1324 1377 δὲ
1351 1328 1416 1376 καί
1451 1328 1551 1377 ἄλλο

448 1397 548 1454 εἰδος
578 1397 744 1479 κε’μφους
779 1401 818 1446 ἐν
854 1420 901 1463 τῃ
939 1397 1136 1464 θαλάσσῃ
1168 1401 1252 1449 κατ’
1291 1395 1491 1464 οἰγέλαςζ
1482 1422 1551 1448 ιπ-

449 1467 609 1532 ταμενον
647 1467 719 1534 ᾡόε
756 1471 929 1529 κᾴκεῖσε·
964 1492 981 1516 ο
1018 1473 1051 1517 οἳ
1085 1452 1286 1554 πλωτῆρες
1324 1468 1552 1535 πολυάγκυ-

448 1561 560 1605 στρον
604 1520 870 1594 δελεάσαντες
916 1543 1072 1603 σχοῖνον
1094 1578 1107 1601 ,
1146 1537 1364 1607 ἀγρευουσι·
1409 1563 1474 1588 και
1511 1542 1554 1588 οὐ

449 1608 566 1673 μένον
598 1613 642 1659 οὐ
675 1608 805 1677 φεύγει
840 1609 998 1671 βλέπων
1031 1608 1083 1660 τὰ
1113 1609 1371 1677 θηρευθέντα
1391 1650 1405 1669 ,
1444 1607 1555 1659 ἀλλα

449 1679 516 1729 καὶ
541 1680 664 1735 ὁίλλος
685 1680 796 1745 σ’ίλλῳ
820 1679 1024 1748 προτρέχει
1051 1684 1298 1747 ἇγρευθῆναι·
1326 1683 1448 1736 οὕτως
1474 1679 1554 1731 {ol-

450 1773 563 1802 κασιν
596 1755 629 1801 οἳ
664 1755 711 1816 τῇ
741 1750 857 1813 κακία
888 1756 1241 1818 προσομιλοῦντες,
1277 1752 1399 1809 ἄλλος
1432 1751 1553 1801 ἄλλον

446 1827 552 1883 νικᾷν
600 1821 837 1878 στῆ-εὕδοντες
891 1819 958 1872 δια
999 1827 1074 1873 τῶν
1124 1823 1300 1884 ἦδονῶν,
1347 1821 1554 1890 ἐωολέθρῳ

446 1891 614 1958 θανάτῳ
646 1891 809 1949 ἑαυτοὺς
848 1891 1126 1961 περιπείρουσι.

1406 2037 1585 2081 CAP.

450 2161 678 2257 Καρδίαν
732 2192 916 2241 ἐνταῦθα
961 2212 1034 2244 την
1076 2190 1218 2258 ἀρετῆν
1268 2194 1425 2262 εἴρηκε,
1472 2217 1545 2247 την

451 2259 817 2326 ἐπισυμβαίνουσαν
843 2266 890 2327 τῇ
919 2259 1074 2328 καρδία
1102 2261 1127 2315 ἦ
1154 2285 1225 2315 την
1255 2264 1329 2316 ὕπο
1355 2269 1443 2315 θεοῦ
1464 2287 1549 2315 κτι-

451 2331 610 2398 ζομενην
644 2354 715 2384 την
752 2331 1033 2395 πνευματικήν.

521 2400 605 2454 Tm
631 2400 770 2469 σοφίαν
797 2398 1032 2451 e’vtocvffoe‘
1007 2426 1054 2458 ως
1077 2401 1186 2488 γε’νρς
1209 2406 1332 2467 ἔλαβε
1358 2411 1428 2463 τῆς
1453 2430 1550 2458 παι-

452 2473 559 2527 δείοις
591 2496 653 2521 και
690 2477 757 2527 τῆς
788 2471 978 2537 γνώσεως·
1018 2472 1207 2524 παιδείαν
1238 2498 1313 2543 γαρ
1343 2500 1408 2525 και
1449 2500 1551 2543 γνω-

452 2566 512 2593 σιν
545 2565 620 2609 ωρο
604 2540 745 2599 ταξας
766 2582 779 2599 ,
815 2540 966 2609 ἐποίγει·
999 2566 1190 2610 κρεισσων
1226 2544 1300 2613 γὰρ
1337 2569 1454 2614 σοφια
1486 2546 1551 2597 λί-

449 2618 533 2662 θων
566 2617 813 2670 πολυτελῶν,
848 2613 895 2667 ὦς
928 2618 996 2669 τῆς
1029 2617 1217 2671 παιδείας
1249 2616 1315 2665 καί
1350 2621 1425 2672 τῆς·
1449 2637 1551 2683 γνω-

452 2706 547 2739 σεως
579 2705 865 2750 περισχομενης
899 2686 937 2732 ἓν
963 2689 1015 2751 τῇ
1041 2685 1159 2753 σοφία
1183 2691 1245 2751 1)
1271 2688 1372 2755 ἥπερ
1397 2686 1460 2737 δια
1485 2693 1553 2738 τεῧ

450 2776 667 2818 πνευματος
692 2753 864 2812 olonzac,
892 2752 1001 2820 λογος
1027 2756 1183 2823 σοφίας
1210 2779 1253 2806 το
1281 2760 1315 2805 δ’
1337 2757 1431 2808 αὐτο
1460 2763 1550 2808 τοῧ-

453 2846 498 2873 το
517 2823 686 2890 λέγεται
717 2848 783 2873 και
799 2846 972 2915 “meviam
1007 2825 1232 2881 υἱοθεσίας.

521 2893 759 2959 Σημειωτέον
796 2917 857 2943 οτι
893 2893 1051 2945 α’δικίαν
1083 2920 1147 2945 και
1184 2900 1296 2964 ὕβριν
1327 2922 1391 2947 και
1426 2902 1552 2967 ὑστερ-

451 2963 653 3032 ηφανίαν,
693 2987 759 3015 τον
806 2965 938 3014 ἄδικον
987 2965 1179 3033 ὑβριστην
1222 2992 1290 3017 και
1342 2968 1552 3036 υσερῆφα-

452 3059 513 3084 νον
553 3036 692 3102 λέγει,
730 3034 816 3086 dexo
857 3058 925 3091 της
962 3036 1160 3103 χειρίστης
1198 3040 1331 3096 ἕξεως
1354 3039 1552 3103 ὀνομάζων

452 3109 527 3154 αὐτ
531 3104 587 3155 ο’ν.

525 3174 718 3228 Τουτεστί
750 3179 838 3242 παρ’
865 3180 956 3240 ἐμοῧ
983 3200 1025 3227 το
1059 3177 1148 3238 ευβε
1137 3185 1244 3228 υλον
1268 3203 1334 3228 και
1359 3178 1550 3260 ἀσφαλες·

456 3268 552 3295 οπου
584 3270 660 3313 γαρ
692 3252 837 3304 τοῦτο,
870 3249 1035 3308 κακεῖνο·
1085 3252 1176 3316 ἕρᾷς
1214 3273 1421 3314 πανταχου
1456 3273 1553 3317 προ-

458 3313 653 3378 τιθέμενα
686 3339 738 3366 τα
768 3314 962 3380 ἀσωματα
994 3340 1067 3368 των
1100 3340 1323 3383 σωματικων
1354 3343 1421 3369 και
1453 3344 1554 3389 κρα-

458 3388 630 3445 τοῧνταε,
670 3383 759 3436 εἰτα
792 3387 905 3438 ειπῶν
937 3410 1003 3437 και
1035 3388 1135 3439 αὐτο
1169 3412 1214 3440 το
1245 3392 1469 3451 βασιλευειν
1507 3394 1554 3441 δι’

456 3455 583 3510 αὖτης
615 3455 787 3522 γινδμενο
771 3480 809 3506 ν
831 3496 843 3518 ,
884 3457 1067 3525 ε’ωῆγαγε
1088 3500 1100 3518 .,
1139 3483 1204 3509 και
1241 3484 1260 3510 ο
1294 3466 1433 3525 ωολλῷ
1461 3484 1553 3526 μει-

454 3522 536 3580 ζον
557 3547 659 3577 εστι·
701 3531 814 3577 τοῦτο
855 3551 929 3596 γαρ
963 3529 1220 3591 βασιλευειν,
1263 3555 1307 3582 το
1351 3530 1552 3582 δυνασθαι

454 3596 611 3652 δικαίως
643 3603 866 3685 κεχρησθαι
898 3602 948 3664 τῇ
980 3602 1113 3666 ἄρχῃ,
1147 3599 1322 3662 βέλτιον·
1359 3603 1447 3651 ἔνιοι
1483 3601 1553 3663 δε,

452 3669 636 3726 βασιλεῖς
668 3666 740 3730 μὲν
779 3691 869 3724 τους
905 3692 1042 3735 αγιους
1080 3694 1145 3720 και
1177 3669 1436 3739 μεγιστάνας
1479 3695 1552 3722 τυ-

1483 250 1682 285 emamus

1621 320 1762 396 tenet,
1782 343 1829 387 id
1848 347 1912 388 est
1926 331 2226 386 humanitatem
2243 355 2255 397 ;
2276 342 2311 384 si
2326 341 2438 385 forte
2453 341 2594 385 denuo
2611 343 2714 387 dum

1617 421 1766 474 peccat
1780 451 1791 472 ,
1814 415 2004 460 divinuni
2023 415 2222 457 timorem
2240 414 2433 456 omittere
2449 420 2588 469 queat.
2607 416 2713 458 Pro-

1617 495 1760 546 pterea
1786 489 1954 543 angitur
1981 486 2083 529 dum
2112 498 2244 540 genus
2271 485 2505 528 humanum
2531 486 2715 528 tolerare
2774 541 2786 549 .

1620 562 1802 614 cogitur.
1834 560 1937 601 Nam
1962 558 2041 600 nisi
2065 557 2264 600 'diabolus
2289 556 2367 598 Dei
2391 556 2589 598 timorem
2610 569 2709 611 prae

1617 630 1750 672 oculis
1785 629 1988 682 haberet,
2022 632 2198 671 cunctos
2235 639 2388 681 magno
2420 628 2583 682 impetu
2611 639 2710 682 pes-

1617 714 1710 743 sum
1741 699 1878 742 daret.

1676 770 1961 813 Herodiorum
1979 770 2062 812 tria
2080 781 2235 824 genera
2258 773 2383 822 sunt,
2408 769 2480 811 ille
2499 769 2576 824 qui
2598 773 2714 811 cem-

1617 842 1756 897 phus,
1790 845 1831 882 et
1861 841 1935 895 qui
1965 841 2086 883 albus
2106 871 2118 895 ,
2150 844 2193 882 et
2223 841 2296 897 qui
2319 841 2539 882 asteriscus
2563 839 2713 894 appel-

1616 913 1745 956 latur.
1791 913 1881 954 Hos
1921 913 2031 954 inter
2073 912 2276 967 cemphus
2316 913 2624 966 intemperante
2657 911 2713 953 ad

1618 984 1779 1026 coitum
1807 981 2006 1035 libidine,
2039 981 2130 1024 dire
2155 982 2402 1025 concumbit
2423 987 2465 1024 et
2482 983 2627 1025 veneri
2644 983 2712 1024 in·

1621 1055 1794 1109 dulget,
1828 1053 2064 1107 clamatque
2095 1053 2197 1095 dum
2226 1052 2474 1095 libidinatur
2491 1083 2503 1106 ,
2541 1053 2714 1107 sangui-

1621 1137 1716 1166 nem
1740 1124 1873 1166 oculis
1891 1123 2103 1176 emittenS,
2123 1127 2378 1179 generatque
2401 1131 2650 1165 aerumnose
2671 1127 2724 1164 et·

1621 1208 1708 1237 non
1739 1196 1826 1236 sine
1856 1193 2060 1236 cruciatu.
2095 1194 2184 1235 Iam
2206 1206 2308 1235 vero
2329 1194 2498 1237 videtur
2517 1207 2567 1235 ex
2587 1194 2713 1235 huius

1621 1266 1811 1308 animalis
1840 1264 2019 1307 historia
2049 1264 2256 1306 delineare
2285 1265 2388 1312 istos
2419 1265 2585 1320 cemphi
2620 1263 2717 1307 imi-

1598 1382 1601 1386 ,
1620 1342 1778 1380 tatores
1795 1349 1844 1379 ac
1866 1335 2019 1378 similes
2040 1340 2220 1390 propter
2238 1335 2620 1390 intemperantiam.
2641 1337 2715 1378 Est

1622 1413 1663 1450 et
1693 1406 1808 1449 aliud
1825 1407 1869 1447 in
1886 1405 1992 1447 mari
2020 1405 2302 1460 cemphorum
2324 1416 2480 1459 genus,
2511 1406 2714 1460 gregatim

1621 1481 1700 1523 hac
1739 1480 1837 1522 illac
1874 1479 2083 1532 volitans3
2130 1490 2239 1533 quos
2273 1481 2426 1519 nautae
2460 1478 2594 1519 multa
2622 1490 2716 1520 esca

1621 1553 1715 1595 funi
1743 1551 1939 1606 imposita
1967 1554 2192 1592 venantur.
2226 1550 2282 1591 Hi
2324 1549 2435 1590 enim
2465 1561 2554 1591 non
2583 1548 2714 1591 modo

1622 1637 1711 1667 non
1740 1623 1911 1677 fugiunt
1939 1622 1975 1664 si
2005 1633 2114 1676 quos
2145 1625 2290 1675 captos
2311 1619 2482 1672 vident,
2505 1618 2579 1662 sed
2610 1619 2718 1663 alius
2768 1608 2771 1610 ’

1623 1696 1753 1738 alium
1789 1690 2054 1749 praecedere
2080 1691 2249 1734 festinat
2287 1689 2342 1733 ad
2378 1694 2612 1745 capturam.
2650 1690 2717 1732 Sic

1624 1767 1846 1820 videntur,
1879 1766 1955 1820 qui
1982 1765 2027 1806 in
2047 1763 2153 1805 vitio
2171 1762 2443 1815 volutantur,
2468 1762 2573 1804 alius
2590 1761 2718 1803 alium

1624 1851 1822 1895 superare
1845 1835 2140 1891 voluptatibus
2163 1834 2410 1889 gestientes,
2434 1833 2588 1876 exitiali
2602 1844 2718 1876 mor-

1626 1917 1668 1954 te
1698 1914 1828 1953 semet
1857 1908 2090 1963 implicare.

1650 2037 1768 2079 vm.

1621 2150 1743 2240 Cor
1772 2195 1856 2237 hoc
1890 2194 1987 2236 loco
2017 2192 2119 2235 dicit
2146 2204 2226 2248 pro
2250 2193 2433 2251 virtute,
2458 2202 2567 2245 quae
2598 2189 2719 2232 cordi

1621 2267 1791 2310 accidit.
1824 2266 1903 2309 Vel
1934 2260 2010 2307 c'or
2040 2263 2142 2307 dicit
2164 2262 2271 2305 illud
2302 2265 2490 2304 creatum
2509 2274 2534 2303 a
2562 2262 2651 2303 Deo
2675 2263 2719 2302 et

1621 2324 1846 2396 spiritales
2499 2342 2502 2345 ’
2602 2374 2618 2391 ,

1679 2409 1934 2466 Sapientiam
1961 2407 2057 2449 heic
2087 2419 2167 2462 pro
2200 2404 2388 2460 quodam
2409 2403 2652 2458 disciplinae
2675 2407 2718 2444 et

1622 2483 1821 2526 scientiae
1845 2493 1998 2536 genere
2023 2480 2193 2534 accipit.
2217 2480 2322 2520 Nam
2344 2476 2564 2531 disciplina
2583 2469 2718 2517 scienss

1621 2556 1765 2609 tiaque
1796 2553 2026 2594 nominatis
2042 2582 2054 2602 ,
2088 2547 2225 2592 addit:
2261 2548 2412 2590 melior
2434 2551 2497 2588 est
2519 2547 2630 2588 enim
2651 2557 2720 2588 sa-

1622 2624 1782 2680 pientia
1809 2622 2024 2678 lapidibus
2047 2620 2268 2676 pretiosis:
2292 2619 2414 2674 quasi
2439 2618 2660 2672 disciplina
2677 2621 2720 2659 et

1621 2695 1795 2738 scientia
1827 2694 2094 2735 contineatur
2123 2691 2169 2733 in
2199 2690 2424 2745 sapientia,
2449 2701 2558 2743 quae
2582 2700 2607 2730 a
2628 2688 2719 2743 spi-

1621 2766 1707 2808 ritu
1740 2765 1893 2818 datur,
1926 2763 1973 2805 id
2003 2767 2065 2804 est
2095 2761 2274 2803 verbum
2305 2760 2549 2814 sapientiae.
2574 2757 2627 2800 Id
2648 2759 2717 2813 ip-

1621 2849 1713 2879 sum
1753 2847 1854 2878 vero
1899 2833 2055 2876 dicitur
2093 2833 2219 2874 etiam
2249 2831 2419 2886 spiritus
2453 2828 2714 2884 adoptionis.

1682 2905 1985 2951 Adnotandum
2014 2908 2103 2957 est,
2136 2903 2399 2957 iniquitatem
2442 2905 2485 2943 et
2521 2900 2718 2942 iniuriam

1616 2982 1665 3020 'et
1695 2976 1963 3034 superbiam,
1997 2974 2082 3017 dici
2111 2974 2206 3016 heic
2228 2986 2308 3029 pro
2331 2973 2502 3014 homine
2524 2968 2680 3014 iniusto
2703 3001 2715 3023 ,

1623 3048 1955 3100 contumeli050,
1981 3040 2022 3088 et
2045 3045 2230 3102 superbo
2250 3077 2261 3098 ‚
2295 3057 2421 3100 quem
2445 3057 2493 3086 ex
2515 3044 2599 3086 hoc
2621 3055 2718 3098 pes-

1623 3121 1730 3163 simo
1763 3118 1889 3160 animi
1919 3117 2070 3159 habitu
2099 3116 2312 3170 indigitat.
2407 3162 2425 3165 v

1682 3188 1733 3232 Id
1764 3193 1826 3233 est
1846 3190 1870 3230 a
1885 3200 1951 3230 me
1970 3192 2132 3230 rectum
2151 3187 2372 3229 consilium
2395 3190 2437 3227 et
2454 3189 2594 3227 tutum
2616 3195 2719 3239 pro-

1623 3260 1762 3303 cedit:
1798 3259 1874 3301 ubi
1910 3260 2020 3301 enim
2059 3258 2166 3300 illud
2185 3291 2197 3312 ‚
2229 3257 2291 3299 ibi
2317 3258 2401 3299 hoc
2431 3268 2605 3312 quoque
2635 3258 2712 3296 est.

1622 3328 1958 3384 Viden’wubique
1977 3329 2212 3384 anteposita
2234 3321 2277 3370 et
2296 3327 2548 3382 praestantia
2574 3325 2717 3366 incor-
2774 3366 2777 3377 s

1623 3397 1756 3458 porea
1785 3400 2110 3456 corporalibus?
2139 3399 2299 3442 Deinde
2327 3403 2555 3454 postquam
2585 3394 2714 3448 dixit,

1623 3474 1802 3528 regnum
1822 3472 1963 3527 ipsum
1983 3484 2008 3513 a
2028 3483 2070 3513 se
2091 3470 2299 3522 conferri,
2332 3468 2449 3511 addit
2469 3465 2587 3521 quod
2608 3465 2717 3507 mul-

1622 3547 1670 3584 to
1701 3543 1836 3584 maius
1866 3545 1954 3584 est:
1980 3554 2079 3583 nam
2097 3541 2183 3583 hoc
2205 3552 2352 3595 reapse
2368 3549 2544 3591 regnare
2567 3540 2654 3588 est,
2682 3536 2718 3578 si

1625 3615 1719 3669 quis
1741 3613 1963 3656 dominatu
1990 3614 2097 3655 iuste
2119 3614 2223 3655 sciat
2241 3611 2318 3653 uti.
2348 3608 2551 3651 Nonnulli
2580 3607 2716 3649 inter-

1624 3690 1765 3740 pretes
1787 3696 1934 3739 regum
1965 3685 2135 3727 nomine
2165 3683 2259 3725 heic
2277 3679 2519 3733 intelligunt
2549 3681 2717 3720 sanctos

549 3786 578 3826 1)
597 3785 691 3828 Apud
713 3785 928 3827 augustinum
951 3789 1064 3820 contra
1087 3789 1185 3822 Acad.
1210 3791 1251 3822 Π.
1279 3795 1326 3823 16.
1350 3791 1439 3824 extat
1460 3790 1649 3833 famigerata
1665 3789 1833 3823 destultio:
1857 3786 2030 3832 sapientia
2042 3791 2093 3823 est
2107 3780 2226 3821 rerum
2240 3786 2479 3819 humanarum
2501 3784 2718 3817 divinarum-

448 3846 514 3881 que
535 3841 692 3872 scientia.
