2996 4432
245 1030 261 1045 -‹
276 1027 390 1064 Regist.
409 1028 446 1057 V.
462 1031 488 1058 4.

226 1946 235 1955 “
248 1943 356 1973 Matth.
381 1943 448 1973 Vll.
467 1946 494 1972 5.

270 2196 339 2225 cod.
363 2196 384 2225 f.
400 2201 443 2226 48.
464 2204 495 2226 a.

262 3359 330 3389 eod.
350 3360 372 3389 f.
392 3364 426 3389 48
454 3358 487 3388 h.

245 3607 258 3623 *
278 3583 349 3634 Luc}
363 3605 443 3635 xxi.
463 3608 488 3633 5.

536 246 599 294 52
1424 260 1425 263 ’
1516 260 1570 291 Ex
1604 261 1733 293 Lumo
1765 261 1812 292 v,

538 358 650 406 ’[65,
689 355 747 394 ut
779 360 889 395 non
932 359 1070 413 opus
1107 353 1241 394 esset
1277 340 1345 394 de
1382 345 1775 397 restauratione
1798 344 2045 414 cogitare
2077 344 2429 418 Temporibus
2453 366 2577 400 vero
2593 349 2806 403 callixti

540 413 743 499 papae,
784 426 1078 497 pullulante
1117 427 1221 478 iam
1258 426 1545 479 christiana
1582 428 1866 499 religione,
1904 429 2180 482 ruentibus
2211 430 2572 483 sacerdotibus
2603 434 2813 504 antiqui

539 511 704 562 hostis
735 508 969 572 insidiis,
1008 508 1157 562 dum
1156 509 1382 580 quidam
1415 509 1673 563 invidiose
1711 499 1974 562 redeundi
2000 512 2414 567 intercluderent
2450 514 2681 580 aditum,
2722 535 2818 567 ro-

540 605 690 663 gatus
733 592 998 663 praefatus
1045 592 1290 662 pontifex
1335 592 1403 645 ab
1447 594 1710 665 episcopis
1744 593 1945 645 Galliae
1980 595 2036 646 in
2073 614 2302 665 quorum
2355 598 2632 668 provincia
2679 599 2810 650 haec

539 676 884 747 gerebantur,
914 693 1004 727 eos
1030 676 1326 727 nominavit
1357 676 1669 739 haereticOS,
1705 675 1801 747 qui
1834 677 2271 746 omnipotentiam
2294 680 2445 731 verbi
2472 680 2813 737 conabantur

539 761 807 823 minuere;
845 777 956 810 non
981 769 1158 811 tamen
1194 758 1539 811 deliberative
1572 759 1839 830 praecepit
1867 751 1995 811 tales
2029 759 2222 813 debere
2254 762 2425 815 redire
2450 762 2517 815 ad
2554 763 2767 815 ordines
2786 785 2804 815 z.

539 855 591 895 et
623 843 717 912 qui
744 841 876 894 dixit
904 860 1060 912 posse
1082 840 1279 904 redire,
1312 860 1424 893 non
1455 841 1733 908 affirmavit
1756 841 1968 894 debere.
2001 843 2067 894 Et
2097 843 2170 894 sic
2191 862 2302 895 non
2333 844 2538 897 diversa
2567 839 2803 898 sentiunt
2860 893 2863 895 ,

540 926 705 978 sancti
735 937 943 996 patreS,
986 924 1077 977 sed
1109 943 1293 976 unum.
1343 923 1506 989 Quod
1540 934 1600 974 ut
1630 924 1956 975 enucleatius
1987 938 2272 1000 appareat,
2304 926 2435 997 quid
2465 927 2651 980 beatus
2677 930 2812 980 Gree-

539 1010 717 1080 gorius
733 1010 754 1033 ³
771 1028 932 1080 super
965 1010 1065 1060 hac
1096 1027 1152 1060 re
1179 1008 1398 1069 dixerit,
1430 1006 1723 1060 audiamus.
1746 1029 1771 1055 (ε
1793 1007 1847 1058 Si
1871 1007 2028 1077 lapsis
2047 1006 2308 1060 redeundi
2327 1008 2395 1060 ad
2414 1011 2664 1080 pristinos
2690 1027 2813 1082 gra--

542 1115 569 1143 ³>
598 1091 1027 1145 dus-conceditur
1045 1091 1272 1152 licentia,
1295 1090 1444 1159 vigor
1462 1090 1651 1159 procul
1669 1088 1835 1142 dubio
1857 1091 2141 1142 canonicae
2160 1090 2419 1161 frangitur
2438 1091 2760 1164 disciplinae.
2773 1118 2809 1143 »Ξ

538 1179 616 1229 Ac
653 1178 695 1238 si
733 1187 912 1247 aperte
960 1174 1184 1227 diceret:
1226 1193 1338 1225 non
1381 1191 1518 1243 nego
1551 1191 1705 1244 posse
1740 1171 1912 1225 redire
1944 1172 2116 1244 lapsos
2158 1173 2225 1226 ad
2260 1172 2502 1238 ordineS,
2544 1175 2647 1241 sed¹
2681 1175 2812 1228 dioc<

539 1280 649 1313 non
680 1279 802 1312 6556
820 1270 1205 1330 opportunum.
1240 1256 1459 1323 Quare?
1489 1256 1615 1327 quia
1640 1257 1792 1327 vigor
1815 1256 2002 1326 procul
2031 1255 2198 1308 dubio
2228 1258 2510 1310 canonicae
2541 1243 2811 1326 frangitur

539 1345 875 1415 disciplinae,
913 1341 1039 1394 dum
1078 1340 1422 1412 peccantibus
1454 1339 1785 1410 promittitur
1812 1339 1965 1391 venia
1986 1378 1999 1401 ,
2041 1358 2148 1409 qua
2183 1351 2357 1393 mente
2393 1352 2643 1411 percepta
2671 1342 2802 1393 inci-
2832 1373 2835 1375 -

540 1429 690 1499 piant
726 1427 829 1478 iam
871 1437 1086 1496 peccata
1122 1443 1234 1476 non
1266 1421 1571 1474 formidare.
1609 1420 1772 1488 Quod
1810 1422 1853 1473 si
1887 1422 2009 1493 quis
2039 1441 2067 1473 a
2099 1440 2180 1474 me
2223 1423 2506 1493 quaesierit
2541 1423 2607 1475 de
2643 1424 2819 1495 lapsis'

545 1523 842 1562 utrumnam
882 1508 1115 1579 reparari
1164 1506 1390 1559 debeant
1421 1523 1621 1568 necne,
1662 1524 1783 1558 cum
1819 1507 2055 1575 reparari
2092 1524 2245 1576 posse
2282 1506 2414 1557 nulli
2448 1506 2671 1559 dubium
2702 1509 2801 1572 sit,

539 1605 719 1645 utrum
749 1612 875 1644 vero
909 1590 1157 1663 expediat
1190 1591 1496 1661 ignoretur,
1537 1590 1641 1641 hoc
1670 1607 1699 1640 a
1724 1607 1806 1641 me
1838 1589 2057 1658 habebit
2091 1590 2363 1660 responsi:
2396 1589 2464 1642 ad
2491 1575 2801 1662 episcopum
2876 1659 2877 1662 Ἴ

539 1675 919 1728 recurrendum
950 1686 1025 1726 est
1046 1716 1058 1739 ,
1087 1674 1143 1725 in
1178 1674 1327 1725 cuius
1361 1671 1588 1724 dioecesi
1625 1684 1931 1737 morantur,
1970 1673 2026 1723 in
2065 1673 2213 1724 cuius
2239 1684 2493 1743 potestate
2518 1675 2618 1726 erit
2650 1686 2702 1726 et
2727 1694 2802 1727 ar·
2838 1671 2841 1675 ’

538 1760 729 1822 bitrio,
774 1770 952 1810 utrum
972 1758 1223 1849 ‘reparari
1269 1755 1498 1808 debeant
1528 1773 1714 1807 necne.
1763 1756 2004 1808 Ceterum
2032 1757 2127 1826 qui
2161 1756 2309 1807 aliter
2347 1756 2530 1809 turbas
2563 1757 2794 1822 faciunt,

539 1842 835 1914 pharisaico
872 1859 1015 1892 more
1048 1859 1100 1891 se
1125 1840 1266 1910 ipsos
1302 1837 1642 1891 iustificantes
1670 1850 1721 1890 et
1760 1838 1889 1890 alios
1919 1837 2395 1909 condempnanteS,
2436 1838 2655 1911 audiant
2681 1859 2793 1893 non

542 1945 625 1978 me
661 1926 751 1978 sed
796 1925 1078 1992 Dominum
1106 1923 1146 1952 ⁴‘
1135 1922 1455 1993 ,hypocrita
1486 1921 1612 1973 εἰὶσε
1636 1917 1881 1992 primum
1909 1922 2105 1973 trabem
2126 1922 2201 1974 de
2237 1922 2388 1974 oculo
2426 1933 2540 1986 tao,
2586 1935 2635 1975 et
2671 1935 2802 1976 tunc

536 2010 821 2081 perspicies
860 2019 919 2059 ut
954 2006 1145 2058 educas
1157 2008 1434 2074 festucam
1470 2004 1533 2055 de
1569 2005 1722 2056 oculo
1744 2005 1946 2074 fratris
1982 2006 2081 2056 tui.

965 2092 1042 2142 De
1078 2089 1259 2158 regula
1291 2088 1546 2140 canonica
1577 2086 1720 2139 unde
1756 2088 2034 2158 sumpserit
2067 2086 2368 2155 exordium.

655 2175 1009 2249 119.Bonizo
1040 2174 1337 2265 episcopus.
1378 2171 1689 2242 Antiquitus
1731 2189 1900 2241 usque
1937 2169 2004 2222 ad
2035 2171 2198 2221 sancti
2228 2170 2420 2222 Leonis
2453 2183 2621 2242 papae
2666 2142 2796 2223 tem-

539 2279 672 2332 pora
702 2257 1066 2318 subdiaconiS,
1111 2256 1235 2327 quia
1271 2273 1455 2307 manus
1480 2272 1603 2305 non
1610 2254 1921 2324 suscipiunt
1944 2253 2356 2324 impositionem,
2393 2272 2504 2305 non
2534 2254 2799 2325 negaban-
2852 2295 2855 2299 »

538 2356 627 2411 tur
652 2341 939 2395 connubia.
979 2341 1166 2391 Postea
1195 2356 1322 2390 vero
1357 2348 1622 2389 crescente
1659 2337 1941 2389 christiana
1971 2337 2252 2407 religione,
2294 2356 2405 2388 non
2443 2337 2614 2389 solum
2650 2339 2803 2390 mini·
2867 2334 2872 2341 ’

540 2427 659 2478 stris
687 2426 860 2477 altaris
889 2422 1211 2494 presbyteris
1245 2422 1353 2473 sive
1389 2419 1733 2483 diaconibus,
1768 2439 1948 2472 verum
1982 2420 2138 2471 etiam
2174 2420 2420 2471 ministris
2456 2407 2702 2472 vasorum
2727 2422 2804 2474 vi·-

539 2508 725 2560 delicet
749 2505 1160 2559 subdiaconibus
1194 2499 1530 2556 interdictum
1554 2503 1759 2572 legibus
1783 2521 1851 2555 ne
1876 2503 2074 2554 carnali
2099 2520 2152 2554 se
2172 2503 2422 2554 misceant
2440 2503 2784 2573 copulationi.

539 2592 736 2645 Ceteris
765 2609 889 2642 vero
922 2590 1119 2641 clericis
1154 2589 1210 2639 in
1247 2588 1358 2640 aliis
1396 2587 1673 2639 ordinibus
1704 2584 2009 2638 constitutis
2037 2603 2105 2636 ne
2141 2575 2404 2655 coniugali
2439 2586 2668 2638 serviant
2705 2606 2799 2638 co·
2851 2579 2854 2583 ¹

537 2675 694 2746 pulae
734 2671 1071 2725 interdictum
1115 2689 1226 2722 non
1258 2670 1504 2741 legimus,
1541 2670 1774 2740 exceptis
1809 2669 2011 2740 hisqui
2038 2679 2227 2739 sponte
2261 2668 2543 2721 canonicae
2581 2687 2636 2721 se
2663 2663 2794 2739 iugo

539 2759 749 2829 regulae
788 2751 1156 2808 submiserunt.
1204 2754 1344 2819 Quia
1375 2772 1501 2805 vero
1536 2772 1591 2805 se
1627 2753 1833 2805 occasio
1868 2753 2148 2823 praebuit,
2189 2751 2333 2804 unde
2369 2753 2498 2804 haec
2535 2753 2792 2820 canonica

540 2842 794 2894 habitatio
818 2840 1043 2910 primum
1069 2838 1348 2909 sumpserit
1366 2836 1663 2902 exordium,
1691 2836 1923 2889 breviter
1949 2836 1991 2888 si
2014 2847 2201 2907 potero
2223 2835 2503 2888 enarrabo.
2526 2835 2799 2889 Omnibus

514 2942 516 2944 ·
540 2926 634 2995 qui
659 2924 942 2994 scripturas
974 2941 1142 2973 sacras
1167 2922 1378 2990 legunt,
1412 2918 1571 2972 credo
1597 2920 1944 2984 notissimum,
1975 2918 2123 2989 quod
2147 2931 2269 2989 post
2295 2918 2509 2969 Domini
2533 2919 2796 2979 ascensio÷

538 3028 661 3060 nem
678 3050 691 3072 ,
719 3020 770 3059 et
795 3018 915 3078 post
939 3004 1220 3057 adventum
1249 3002 1675 3074 Spiritus‘sancti
1705 3002 1966 3072 paracliti,
2003 3001 2252 3071 apostolis
2277 2998 2504 3061 necdum
2525 3000 2583 3051 in
2608 3000 2792 3062 orbem
2821 3038 2826 3041 -

539 3104 799 3143 terraium
835 3088 1109 3160 dispersiS,
1158 3085 1511 3138 multitudinis
1545 3084 1870 3138 credentium
1912 3086 1968 3135 in
2011 3083 2203 3136 Iudaea
2248 3094 2360 3135 erat
2401 3102 2493 3135 cor
2534 3102 2701 3135 unum
2740 3096 2794 3136 et
2848 3081 2865 3084 ἡ

539 3175 709 3225 anima
746 3193 881 3236 una,
923 3191 1022 3224 nec
1060 3172 1341 3242 quisquam
1381 3188 1536 3221 suum
1574 3167 1777 3239 aliquid
1819 3186 1928 3220 esse
1969 3166 2205 3233 dicebat;
2247 3165 2338 3218 sed
2373 3177 2642 3237 quotquot
2673 3184 2795 3237 pos.-

540 3275 762 3308 sessores
795 3275 1041 3325 agrorum
1081 3266 1262 3317 erant,
1303 3252 1605 3306 vendebant
1629 3263 1681 3303 et
1698 3251 1970 3344 ponebant
1996 3250 2276 3321 pecuniam
2302 3248 2370 3300 ad
2402 3240 2565 3318 pedes
2587 3259 2797 3319 aposto·

538 3339 736 3401 lorum,
767 3350 818 3389 et
827 3296 1175 3388 edividebatur
1206 3336 1421 3406 singulis
1445 3345 1607 3405 prout
1640 3335 1832 3404 cuique
1863 3352 1998 3404 opus
2028 3344 2155 3384 erat.
2186 3331 2437 3383 Futuram
2468 3331 2607 3382 enim
2633 3331 2800 3383 eccle-

538 3422 664 3474 siam
701 3379 766 3473 de
791 3420 1033 3490 gentibus
1048 3377 1320 3490 'apostolio
1302 3417 1712 3490 praevidebant,
1739 3429 1790 3468 et
1814 3435 1867 3469 se
1892 3412 2234 3488 expellendos
2255 3432 2363 3470 esse
2387 3432 2417 3465 a
2441 3412 2634 3465 iudaea
2659 3414 2796 3466 scie-

537 3507 687 3569 bant,
716 3516 767 3555 et
792 3502 941 3554 ideo
929 3522 984 3553 in
1015 3502 1206 3554 Iudaea
1223 3500 1439 3573 praedia
1462 3520 1574 3553 non
1599 3512 1724 3552 sunt
1749 3499 1951 3571 adepti,
1974 3498 2066 3552 sed
2083 3509 2291 3553 tantum
2312 3497 2590 3589 pecuniam
2615 3494 2683 3548 ad
2714 3495 2791 3548 fo.-

538 3588 737 3641 vendos
779 3596 1020 3656 egentes;
1049 3587 1272 3636 maxime
1298 3603 1418 3637 cum
1448 3584 1713 3636 Dominus
1732 3583 1808 3635 eis
1821 3582 2165 3654 praecepisset
2189 3580 2423 3634 dicenst:
2454 3580 2523 3631 ite
2547 3580 2607 3635 in
2637 3597 2797 3631 mun-—
2828 3627 2830 3629 .

539 3673 669 3730 clam
708 3670 1035 3729 universam,
1073 3668 1381 3737 praedicate
1419 3666 1746 3737 evangelium
1777 3666 1929 3717 omni
1962 3676 2246 3717 creaturae.
2282 3664 2478 3715 Romae
2505 3679 2631 3713 vero
2655 3673 2788 3713 tem·

538 3754 760 3826 poribus
794 3750 995 3802 Urbani
1028 3749 1320 3819 pontificiS,
1359 3761 1487 3801 tunc
1518 3749 1746 3820 primum
1777 3749 1953 3820 coepit
1990 3747 2206 3800 ecclesia
2242 3745 2455 3817 praedia
2478 3743 2784 3816 possidere
2764 3783 2786 3806 ,

541 3858 659 3890 nam
696 3838 857 3888 instar
897 3833 1187 3927 primitivae
1226 3833 1500 3894 ecclesiae,
1535 3850 1753 3885 romana
1789 3832 2002 3886 eeclesia
2043 3829 2258 3903 praedia
2293 3847 2403 3883 non
2435 3825 2805 3899 suscipiebat,
