2944 4426
1196 268 1242 299 m
1274 263 1540 299 Pnov'mmu.

236 362 427 402 actarum
466 369 608 401 rerum
648 356 863 412 ipsiusque
902 355 1059 396 actoris
1098 352 1327 397 denotare:

237 443 365 486 quam
394 430 601 472 theoriam
629 439 702 470 seu
733 425 972 468 doctrinam
994 424 1093 480 puri
1113 437 1246 480 aeque
1269 429 1333 467 at-

239 513 322 556 que
349 500 503 556 impuri
517 530 529 554 ,
561 498 771 553 sapientes
800 507 850 538 ac
879 494 983 538 fatui
999 525 1012 547 ‚
1045 493 1101 538 ad
1121 507 1219 538 suae
1244 495 1333 537 ani·

237 583 331 614 mae
359 571 578 613 sanitatem
605 565 825 610 adhibent.
848 566 901 607 Et
932 565 1036 607 1111111
1064 564 1234 608 videtur
1263 564 1330 607 sa-

237 654 317 684 vus
332 672 345 695 ‚
365 642 557 696 ipsorum
574 639 852 692 negotiorum,
865 636 1008 678 locum
1028 640 1196 679 tenere:
1232 636 1333 679 hae-

238 726 336 756 rens
365 716 504 755 autem
536 711 575 752 ei
603 709 716 762 mel,
749 708 992 764 symbolum
1023 720 1112 750 esse
1140 705 1332 750 theoriae

237 785 444 841 ipsorum.
478 783 530 824 Et
558 781 680 823 favus
714 778 888 835 quidem
925 779 1202 835 praeteribit3
1234 791 1332 822 nam

238 854 400 898 caelum
419 884 431 906 ,
463 853 635 908 inquit,
668 856 711 894 et
739 856 854 894 terra
887 851 1211 907 praeteribunt:
1235 851 1334 907 ⁴mel

237 930 377 968 tamen
408 936 495 966 1103
527 922 798 979 praeteribit,
832 923 931 978 quia
950 922 1172 965 salvatoris
1199 923 1333 965 nostri

237 996 334 1038 Iesu
364 994 521 1037 Christi
551 993 680 1036 verba
708 1006 796 1035 non
817 993 1120 1048 praeteribunt.
1153 994 1216 1035 De
1237 993 1333 1048 qui-

237 1066 319 1108 hus
350 1064 453 1108 dicit
482 1065 707 1107 Salomon:
741 1065 824 1107 favi
853 1062 1010 1118 mellis,
1043 1063 1215 1119 pulchri
1243 1076 1334 1106 ser-

236 1149 413 1190 mones;
447 1140 489 1180 et
520 1136 702 1179 dulcedo
734 1136 922 1190 horum,
961 1137 1120 1179 animae
1149 1135 1330 1178 medela.

234 1208 375 1252 David
403 1209 554 1251 etiam:
582 1207 798 1261 dulciora,
823 1209 985 1263 inquit,
1014 1207 1209 1251 faucibus
1230 1208 1333 1249 meis

237 1278 409 1323 oracula
426 1284 498 1322 tua
511 1311 523 1332 ,
542 1279 640 1334 plus
656 1292 781 1333 quam
801 1279 883 1322 mel
906 1280 972 1321 ori
990 1291 1103 1321 mec.
1126 1279 1333 1322 Effectum

235 1363 339 1394 vero
368 1350 528 1393 laboris
557 1351 764 1392 virtutum
793 1355 920 1405 atque
950 1351 1147 1392 scientiae
1164 1381 1177 1402 ,
1212 1350 1334 1392 labo-

236 1434 327 1464 rem
356 1421 608 1464 nominavit.
642 1421 778 1474 Reges
807 1433 940 1476 porro
973 1425 1015 1463 et
1043 1421 1220 1474 idiotas,
1245 1434 1332 1463 non

235 1493 339 1536 dicit
367 1493 436 1534 vel
466 1505 539 1534 eos
569 1493 645 1547 qui
675 1491 913 1535 diademate
937 1497 1168 1546 ornantur,
1190 1492 1257 1535 vel
1280 1493 1332 1535 de

236 1563 502 1619 sterquilinio
533 1575 762 1618 pauperes;
795 1563 870 1606 sed
898 1563 1091 1606 homines
1129 1564 1202 1618 qui
1232 1576 1333 1619 erga

234 1636 372 1677 Deum
400 1639 584 1676 mentem
623 1634 731 1676 11636
761 1633 969 1676 6131111331
1009 1638 1138 1689 311136
1167 1625 1214 1676 in
1243 1635 1333 1677 vir-

235 1706 400 1750 tutibus
431 1706 697 1749 obfirmatam
727 1706 910 1760 habent,
952 1706 1031 1748 hos
1060 1717 1181 1760 reges
1212 1706 1328 1749 dicit.

295 1778 474 1819 Somnus
503 1777 574 1819 1116
603 1777 803 1820 rationali
831 1781 998 1819 tantum
1027 1777 1190 1819 animae
1209 1777 1334 1820 obre-

236 1849 316 1902 pit.
345 1849 536 1903 Namque
553 1848 646 1890 heic
669 1847 880 1902 significat
900 1848 1181 1905 insipientiam
1205 1853 1248 1891 et
1265 1850 1332 1891 in·

236 1919 413 1961 scitiam.
436 1920 660 1973 Evigilatio
680 1920 852 1974 quidem
873 1921 975 1963 facit
997 1921 1212 1964 hominem
1231 1925 1334 1963 tam-

238 2002 363 2046 quam
383 1991 665 2032 struthionem
695 1991 928 2033 solitarium
959 1992 1006 2033 in
1036 1991 1181 2034 domo.

294 2061 399 2103 Heic
420 2060 723 2103 attendendum
747 2066 832 2114 est,
859 2075 912 2104 ne
932 2063 1044 2104 forte
1067 2075 1118 2106 ex
1138 2063 1334 2105 huiusce-

234 2130 353 2174 modi
383 2132 575 2186 corporis
595 2132 785 2174 motibus
817 2137 1077 2186 cognoscant
1106 2133 1333 2177 adversarii

235 2202 513 2256 cogitationes
550 2203 661 2245 intra
697 2215 776 2245 nos
814 2208 1040 2247 versantes.
1080 2206 1188 2247 Nam
1229 2217 1330 2247 cor-

234 2272 354 2316 dium
390 2273 561 2328 quidem
599 2274 740 2316 solum
773 2275 909 2317 Deum
947 2276 1216 2330 cognitorem
1244 2288 1331 2319 esse

235 2343 458 2386 credimus.
1217 2332 1219 2339 Ι

294 2414 559 2469 Quicumque
599 2415 755 2457 Christi
797 2428 938 2459 631365
980 2416 1242 2472 manducat,
1288 2419 1330 2460 et

234 2486 324 2528 eius
354 2486 601 2539 sanguinem
619 2485 730 2528 bibit
745 2517 757 2539 ,
784 2488 1028 2541 sanguinem
1046 2488 1205 2530 iustum
1227 2501 1330 2544 pos-

234 2557 374 2610 sidet;
408 2570 495 2612 quo
536 2558 570 2599 si
600 2557 793 2612 privetur
823 2559 1041 2601 rationalis
1079 2560 1247 2614 anima,
1280 2574 1330 2603 ea

234 2629 344 2670 mori
373 2628 542 2671 dicitur.
576 2630 682 2671 Nam
711 2630 849 2681 anima
880 2642 989 2684 quae
1023 2636 1198 2686 peccat,
1236 2633 1330 2687 ipsa

233 2698 453 2741 morietur.
473 2742 476 2745 χ
496 2699 622 2751 Quod
657 2699 690 2741 si
722 2700 817 2754 quis
853 2701 1023 2755 sanguis
1053 2703 1193 2745 iustus
1235 2709 1326 2757 651,

234 2769 381 2823 utique
409 2770 488 2811 erit
517 2775 560 2812 et
587 2771 767 2812 iniustus
783 2802 795 2824 ‚
829 2783 954 2826 quem
989 2772 1072 2815 51111
1110 2774 1330 2817 attrahunt

235 2839 312 2893 qui
348 2839 575 2882 comedunt
613 2840 759 2884 datum
796 2843 841 2884 in
871 2856 1010 2886 escam
1038 2845 1210 2899 populis
1240 2847 1326 2888 Ae-

234 2910 432 2964 thiopum
457 2908 723 2966 (draconem)
743 2926 852 2967 pane
870 2915 1077 2957 mendacii
1101 2917 1322 2960 nutritum.

226 2982 286 3023 'Et
308 2993 407 3023 sane
430 2981 504 3035 qui
525 2980 605 3023 diis
620 2982 765 3026 3116315
780 2985 1036 3040 sacrificant,
1055 2988 1211 3030 iustum
1230 3001 1328 3032 5311-

235 3052 408 3106 guinem
440 3063 563 3093 suum
589 3054 892 3106 pessumdant:
921 3058 997 3112 qui
1027 3062 1168 3101 autem
1198 3062 1326 3102 semet

234 3122 485 3166 sacrificium
519 3123 610 3164 Deo
646 3123 726 3165 soli
763 3124 980 3182 offerunt,
1020 3129 1051 3174 ii
1080 3132 1325 3184 sanguinem

233 3193 438 3235 iniustum
460 3191 727 3247 disperdunt.
752 3194 1038 3251 Subsequetur
1056 3204 1196 3244 autem
1227 3214 1324 3243 om-

233 3264 334 3306 nino
359 3263 505 3305 iniusti
519 3263 733 3317 sanguinis
763 3269 1000 3321 corruptio.
1027 3270 1324 3315 Verumtamen

233 3335 279 3378 id
303 3335 469 3377 nonnisi
490 3339 707 3389 praesente
733 3339 923 3390 tempore
953 3339 1131 3393 accidit;
1160 3342 1234 3383 sed
1269 3343 1322 3384 ab

233 3407 354 3450 initio
374 3419 460 3448 non
480 3405 562 3447 fuit
583 3407 656 3447 516.
677 3407 770 3448 Νο3
792 3407 904 3448 enim
935 3408 981 3450 13
1003 3409 1143 3452 morbi
1172 3424 1323 3455 corru-

232 3478 379 3531 ptione
409 3476 609 3518 valetudo
635 3489 866 3531 puerorum
888 3478 968 3520 fuit
983 3509 995 3532 ‚
1020 3480 1096 3534 qui
1122 3482 1213 3523 sani
1239 3483 1323 3525 ini-

231 3548 293 3590 tio
312 3547 444 3602 geniti
461 3547 650 3590 fuerunt.

288 3619 572 3674 Reprehendit
603 3623 750 3662 mutua
782 3619 997 3663 mendacia
1014 3651 1027 3675 ,
1062 3634 1183 3677 quae,
1206 3615 1323 3679 ipsos

231 3690 291 3733 ad·
318 3689 641 3746 disceptationes
678 3691 904 3734 conferunt
943 3696 1071 3748 atque
1101 3694 1208 3737 lites.
1242 3696 1321 3738 Vel

2444 261 2498 306 11

1403 349 1572 411 λίσσης,
1603 372 1675 403 την
1701 349 1863 418 Θεωριαν
1896 359 1968 404 τῶν
1993 354 2203 420 γεγονότων
2230 355 2414 421 σημαίνει
2438 380 2504 408 και

1402 445 1525 472 αυτου
1556 426 1623 470 τοῦ
1654 444 1916 481 ποιησαντος,
1949 427 1995 473 ἦν
2029 448 2116 476 τινα
2147 449 2214 476 και
2238 427 2409 515 not-&ape
2401 453 2412 478 ι
2438 452 2504 478 και

1402 490 1648 559 ἀκάθαρτοι,
1680 514 1748 542 και
1781 514 1890 560 σοφοι
1919 516 1986 543 και
2019 494 2195 562 ἀνόητοι,
2220 519 2313 563 προς
2341 521 2410 551 την
2434 503 2506 556 τῆς

1402 566 1535 626 ψυχῆς
1562 560 1694 629 υγεῖαν
1719 583 2014 631 προσφερονται·
2046 588 2109 616 και
2135 588 2311 632 φαινεται
2336 591 2408 632 μεν
2442 593 2504 634 μοι

1403 637 1422 682 ὅ
1452 654 1566 699 κηρος
1589 671 1601 692 ‚
1635 634 1765 682 αὐτῶν
1797 656 1899 684 των
1894 634 2147 699 πραγμάτων
2180 635 2269 702 >Azy
2274 660 2293 684 ν
2333 637 2504 704 ἐπέχειν·

1405 725 1447 754 το
1480 706 1514 752 δ’
1549 702 1852 767 ἑναποκειμενον
1871 707 1980 767 αὐτῷ
2008 704 2127 767 με’λι..
2167 704 2340 769 συμβολο
2344 731 2364 757 ν
2403 732 2504 760 ειναι

1403 778 1476 828 τῆς
1500 777 1659 840 θεωρίας
1668 777 1825 824 αὐτῶν·
1846 797 1956 823 καιο
1938 774 2055 839 ὃμὲν
2075 775 2188 842 κηρὸς
2207 779 2502 843 παρελεύσεται·

1401 848 1421 894 ὅ
1454 844 1616 910 οὐρανὸς
1652 866 1726 910 γαρ
1748 882 1760 905 ‚
1794 868 1918 914 φησι,
1956 868 2021 894 και
2050 847 2076 899 ἦ
2108 850 2160 912 γῆ
2196 848 2503 913 παρελευσεται·

1403 913 1450 966 to*
1486 911 1530 964 δε
1565 913 1655 977 μέλι
1694 918 1736 965 εὑ
1766 912 2070 983 παρελευσεται·
2105 915 2191 966 οὐδε
2223 941 2299 986 γαρ
2334 923 2368 967 οἷ
2399 919 2503 986 λέγει

1403 983 1615 1066 παρελευσο
1620 1007 1706 1036 νται
1739 991 1805 1037 τοῧ
1830 989 2002 1054 σωτῆρος
2025 988 2128 1052 τιμῶν
2154 991 2283 1040 'Iacca
2312 995 2502 1056 Χριστοῦ·

1403 1078 1488 1122 περ(
1515 1053 1568 1104 ὡν
1601 1056 1744 1121 λεγει“
1726 1080 1744 1105 ο
1771 1058 2000 1121 Σολομῶνἰ
2006 1076 2016 1088 ·
2043 1080 2154 1123 κηρια
2186 1057 2366 1122 μέλιτος,
2400 1058 2504 1127 λέγει

1401 1124 1518 1175 καλε’
1484 1146 1534 1175 ι·
1567 1124 1781 1193 γλυκασμα
1819 1126 1861 1176 de
1898 1130 2024 1177 αὐτων
2047 1165 2061 1187 ,
2095 1129 2205 1185 ἰἀσις
2250 1135 2394 1195 ψυχῆς·
2439 1155 2504 1182 και

1403 1220 1421 1246 o
1455 1194 1585 1246 Δαυιό
1605 1200 1648 1255 4.,
1682 1198 1732 1253 ὦς
1764 1197 1979 1265 γλυκύτερα
2009 1221 2102 1266 φησι
2130 1223 2184 1264 τῳ
2209 1199 2376 1268 λάρυγγί
2406 1221 2506 1266 μους

1404 1265 1457 1317 τὰ
1489 1265 1602 1332 λόγια
1636 1291 1706 1317 σου
1739 1266 1833 1334 ὑπερ
1864 1268 1954 1332 μέλι
1989 1274 2043 1334 τῷ
2072 1269 2249 1332 στόματί
2270 1292 2360 1334 μου·
2395 1297 2439 1323 το
2465 1273 2504 1322 δὲ

1404 1337 1659 1401 ἀποτελεσμα
1692 1344 1760 1389 τοῦ
1790 1363 1905 1390 πονου
1937 1364 2012 1390 των
2043 1341 2188 1406 ἄρετων
2220 1365 2285 1390 και
2316 1365 2387 1399 της
2411 1367 2509 1411 γνω-

1404 1431 1499 1463 σεως
1521 1447 1533 1470 ,
1568 1427 1682 1460 πονεν
1719 1409 1918 1474 ωνᾶμασε·
1963 1415 2149 1472 βασιλεῖς
2182 1409 2226 1461 ὂὲ
2263 1436 2327 1463 και
2349 1454 2362 1473 ,,
2399 1413 2509 1464 idam-

1404 1501 1474 1534 τας
1499 1517 1511 1538 ‚
1546 1482 1589 1528 οὐ
1626 1503 1665 1529 τ.
1671 1504 1712 1536 υς
1749 1503 1792 1530 το
1833 1481 2004 1544 διάδημα
2042 1483 2209 1546 ἔχοντας
2231 1520 2243 1542 ‚
2277 1507 2302 1532 ·a
2341 1508 2430 1541 τους
2469 1488 2508 1535 ἓν

1401 1547 1541 1614 κοπρῖοι
1573 1572 1743 1606 πενητας
1777 1550 1903 1617 λέγει,
1937 1551 2044 1601 ἀλλὰ
2074 1551 2160 1609 τοὺς
2192 1576 2287 1620 προς
2320 1578 2389 1606 τον
2421 1554 2508 1606 θεον

1403 1642 1470 1669 τον
1495 1642 1533 1668 νο
1537 1643 1580 1669 υν
1607 1619 1879 1689 σεσοφισμένον
1903 1645 1966 1671 και
1993 1622 2199 1691 ε’ῥρωμένον
2226 1647 2317 1680 ταις
2342 1627 2508 1692 οἷρεταις

1404 1690 1610 1754 ἔχοντας,
1641 1696 1826 1754 βασιλεις
1859 1690 1982 1761 λεγει.

1472 1765 1524 1811 Ὁ
1561 1763 1654 1813 ὕπνο
1660 1786 1678 1818 ς
1715 1768 1830 1820 οὗτος
1865 1785 1965 1829 μονῃ
2002 1762 2164 1838 πέφυκεν
2202 1766 2506 1829 ε’ωισυμβαινειν

1403 1835 1515 1897 ψυχῇ
1556 1837 1703 1898 λογικῇ·
1747 1856 1932 1897 σημαινει
1978 1841 2053 1902 γάρ
2091 1837 2266 1885 ἐνταῦθα
2304 1834 2506 1924 [αγνοι]οιν

1401 1924 1469 1951 και
1507 1903 1721 1969 ἀγνωσιαν·
1761 1902 1812 1953 ὡν
1849 1905 1874 1957 ἦ
1909 1903 2107 1972 α’γρυπνια
2151 1929 2246 1957 ποιει
2294 1928 2405 1968 τινα,
2451 1912 2502 1967 ὡς

1404 1972 1579 2039 ςρουθίον
1615 1972 1781 2038 μοναζον
1817 1973 1878 2026 ἐπι
1917 1977 2110 2038 δώματος.

1472 2044 1714 2110 Προσεκτέον
1741 2047 1912 2096 ἐνταυθα
1934 2070 1991 2108 μη
2014 2070 2108 2098 ποτε
2133 2049 2213 2112 ἄρα
2237 2046 2302 2097 διὰ
2328 2071 2401 2099 των
2428 2071 2504 2100 τοι·

1403 2135 1524 2163 ευτων
1556 2113 1776 2179 κινημάτων
1810 2120 1878 2166 τοῦ
1901 2138 2082 2181 σωματος
2112 2140 2346 2184 γινωσκωσιν
2372 2123 2404 2169 οἱ
2431 2123 2504 2168 ἀν-

1403 2205 1607 2247 τικειμενοι
1634 2209 1722 2243 τους
1745 2189 1873 2237 αυτῶν
1898 2187 2142 2270 λεγισμους’
2128 2211 2167 2237 εν
2191 2193 2286 2252 ἧμιν
2312 2190 2503 2278 ςρεφεμέ-

1400 2275 1505 2310 νευς·
1539 2254 1670 2309 ἐπειδη
1702 2253 1984 2324 καρδιογνῶςην
2017 2259 2129 2322 μόνον
2161 2282 2228 2310 τον
2260 2259 2358 2309 θεον
2384 2285 2501 2313 πεπι-

1402 2348 1600 2389 ς-ευκαμεν
1640 2322 1755 2416 εἶναι.
2193 2380 2195 2382 ,

1473 2401 1565 2453 Πᾶς
1595 2401 1614 2447 ὁ
1636 2397 1806 2479 τρωγων
1839 2421 1914 2455 τας
1946 2398 2094 2467 σάρκας
2134 2422 2202 2449 του
2234 2405 2412 2466 Χριστου
2435 2426 2501 2452 και

1401 2463 1522 2516 πίνων
1546 2491 1590 2518 το
1616 2492 1721 2533 αιμα
1746 2472 1866 2519 αὐτοῦ
1889 2474 1951 2534 1),
1974 2493 2119 2520 κταται
2144 2494 2251 2535 αιμα
2277 2470 2437 2521 δικαιεν·
2459 2470 2503 2521 οῧ

1402 2559 1678 2627 στερισκομενη
1711 2539 1823 2606 ψυχη
1855 2539 2008 2608 loyca-n,
2035 2539 2193 2605 λεγεται
2226 2541 2500 2596 ἀπεθνησκειν·

1400 2608 1511 2672 ψυχῇ
1541 2631 1651 2677 γαρ,
1685 2633 1828 2679 φησιν,
1862 2635 1888 2664 ‘n
1921 2609 2228 2702 ἁμαρτανευσα,
2261 2636 2364 2665 αυτη
2403 2618 2500 2665 ἀπο-

1398 2684 1604 2731 θανεῖται·
1641 2685 1674 2729 εὶ
1706 2680 1800 2731 de*
1782 2705 1890 2733 εστιν
1921 2706 2027 2746 αιμα
2060 2681 2182 2732 ὂικαιε
2167 2706 2232 2742 ν,
2267 2683 2353 2734 ἔστι
2385 2687 2498 2737 δηλο-

1399 2748 1480 2800 νότι
1511 2773 1578 2799 και
1609 2775 1715 2815 αιμα
1752 2753 1899 2802 ἄδικον·
1931 2757 2025 2821 οπερ
2061 2776 2292 2819 συναγουσιν
2331 2758 2370 2803 ἐν
2408 2756 2498 2803 ἔαυ-

1400 2842 1480 2878 τοις
1513 2844 1546 2870 οι
1577 2822 1859 2881 μτεσθῖοντες
1898 2848 1942 2876 το
1986 2822 2186 2887 δεδομενον
2215 2828 2356 2890 βρωμα
2387 2830 2496 2880 λαοῖς

1398 2895 1481 2947 τοῖς
1505 2891 1725 2957 Acffiogbtf'·
1750 2915 1817 2942 και
1844 2892 2070 2962 τρεφόμενον
2098 2916 2150 2959 τῳ
2175 2894 2280 2961 ἄρτῳ
2306 2919 2374 2945 του
2403 2894 2496 2959 ψευ-

1397 2963 1437 3008 δο
1423 2981 1504 3017 υς·
1537 2984 1601 3012 και
1638 2986 1671 3012 οι
1704 2984 1775 3027 μεν
1811 2965 1886 3013 θύο
1871 2987 1974 3019 ντες
2008 2969 2120 3019 θεεις
2157 2964 2375 3031 ἀλλοτριοις
2396 3004 2409 3022 .,
2450 2966 2493 3014 τὲ

1397 3028 1583 3080 δῖκαιον“
1569 3037 1719 3084 εαυτῶν
1743 3031 1848 3097 αἱμα
1872 3033 2249 3085 καταναλισκουσιν·
2275 3058 2307 3084 οι
2333 3034 2419 3084 δὲ(
2402 3057 2494 3084 εαυ-

1398 3122 1480 3157 τοις
1511 3101 1661 3154 &velow
1694 3108 1747 3168 τῷ
1776 3104 1879 3169 μόνῳ
1902 3108 1989 3169 3εῷ
2008 3144 2020 3166 ,
2060 3128 2102 3155 το
2140 3105 2271 3154 ἄδικον
2309 3103 2496 3172 διαφθεῖ-

1393 3193 1522 3237 ρουσιν
1567 3195 1691 3237 αιμα·
1738 3174 1996 3229 ἀκολουθήσει
2042 3174 2083 3224 δε
2121 3174 2281 3231 (πάντως
2331 3180 2380 3242 τῇ
2423 3200 2495 3240 μεν

1395 3248 1472 3309 φὲε
1457 3248 1525 3308 ρᾷ
1557 3249 1624 3294 τοῦ
1650 3243 1782 3294 ἀδικου
1794 3248 1998 3310 αἵματος·
2025 3244 2135 3295 ἀλλα
2157 3269 2271 3297 τουτο
2294 3268 2366 3310 μεν
2391 3245 2495 3298 ποίν-

1395 3336 1470 3367 τως
1508 3337 1576 3364 νυν
1619 3313 1760 3384 πέφυκε
1805 3314 2022 3381 γινεσὲαι,
2053 3315 2134 3366 ἅσς’
2171 3315 2299 3383 ἀρχῆς
2345 3315 2382 3366 δὲ
2423 3322 2494 3382 εὐχ

1394 3386 1513 3438 οὕτως
1566 3386 1608 3434 ου’
1646 3386 1724 3472 γὰρ
1757 3408 1862 3436 κατα
1897 3386 2047 3454 φθοραν
2080 3385 2226 3446 νόσοι).1
2266 3386 2379 3453 ὑγεια
2418 3411 2492 3438 των

1395 3451 1576 3515 ωαιὸων,
1623 3454 1728 3518 μετοὶ
1777 3461 1846 3512 τῆς
1888 3455 2025 3522 ὗγεῖας
2066 3460 2134 3507 οἶες
2180 3460 2306 3524 ἀρχῆς
2356 3457 2490 3508 τικτέ-

1393 3543 1484 3584 μενς
1488 3546 1523 3571 ν.
2419 3543 2423 3546 ”

1462 3593 1700 3654 Διαβάλλων
1722 3594 1764 3645 τὸ
1781 3599 1915 3660 ψεῧόες
1935 3595 2139 3658 ἀλλήλοις,
2158 3597 2302 3654 αὐτοὺς
2325 3601 2380 3654 εἷς
2398 3603 2485 3648 δια-

1391 3662 1536 3731 κρίσεις
1568 3664 1669 3733 φέρει
1701 3664 1767 3715 καὶ
1800 3667 2034 3724 α’ντιόικῖας·
2065 3666 2091 3738 ἢ
2121 3667 2278 3736 ἀδελφοί
2317 3671 2413 3718 εἰσιν
2451 3668 2485 3716 οἷ

307 3795 335 3834 ι)
357 3795 481 3827 Rursus
502 3795 650 3835 Origenis
667 3795 706 3827 de
725 3804 766 3828 ss.
791 3796 989 3830 eucharistia
1010 3799 1168 3832 sententia
1189 3799 1369 3842 catholica,
1392 3809 1490 3842 quam
1513 3802 1545 3834 et
1566 3801 1598 3833 in
1621 3802 1693 3834 aliis
1715 3802 1860 3836 eiusdem
1879 3804 2008 3846 scriptis
2027 3805 2092 3838 late
2114 3807 2246 3847 exponit
2267 3808 2364 3846 atque
2385 3802 2494 3839 tuetur

230 3846 367 3879 nuetius
388 3847 423 3879 111
443 3847 638 3889 origenianis
660 3848 718 3880 lib
740 3849 782 3880 11
806 3847 933 3882 dissert.
954 3851 1038 3884 xlv.
1061 3856 1089 3884 ‘2

2550 1081 2663 1110 'l'rov.
2687 1083 2766 1111 XVI.
2780 1087 2808 1111 24
2816 1104 2823 1111 .

2553 1221 2834 1253 Ps.cxvffl.103

2551 1778 2579 1799 V.
2598 1775 2624 1799 9.

2549 1806 2618 1836 cod.
2640 1806 2660 1836 f.
2681 1811 2724 1836 31.
2745 1815 2774 1838 a.

2547 2062 2577 2082 v.
2579 2053 2582 2055 “
2599 2058 2640 2083 13.

2546 2089 2614 2119 eod.
2635 2090 2654 2118 s.
2675 2095 2719 2119 32.
2739 2098 2768 2119 a.

2547 2434 2576 2455 v.
2595 2431 2637 2456 17.

2542 2916 2613 2944 ·Ps.
2630 2917 2764 2946 Lxxm.
2777 2921 2818 2946 11.

2530 3611 2558 3631 v.
2582 3608 2623 3633 11)

2528 3638 2597 3669 cod.
2623 3639 2644 3668 1
2665 3637 2746 3668 321)
