2996 4432
396 1269 411 1285 *
430 1267 472 1296 ita
489 1266 558 1296 cod.

325 1440 334 1450 ⁴
355 1437 421 1467 cod.
440 1437 558 1467 nobilis.

604 249 660 296 18
1558 255 1616 287 nx
1650 254 1778 288 uano
1810 255 1860 288 n.

601 343 783 396 eodem
821 341 977 394 calice
1013 357 1215 400 crucem
1253 338 1475 402 faciem,
1515 339 1659 391 iuxta
1694 338 1868 391 oblata
1902 337 1969 391 ad
2003 337 2267 393 dexteram
2303 329 2502 411 partem
2539 342 2685 395 illum
2721 344 2819 395 im-

601 436 764 497 ponat
783 465 796 489 ,
824 435 876 476 et
900 422 1125 494 desuper
1160 421 1358 474 mundo
1382 422 1679 475 linteamine
1701 421 1999 492 cooperiat;
2029 434 2082 476 et
2103 424 2206 477 hoc
2229 435 2449 495 propter
2477 425 2817 483 munditiam:

601 518 830 559 ceterum
863 503 1150 557 secundum
1188 523 1379 557 meram
1423 504 1688 557 veritatem
1707 543 1721 567 ,
1759 514 1813 555 et
1848 504 2136 557 secundum
2171 525 2439 560 romanam
2486 507 2823 563 consuetudi-

600 608 722 642 nem
741 628 756 651 ,
783 587 929 651 nullo
965 587 1234 658 opertorio
1259 586 1416 640 debet
1438 586 1615 642 velari.
1658 587 1782 638 Post
1815 584 2211 641 odoramentum
2235 589 2402 643 thuris
2433 589 2489 642 in
2524 591 2822 657 memoriam

600 671 855 743 passionis
891 669 1115 734 Christi,
1154 670 1235 721 vel
1270 667 1420 740 quod
1454 668 1617 720 multo
1659 667 2037 738 significantius
2071 681 2179 734 est,
2218 672 2482 727 orationes
2532 673 2828 743 significans

600 754 938 818 sanctorum⁸‚·
964 771 1124 824 super
1158 752 1332 804 oblata
1366 763 1419 804 et
1454 751 1665 804 calicem
1699 750 2051 822 sollempniter
2086 754 2403 824 impositum.
2442 757 2507 808 Et
2541 767 2825 827 postquam

601 838 739 890 lenta
781 854 909 889 voce
950 836 1145 898 clerum
1193 846 1244 889 et
1287 834 1543 907 populum
1585 833 1655 886 ad*
1694 832 2022 887 adorandum
2054 836 2391 903 invitaverit,
2439 838 2828 893 obsecrationes

602 938 738 991 quae
773 937 929 990 super
961 918 1138 971 oblata
1173 918 1422 970 dicuntur
1456 928 1650 971 secrete
1685 917 1901 988 incipiat
1936 918 2173 971 recitare.

708 1002 792 1072 37.
816 1001 1026 1067 Quibus
1047 1001 1208 1053 finitis
1226 1041 1238 1063 ,
1268 1000 1614 1071 praefationes
1636 1000 1852 1072 incipiat
1875 1019 1986 1065 non
2011 1001 2316 1071 histrionico
2341 1003 2447 1057 ritu
2472 1005 2827 1059 harmonizan-

603 1083 674 1136 do
698 1084 1013 1148 decantatis,
1051 1103 1162 1136 non
1197 1102 1322 1135 cava
1357 1101 1483 1135 nare
1518 1083 1676 1135 verba
1710 1082 2071 1148 subsannans,
2099 1102 2210 1138 non
2246 1086 2317 1140 ita
2340 1073 2650 1140 tenuiter'ut
2683 1088 2770 1140 vix
2793 1106 2823 1139 a

605 1167 1056 1220 circumstantibus
1079 1167 1241 1238 possit
1264 1164 1464 1229 audiri,
1503 1183 1600 1218 nec
1624 1178 1728 1219 tam
1753 1166 1974 1221 clamose
1989 1208 2004 1232 ,
2044 1180 2104 1222 ut
2128 1188 2158 1221 a
2182 1187 2311 1222 voce
2340 1170 2560 1223 transire
2583 1182 2826 1242 oporteat

606 1251 673 1304 ad
708 1250 968 1322 graetilem
989 1250 1029 1314 *,
1069 1248 1159 1301 sed
1196 1247 1521 1301 considerata
1555 1248 1910 1320 magnitudine
1947 1251 2190 1305 ecclesiae
2223 1263 2277 1305 et
2308 1251 2641 1306 multitudine
2666 1271 2829 1327 popu-

606 1337 809 1399 lorum,
849 1337 923 1388 sic
958 1354 1147 1387 sonora
1183 1334 1451 1398 decantet,
1479 1347 1539 1388 ut
1573 1335 1640 1388 ab
1676 1336 1921 1391 omnibus
1956 1334 2205 1388 decenter
2240 1336 2405 1406 possit
2438 1334 2639 1399 audiri;
2674 1337 2726 1387 et
2760 1335 2827 1402 ad
2900 1374 2901 1378 ,

606 1437 746 1471 aram
781 1417 1117 1488 simplicitatis
1142 1417 1391 1469 accedens
1408 1458 1420 1481 ‚
1449 1418 1595 1470 nulla
1624 1420 1688 1471 sit
1711 1418 2013 1490 duplicitate
2050 1418 2295 1470 notabilis
2319 1418 2358 1470 *.
2389 1418 2454 1470 Et
2477 1418 2580 1470 hoc
2604 1417 2703 1470 sibi
2736 1419 2831 1486 sol-

607 1503 764 1555 lerter
800 1499 1087 1553 cavendum
1125 1512 1233 1563 est,
1260 1519 1328 1552 ne
1363 1500 1490 1553 dum
1525 1501 1776 1573 lacrymas
1811 1502 1920 1554 vult
1945 1501 2155 1565 elicere,
2183 1501 2339 1553 immo
2364 1520 2488 1553 vero
2511 1512 2829 1572 extorquere

606 1585 793 1637 invitas
811 1624 824 1648 ,
864 1584 920 1634 in
957 1594 1246 1654 conspectu
1270 1584 1503 1635 omnium
1526 1584 1785 1655 singultus
1808 1587 2006 1638 emittat
2022 1626 2035 1648 ‚
2062 1602 2154 1636 ora
2181 1575 2539 1655 distorqueat:
2570 1584 2829 1654 lacrymae

607 1668 745 1720 enim
781 1666 1199 1738 compunctionis
1232 1685 1342 1718 non
1376 1665 1570 1720 debent
1600 1668 1903 1740 extorqueri
1935 1665 2027 1720 sed
2058 1667 2375 1737 promereri3
2413 1677 2465 1718 et
2494 1666 2690 1737 quibus
2713 1684 2830 1738 pro-

605 1751 854 1812 veniunt,
898 1768 1009 1801 non
1044 1749 1215 1811 tristes
1257 1747 1519 1813 reddunt,
1560 1749 1651 1803 sed
1695 1750 1870 1805 videas
1910 1768 2001 1803 eos
2035 1768 2103 1802 ex
2147 1751 2274 1801 fletu
2320 1749 2647 1816 hilarescere.
2688 1750 2856 1802 Dum.

606 1851 728 1885 vero
753 1832 1015 1899 orationes
1039 1849 1229 1884 canens
1247 1831 1399 1883 tacite
1427 1831 1681 1902 inceperit
1711 1834 1926 1886 recitare
1943 1874 1956 1898 ‚
1985 1833 2178 1904 quibus
2211 1832 2446 1885 caelestia
2476 1833 2697 1884 terrenis
2721 1832 2832 1885 iun-

607 1927 832 1986 guntur,
871 1926 921 1966 et
958 1913 1025 1966 ad
1063 1933 1284 1985 quarum
1315 1932 1494 1985 preces
1526 1914 1688 1967 verbo
1731 1916 1827 1968 Dei
1866 1926 2182 1987 cooperante
2222 1916 2442 1967 creantis
2480 1914 2683 1978 omnia,
2727 1932 2834 1966 ma-

607 2000 757 2051 teries
787 1999 935 2069 panis
978 2009 1029 2050 et
1061 1997 1168 2048 vini
1208 1995 1496 2049 secundum
1538 1997 1732 2049 Christi
1772 1997 2051 2050 veridicam
2092 2016 2273 2050 vocem
2310 1998 2364 2049 in
2396 2015 2592 2067 corpus
2624 2007 2675 2049 et
2710 2015 2828 2050 san*-

606 2083 812 2152 guinem
848 2081 1250 2142 transformatur
1282 2079 1514 2132 eiusdem
1551 2079 1748 2132 domini
1784 2081 1950 2133 nostri
1986 2081 2103 2132 lesu
2140 2080 2362 2143 Christi,
2401 2091 2542 2152 totus
2563 2075 2656 2133 'ibi
2698 2080 2825 2134 assi-

607 2176 706 2216 stat
729 2165 783 2229 in
810 2162 1225 2222 consideratione
1253 2162 1457 2214 divinae
1481 2162 1884 2227 misericordiae,
1912 2174 1963 2215 et
1985 2163 2040 2214 in
2064 2163 2554 2215 commemoratione
2579 2163 2834 2234 passionis

608 2260 658 2300 et
683 2247 1075 2300 resurrectionis
1105 2259 1155 2299 et
1180 2246 1492 2300 ascensionis
1516 2244 1743 2298 eiusdem
1777 2244 1974 2297 domini
2005 2246 2170 2297 nostri
2204 2246 2317 2297 Iesu
2355 2245 2576 2309 Christi;
2616 2263 2833 2315 sperans

608 2341 657 2382 et
693 2322 790 2400 pro
827 2341 970 2382 certo
1003 2329 1168 2382 sciens
1188 2370 1200 2392 ,
1241 2329 1362 2400 quia
1398 2329 1530 2381 sicut
1564 2329 1704 2381 Deus
1736 2346 1832 2399 per
1859 2327 2151 2398 passionem
2181 2325 2445 2398 'unigeniti
2478 2326 2569 2378 filii
2604 2327 2685 2378 sui
2711 2323 2833 2397 'gra-

606 2414 741 2465 tuito
772 2412 969 2464 mundo
990 2413 1241 2464 subvenit
1282 2411 1488 2483 perdito
1509 2452 1523 2475 ,
1562 2412 1640 2464 sic'
1669 2410 1860 2464 cotidie
1893 2429 1989 2481 per
2026 2409 2254 2463 eiusdem
2285 2409 2375 2462 filii
2412 2410 2490 2473 sui
2524 2428 2833 2462 commemo-

605 2496 857 2547 rationem
890 2495 1176 2565 passioniS,
1212 2495 1445 2546 virorum
1481 2493 1711 2546 fidelium
1743 2512 1802 2545 ac
1840 2492 2207 2545 defunctorum
2242 2492 2439 2545 relaxet
2468 2491 2670 2544 delicta.

714 2578 797 2631 38.
828 2577 998 2628 Finito
1025 2596 1148 2628 vero
1174 2595 1375 2628 canone
1392 2618 1404 2641 ,
1432 2587 1709 2647 postquam
1733 2575 1800 2629 ad
1824 2595 1942 2628 eum
1966 2576 2138 2629 locum
2158 2586 2374 2628 ventum
2394 2586 2498 2639 est,
2526 2575 2620 2628 ubi
2640 2576 2840 2646 'episco-5

608 2678 707 2730 pus
745 2678 935 2730 corpus
979 2660 1188 2711 Domini
1230 2678 1385 2730 super
1422 2670 1663 2729 patenam
1703 2660 1760 2712 in
1798 2670 1905 2711 tres
1943 2657 2131 2711 dividit
2170 2658 2471 2728 portiones,
2512 2669 2634 2710 ante
2676 2676 2832 2729 quam

599 2742 912 2812 particulam
940 2754 1104 2813 ponat
1127 2743 1182 2793 in
1217 2743 1454 2804 calicem,
1492 2741 1880 2795 benedictiones
1906 2760 2063 2813 super
2087 2742 2281 2793 clerum
2305 2752 2357 2827 et
2386 2742 2643 2812 populum
2679 2741 2832 2802 iaciat

608 2825 944 2895 pontificales
985 2826 1188 2888 Dehinc
1223 2825 1324 2877 alta
1358 2843 1486 2877 voce
1526 2824 1691 2877 dicat:
1726 2836 1775 2876 et
1799 2844 1919 2895 pam
1953 2825 2072 2875 eius
2104 2824 2176 2876 sit
2203 2842 2406 2896 semper
2438 2823 2712 2877 vobiscum.
2749 2823 2832 2875 Sic

610 2919 771 2976 ponat
794 2908 1098 2978 particulam
1126 2908 1180 2959 in
1211 2908 1446 2970 calicem,
1476 2918 1527 2959 et
1551 2906 1897 2959 communicet
1927 2919 2032 2959 tam
2060 2908 2173 2980 ipse
2204 2926 2361 2981 quam
2386 2907 2543 2959 ceteri
2573 2906 2826 2970 ministri;

610 3002 658 3041 et
688 2992 776 3043 tali
795 2990 1007 3061 quidem
1040 2990 1252 3055 ordine,
1276 3002 1337 3042 ut
1362 2991 1656 3062 presbyteri
1685 3002 1738 3043 et
1765 2989 1970 3043 diaconi
1996 3001 2116 3060 post
2139 3000 2410 3060 acceptum
2435 3000 2828 3053 sacramentum,

608 3074 673 3124 ab
709 3075 952 3145 episcopo
988 3075 1131 3144 pacis
1167 3074 1539 3134 confirmentur
1574 3072 1783 3139 osculo;
1815 3071 2125 3124 subdiaconi
2154 3089 2279 3123 vero
2310 3067 2451 3136 non,
2478 3070 2570 3124 sed
2593 3072 2727 3131 sicut
2759 3089 2833 3123 ce-

607 3158 703 3208 teri
729 3157 902 3208 clerici
925 3158 1005 3209 vel
1031 3158 1147 3208 laici
1173 3157 1406 3229 similiter
1435 3157 1693 3228 accipiant
1716 3155 2153 3207 communionem.
2177 3155 2301 3206 Post
2325 3165 2588 3224 acceptam
2611 3168 2833 3205 commu-
2896 3194 2899 3198 .

592 3239 815 3290 inionem
839 3279 850 3301 ,
890 3240 1170 3307 gratiarum
1207 3239 1409 3291 actione
1446 3239 1799 3309 sollempniter
1835 3239 1947 3290 Deo
1971 3238 2109 3310 patri
2133 3235 2336 3290 reddita
2357 3276 2373 3301 ‚
2401 3235 2540 3290 dicat
2581 3235 2832 3290 diaconus

610 3320 675 3372 ad
710 3322 994 3391 populum:
1028 3322 1124 3384 ite,
1172 3323 1334 3374 missa
1369 3334 1474 3384 θείς
1501 3333 1552 3374 et
1577 3322 1648 3385 sic
1672 3322 1823 3373 missa
1848 3339 1943 3373 suo
1966 3318 2156 3385 ordine
2185 3320 2415 3372 finiatur.
2449 3319 2503 3371 Si
2529 3335 2651 3372 vero
2675 3320 2834 3390 possi-

609 3403 780 3454 bilitas
804 3403 1044 3456 ecclesiae
1069 3415 1146 3455 tot
1177 3403 1504 3456 sacerdotum
1537 3415 1590 3469 et
1612 3404 1882 3467 levitarum
1905 3421 2015 3455 non
2040 3403 2261 3473 requirit
2281 3401 2542 3454 adiutoria
2557 3441 2572 3464 ,
2610 3400 2833 3453 sufficiat

610 3485 764 3535 trium
798 3484 1066 3536 levitarum
1091 3486 1474 3549 testimonium,
1508 3484 2187 3557 totidemque-sacerdotum
2220 3484 2552 3536 adiutorium.
2585 3483 2647 3536 ln
2670 3483 2834 3555 priva-

609 3567 672 3616 tis
709 3577 842 3618 vero.
869 3565 1051 3618 diebus
1083 3569 1238 3620 unius
1271 3567 1550 3620 sacerdotis
1569 3568 1876 3633 adiutorio,
1906 3578 1958 3620 et
1989 3567 2148 3620 unius
2173 3567 2368 3635 levitae
2386 3565 2715 3629 testimonio,
2741 3566 2833 3616 tri-

609 3649 707 3700 bus
731 3647 1138 3701 subdiaconibus
1167 3652 1239 3721 (1)
1263 3650 1333 3713 ad,
1361 3651 1671 3721 obsequium
1702 3652 2046 3722 praeparatis,
2084 3650 2278 3722 poterit
2309 3650 2514 3702 missam
2550 3647 2827 3704 celebrare.

691 3783 724 3822 1)
748 3780 801 3815 Ita
828 3777 937 3816 codex
963 3778 1071 3815 modo
1094 3780 1300 3818 subdiacon
1325 3780 1434 3818 modo
1457 3781 1730 3826 subdiaconus,
1756 3786 1793 3818 et
1818 3781 1869 3818 ita
1894 3781 2032 3819 diacon
2045 3780 2242 3819 diaconus.
2259 3781 2307 3817 Et
2330 3779 2443 3819 sicin
2465 3782 2610 3827 patrum
2623 3776 2732 3816 variis
2746 3760 2838 3816 scri-

605 3837 678 3882 ptis
704 3837 938 3885 liturgiisque
969 3837 1102 3885 legitur
1126 3837 1251 3889 latinis
1275 3843 1312 3876 ct
1337 3837 1495 3886 graeciss
