2996 4432
1252 272 1495 306 nomzoms.
2451 262 2514 308 33

210 372 348 414 -tem
380 361 447 431 1);
489 371 542 414 et
575 365 637 413 ut
671 357 871 413 oblatio
908 375 976 410 ex
1012 373 1197 427 azymo
1233 356 1413 421 fieret,
1454 361 1567 408 non
1591 374 1658 409 ex
1683 356 2030 420 fermentato,
2057 369 2282 430 propter
2313 357 2509 412 Christi

236 446 486 517 corporis
519 444 821 507 veritatem3
862 452 915 494 et
950 451 1013 493 ut
1035 439 1243 492 modica
1266 450 1398 492 esset
1423 438 1636 491 dicens:
1668 439 1799 491 haee
1823 441 2025 492 oblatio
2053 454 2259 511 quanto
2288 443 2504 513 potior,

242 539 398 580 tanto
426 528 660 600 parcior.
703 525 806 578 Hic
841 523 978 577 ide'm
1015 523 1283 596 praecepit
1326 522 1575 575 omnibus
1613 521 1894 575 dominicis
1927 523 2117 575 diebus
2151 543 2363 596 aquam·
2387 545 2510 578 eum

241 611 351 664 sale
387 610 672 663 exorcizari
707 620 762 661 et
796 608 1012 659 mixtam
1047 606 1320 670 benedici,
1361 617 1415 659 et
1450 624 1516 658 ex
1553 624 1615 658 ea
1639 606 1901 676 populum
1926 608 2132 677 aspargi
2166 607 2235 659 ad
2268 608 2509 679 effugan-

238 693 338 746 das
373 692 662 745 diabolicas
696 689 914 744 insidias
950 702 1002 743 et
1038 690 1345 761 contrarias.
1366 686 1702 742 valitudines.
1735 688 1799 740 Et
1824 689 1910 740 hic
1938 691 2193 759 martyrio
2219 703 2509 744 coronatus

236 788 349 840 est,
389 787 442 829 et
476 775 721 847 sepultus·
749 785 826 826 est
863 775 1002 829 foras
1038 792 1218 826 muros
1253 772 1475 837 civitatis
1495 811 1510 834 ‚
1543 769 1782 824 sed-non
1821 790 1944 822 cum
1981 771 2235 824 fratribus
2263 774 2391 825 suis.

348 860 437 928 67.
464 857 645 910 Sixtus
680 858 896 910 natione
923 875 1140 927 graecus
1167 858 1218 924 2)
1250 866 1372 928 post
1403 855 1548 906 hunc
1578 854 1782 905 levatur
1808 853 2107 924 episcopus.
2141 855 2243 907 Hic
2274 857 2507 909 instituit

248 953 308 994 ut
332 941 619 994 ministeria
643 952 843 994 sacrata
871 959 980 992 non
1010 940 1449 1010 contingerentur
1479 938 1582 990 nisi
1607 938 1674 990 ab
1703 938 1879 990 altaris
1910 937 2195 1001 ministris,
2222 950 2275 991 et
2302 951 2362 991 ut
2388 959 2507 993 cor·

241 1025 425 1097 porale
455 1043 568 1077 non
598 1024 747 1077 fieret
772 1043 840 1076 ex
869 1024 1034 1076 serico
1070 1041 1167 1076 nec
1202 1021 1270 1075 de
1293 1023 1462 1075 tincto
1489 1039 1670 1093 panno
1703 1019 1796 1073 sed
1832 1019 1899 1072 de
1923 1020 2208 1091 purissimo
2237 1022 2350 1074 lino
2378 1042 2505 1075 con-

236 1119 416 1160 texto:
458 1119 511 1159 et
539 1118 602 1159 ut
627 1107 775 1160 nulla
807 1106 994 1158 mulier
1022 1125 1147 1158 vasa
1172 1118 1374 1160 sacrata
1405 1106 1487 1158 vel
1514 1105 1704 1176 pallam
1729 1104 1905 1156 altaris
1930 1102 2149 1156 auderet
2173 1106 2498 1176 contingere.

240 1191 308 1243 Et
339 1191 425 1243 hic
472 1191 726 1261 martyrio
770 1200 1055 1242 coronatus
1090 1200 1198 1252 est,
1245 1200 1299 1241 et
1333 1190 1465 1241 iacet
1504 1188 1561 1241 in
1599 1188 1882 1259 sepulchro
1919 1188 1974 1239 in
2014 1206 2124 1259 quo
2161 1189 2506 1259 requiescunt

240 1274 404 1326 Linus
434 1284 487 1325 et
522 1273 732 1336 CletuS‚
762 1272 1047 1325 Anacletus
1078 1284 1131 1324 et
1161 1273 1459 1338 EvaristuS,
1494 1284 1547 1326 et
1570 1284 1872 1324 sanctorum
1907 1283 2199 1342 martyrum
2233 1273 2395 1325 altare
2420 1291 2505 1325 so-

240 1358 349 1409 lum
379 1357 479 1409 sibi
512 1350 710 1408 nomen
745 1354 980 1407 vindicat
1008 1355 1158 1407 Sixti.

346 1442 435 1493 68.
458 1439 815 1510 Telesphorus
832 1439 1049 1491 natione
1080 1458 1296 1510 graecus
1321 1450 1374 1491 et
1398 1438 1704 1491 anachorita
1733 1449 1854 1509 post
1878 1438 2024 1489 hunc
2041 1456 2309 1489 romanam
2336 1457 2504 1491 susce-

238 1525 319 1595 pit
354 1522 642 1575 ecclesiam.
679 1522 779 1574 Hic
807 1523 1068 1592 hymnum
1105 1523 1161 1573 in
1195 1521 1469 1574 missarum
1503 1522 1822 1592 sollempniis
1854 1520 2058 1573 addidit
2093 1522 2416 1591 angelicum,
2447 1535 2501 1575 et

224 1618 362 1671 ‘ante
407 1605 582 1657 natale
622 1605 840 1657 Domini
883 1605 1019 1656 ·V11··
1066 1604 1490 1657 hebdomadibus
1528 1623 1739 1657 omnem
1777 1605 1975 1656 clerum
2017 1604 2085 1656 ab
2127 1623 2221 1656 esu
2261 1606 2499 1657 carnium

239 1689 509 1761 praecepit
542 1687 837 1752 abstinere;
875 1699 928 1740 et
959 1688 1015 1739 in
1047 1689 1220 1740 natale
1254 1687 1468 1739 Domini
1501 1699 1606 1740 tres
1642 1688 1821 1739 missas
1862 1687 2089 1740 instituit
2123 1687 2495 1740 celebrandas:

237 1773 462 1844 primam
486 1771 542 1824 in
570 1771 839 1842 pullorum
867 1783 1027 1823 cantu
1046 1812 1060 1834 ‚
1098 1771 1270 1823 media
1302 1771 1406 1822 iam
1428 1771 1762 1842 proximante
1787 1781 1943 1823 nocte
1960 1810 1973 1832 ‚
2009 1770 2228 1841 quando
2262 1771 2500 1824 Christus

236 1857 295 1908 in
319 1856 584 1909 Bethleem
609 1855 753 1907 nasci
779 1854 1022 1926 dignatus
1048 1867 1156 1907 est:
1187 1854 1471 1907 secundam
1502 1854 1832 1905 illucescente
1857 1872 2048 1905 aurora
2066 1893 2079 1916 ‚
2111 1853 2329 1924 quando
2355 1855 2502 1907 Chri-

237 1939 441 1991 stusin
475 1937 755 1989 cunabulis
791 1955 821 1988 a
844 1937 1146 2008 pastoribus
1181 1937 1432 1989 adoratus
1464 1946 1572 1998 est,
1594 1948 1662 1987 ‘et
1687 1936 1917 2006 hymnus
1948 1936 2213 2006 angelicus
2243 1936 2301 1987 in
2332 1938 2497 1990 choro

237 2021 546 2092 angelorum
587 2019 931 2072 decantatus:
978 2022 1186 2073 tertiam
1221 2021 1279 2072 in
1311 2021 1428 2092 ipso
1468 2018 1584 2096 dia,
1626 2018 1845 2089 quando
1882 2018 2053 2070 illuxit
2088 2019 2242 2071 nobis
2271 2018 2382 2071 dies
2421 2039 2499 2072 re-

237 2104 554 2176 demptionis
586 2115 815 2155 nostrae.
854 2104 955 2155 Hic
990 2103 1131 2156 idem
1169 2105 1425 2168 instituit,
1465 2114 1526 2154 ut
1549 2103 1734 2164 missae
1767 2102 2015 2155 collectae
2051 2103 2182 2155 hora
2213 2102 2315 2155 diei
2346 2105 2498 2156 tertia

236 2188 670 2241 decantarentur.
711 2185 848 2237 Sunt
884 2186 979 2257 qui
1016 2186 1203 2239 dicunt
1247 2206 1368 2239 eum
1403 2185 1850 2258 quadragesimale
1893 2187 2175 2239 instituisse
2207 2186 2494 2248 ieiunium3

219 2273 422 2325 beatus
458 2287 587 2322 vero
624 2268 966 2332 Ambrosius,
1000 2271 1082 2321 vir
1116 2289 1334 2340 magnae
1376 2270 1620 2322 scientiae
1658 2281 1710 2321 et
1745 2270 2033 2321 sanctitatis
2055 2310 2068 2332 ‚
2105 2260 2234 2322 dicit
2270 2270 2500 2341 quadra-

235 2353 477 2428 gesimale
505 2352 764 2404 ieiunium
787 2370 819 2404 a
846 2352 1001 2405 beato
1027 2354 1183 2406 Petro
1212 2352 1463 2405 traditum
1495 2372 1604 2405 esse
1630 2352 1859 2406 ecclesiis
1877 2353 1948 2422 3),
1972 2353 2359 2424 Telesphorum
2381 2363 2499 2405 tan-

234 2451 351 2492 tum
375 2435 579 2490 clericis
613 2436 942 2507 praecepisse
970 2448 1168 2508 septem
1198 2435 1621 2489 hebdomadibus
1651 2448 1775 2488 ante
1810 2437 2007 2508 pascha
2033 2436 2102 2488 ab
2136 2454 2231 2488 esu
2261 2438 2500 2489 carnium

234 2518 627 2591 abstinendum.
650 2519 716 2570 Et
739 2518 828 2571 hic
853 2520 1105 2590 martyrio
1135 2531 1422 2572 coronatus
1447 2530 1551 2582 est,
1580 2531 1633 2572 et
1651 2520 1920 2591 appositus
1939 2531 2016 2572 est
2038 2518 2107 2571 ad
2138 2518 2325 2572 fratres
2353 2538 2492 2572 suos.

340 2605 428 2675 69.
470 2601 728 2673 Hyginus.
752 2601 968 2654 natione
997 2621 1216 2672 graecus
1249 2614 1370 2675 post
1395 2604 1540 2656 hunc
1573 2603 1826 2656 ecclesiae
1858 2604 2086 2674 suscepit
2121 2603 2494 2675 gubernacula.

234 2689 337 2742 Hic
370 2685 598 2739 instituit
626 2696 688 2736 ut
720 2703 861 2737 unus
894 2687 1135 2755 patrinus
1169 2687 1253 2739 vel
1287 2687 1495 2758 patrina
1530 2687 1778 2758 suscipiat
1814 2685 2042 2737 levatum
2075 2705 2105 2738 a
2142 2686 2307 2738 fonte.
2348 2685 2499 2737 Simi-

233 2774 351 2825 liter
386 2782 439 2823 et
472 2770 531 2821 in
561 2767 1054 2821 confirmationibus
1090 2769 1210 2831 fiat,
1251 2781 1305 2822 et
1338 2770 1397 2822 in
1432 2771 1810 2823 catechumeno
1841 2768 2102 2822 faciendo.
2141 2771 2207 2823 Et
2243 2771 2331 2824 hic
2361 2789 2498 2822 mar-

234 2856 376 2928 tyrio
412 2862 700 2907 coronatus
731 2856 851 2916 est,>
874 2863 926 2904 et
962 2852 1198 2924 sepultus
1232 2873 1352 2905 cum
1382 2853 1634 2906 fratribus
1669 2854 1792 2905 suis,

340 2957 427 3009 70.
468 2937 597 2988 Pius
645 2934 859 2986 natione
895 2935 1049 2987 italus
1095 2936 1220 2988 huic
1265 2937 1611 3001 successitvin
1652 2936 1978 3007 episcopatu.
2022 2934 2160 2988 Huic
2197 2935 2265 2988 ab
2309 2921 2497 3006 anigelo

234 3021 540 3076 nuntiatum
584 3029 662 3070 est
694 3016 845 3088 quod
894 3018 951 3069 in
997 3017 1277 3092 dominicis
1318 3018 1506 3072 diebus
1551 3020 1746 3091 pascha
1794 3019 2010 3072 deberet
2045 3019 2331 3071 celebrari:
2375 3038 2498 3071 nam

229 3118 386 3159 antea
421 3112 673 3174 quartum
698 3099 958 3160 decimum
988 3102 1148 3153 lunae
1180 3103 1406 3154 vernalis
1443 3121 1561 3174 cum
1598 3101 1804 3154 Iudaeis
1841 3102 2208 3168 observanteS‚
2249 3120 2498 3172 quocum-

233 3206 340 3260 que
377 3185 664 3245 evenisset,
704 3183 900 3252 pascha
934 3183 1289 3236 celebrabant.
1338 3184 1438 3236 Hic
1484 3186 1755 3238 collectam
1787 3186 2068 3238 celebravit
2110 3186 2166 3237 in
2199 3185 2356 3239 titulo
2400 3187 2497 3238 Pa-

315 3345 350 3386 1)
372 3343 471 3379 Ante
499 3351 612 3389 quam
639 3341 799 3379 ulterius
824 3341 866 3377 in
895 3340 953 3377 his
975 3338 1177 3377 recitandis
1206 3339 1405 3376 Bonizonis
1432 3338 1661 3387 biographiis
1679 3350 1902 3388 pergamus,
1928 3340 2048 3379 facere
2077 3351 2154 3378 non
2183 3350 2380 3388 possumus
2407 3340 2500 3389 quin

225 3401 401 3439 lectorem
424 3399 473 3436 ad
493 3399 682 3451 Francisci
701 3399 806 3447 Pagii
822 3398 1047 3436 breviarium
1064 3396 1268 3444 allegemus
1283 3424 1294 3442 ,
1318 3397 1418 3445 quod
1435 3403 1537 3446 gesta
1556 3407 1796 3436 romanorum
1816 3396 2038 3436 Pontificum
2060 3409 2194 3446 magna
2209 3399 2292 3436 luce
2305 3397 2506 3447 perfundit.

226 3452 382 3496 ls'enim
406 3458 462 3494 vir
485 3459 729 3507 κριτικώτατος
747 3463 829 3495 tum
851 3458 889 3494 in
916 3455 1144 3505 praefatione
1159 3484 1170 3501 ,
1198 3461 1280 3493 tum
1307 3455 1347 3492 in
1369 3455 1528 3504 singulis
1551 3457 1775 3494 Pontificum
1794 3457 1878 3495 vitis
1894 3486 1904 3503 ‚
1924 3468 2101 3506 perquam
2125 3462 2296 3495 accurate
2321 3457 2500 3504 docteque

226 3523 327 3556 certa
352 3528 374 3554 a
399 3516 549 3562 dubiis,
574 3516 669 3555 falsa
685 3545 696 3564 ‚
726 3517 943 3565 praesertim
968 3515 1194 3559 isidoriana,
1221 3525 1242 3551 a
1269 3514 1363 3552 veris
1391 3516 1563 3552 secernit.
1594 3517 1643 3552 Et
1666 3526 1892 3564 quamquam
1917 3527 2027 3554 nemo
2045 3527 2167 3554 errore
2193 3517 2297 3554 omni
2322 3516 2500 3553 immunis

222 3583 404 3625 est‚·nec
427 3576 653 3613 Bonizonem
673 3581 849 3613 nostrum
869 3574 959 3622 (qui
987 3573 1186 3622 peculiaria
1212 3584 1289 3611 non
1317 3584 1432 3621 pauca
1462 3573 1596 3619 habet)
1624 3585 1693 3612 nec
1715 3580 1868 3612 cunctos
1896 3575 2070 3614 historiae
2096 3575 2307 3624 pontificiae
2326 3579 2499 3611 tractato·

225 3647 284 3676 res
310 3626 448 3682 Pagius
471 3633 565 3672 vidit
589 3633 795 3683 (permulti
827 3634 927 3671 enim
958 3635 998 3670 in
1021 3632 1212 3671 codicibus
1232 3632 1452 3689 'praesertim
1479 3634 1659 3671 vaticanis
1692 3632 1814 3671 adhuc
1843 3633 1983 3680 latent)
2008 3635 2128 3672 nihilo
2154 3641 2279 3672 tamen
2306 3634 2429 3670 minus
2454 3633 2495 3668 in

227 3696 297 3731 hac
321 3703 514 3731 sacrorum
540 3691 723 3730 fastorum
749 3697 874 3741 parte,
906 3702 975 3730 suo
1002 3690 1163 3740 quodam
1190 3692 1270 3732 iure
1294 3701 1448 3740 regnare
1471 3691 1628 3730 videtur.
1655 3692 1792 3730 Bonizo
1817 3693 1968 3741 quidem
1995 3694 2125 3732 aetatis
2154 3703 2241 3730 suae
2263 3690 2496 3728 traditionem

227 3744 423 3801 sequitur,
451 3757 490 3790 et
513 3762 631 3790 novus
654 3753 735 3793 isive
762 3751 998 3801 indagandae
1031 3752 1192 3790 veritatis
1219 3753 1294 3790 sive
1322 3750 1535 3799 arguendae
1561 3751 1735 3789 falsitatis
1759 3751 1845 3790 fons
1872 3752 2079 3791 habebitur.
2109 3754 2185 3790 Nos
2210 3752 2497 3799 itaquesnovum

151 3808 154 3811 ’
232 3816 424 3850 auctorem
454 3811 494 3848 in
520 3811 642 3848 lucem
666 3810 908 3859 proferimus,
929 3810 975 3849 de
1000 3811 1161 3859 singulis
1186 3811 1265 3850 eius
1291 3810 1400 3848 dictis
1421 3820 1498 3848 non
1521 3809 1757 3857 iudicamus,
1786 3821 1907 3860 neque
1929 3811 2184 3860 disquirimus.

313 3869 488 3916 2)-Liber
516 3870 738 3919 pontificalis
763 3881 848 3909 cuin
878 3871 990 3919 Pagio
1020 3881 1215 3908 romanus.
1242 3891 1290 3900 -
1314 3874 1349 3916 3)
1374 3869 1510 3909 Confer
1532 3870 1720 3910 Ambrosii
1745 3870 1939 3920 epistolam
1969 3872 2108 3909 anl.
2130 3874 2185 3908 16.

2310 3930 2342 3967 E

2545 2373 2615 2404 cod.
2633 2374 2655 2403 s.
2673 2379 2716 2403 31.
2738 2375 2767 2403 b.
