2996 4432
1339 214 1476 248 1113131
1543 199 1592 248 11.

318 308 487 354 testeam
511 302 669 348 melius,
694 297 881 338 interdum
908 306 986 336 non
1012 297 1324 347 comparativum,
1348 297 1414 337 sed

366 365 449 402 loco
473 363 562 402 boni
589 361 728 399 dicitur
745 369 781 407 p.
802 361 860 395 65.

318 426 417 463 Crux
438 425 624 473 eleganter
646 419 782 459 dicitur
807 415 1102 466 gubernaculum
1117 418 1219 456 navis
1241 417 1414 458 ecclesiae

368 495 406 532 p.
431 488 490 521 75.

319 545 447 593 Κόρβις
472 541 562 592 quid
584 540 635 579 sit
657 549 694 586 p.
723 541 804 575 1⁷3.

319 606 528 642 Daemones
550 602 591 639 in
614 606 763 637 somnes
778 606 815 645 p.
833 600 870 634 7.
891 595 1007 634 lidem
1026 595 1188 634 immites
1212 606 1250 644 p.
1266 600 1302 634 8.

320 663 502 701 Diabolus
525 660 659 697 timore
681 656 751 695 Dei
774 654 965 694 coercetur
988 667 1025 704 p.
1042 660 1099 694 14.
1117 655 1263 694 Diaboli
1279 655 1415 695 doctri·

367 733 416 761 na
445 732 483 770 p.
508 723 567 757 67.

315 779 434 818 David
457 784 512 816 ter
534 780 670 815 unctus
695 786 732 823 p.
757 778 840 813 203.

315 839 387 877 Dei
402 835 592 875 existentia
614 835 806 873 hominum
821 844 1003 872 consensu
1022 833 1258 882 comprobata
1272 843 1309 882 p.
1329 836 1413 871 168.

312 895 579 944 Diapsalmatis
602 895 788 932 canticum
811 893 922 943 quale
943 893 994 931 sit
1015 903 1054 941 p.
1082 896 1164 930 154.

311 955 465 1005 Didymi
490 954 618 992 laudes
642 964 680 1002 p.
711 956 788 991 178.

311 1015 468 1065 Didymi
492 1013 751 1052 testimonium
776 1012 824 1050 de
846 1011 981 1051 Christi
1006 1021 1158 1060 corpore
1180 1011 1221 1049 in
1244 1009 1416 1048 euchari-

362 1075 433 1114 stia
461 1086 498 1124 p.
531 1078 615 1111 214.

313 1134 465 1183 Didymi
489 1133 670 1171 iudicium
694 1131 741 1170 de
765 1130 995 1169 heterodoxis
1018 1140 1050 1168 s.
1075 1130 1281 1178 scripturae
1301 1129 1416 1167 inter·

362 1192 524 1241 pretibus
546 1203 580 1228 v.
606 1195 690 1228 296.
976 1210 978 1212 v

314 1251 500 1301 Didymus
523 1261 618 1288 nova
644 1248 820 1287 vocabula
844 1248 969 1286 lexicis
983 1246 1194 1295 suppeditat
1213 1257 1250 1294 p.
1264 1249 1347 1291 262,
1374 1250 1415 1284 01

363 1311 468 1349 alibi.
498 1309 566 1354 (Id
592 1307 638 1347 de
664 1308 748 1346 aliis
768 1318 915 1356 quoque
937 1318 960 1345 a
990 1306 1099 1344 nobis
1127 1305 1238 1344 editis
1272 1305 1412 1354 graecis

358 1367 598 1416 scriptoribus
622 1366 764 1405 dictum
789 1369 909 1411 esto.)

311 1427 498 1478 Didymus
521 1426 668 1475 scripsit
685 1427 795 1464 etiam
811 1426 851 1463 in
866 1425 1134 1472 Ecclesiasten‚
1152 1429 1189 1463 et
1202 1424 1242 1462 in
1263 1423 1411 1469 10111131,

358 1492 452 1524 teste
475 1485 682 1534 fragmento
699 1496 735 1533 p.
753 1489 835 1522 310.
855 1495 942 1522 cum
966 1483 1055 1521 adn.

309 1545 568 1584 Dissonantias
591 1545 732 1593 aliquot
755 1543 948 1581 chronicas
971 1554 1020 1581 ss.
1046 1544 1253 1591 scripturae
1282 1550 1411 1580 recen-

357 1610 416 1643 set
438 1605 706 1654 Polychronius
729 1609 766 1642 et
789 1603 970 1640 diiudicat
993 1613 1030 1650 p.
1059 1606 1140 1640 113.
1163 1606 1245 1640 126.

310 1667 490 1703 Doctores
511 1675 704 1713 praecoces
730 1661 1049 1711 reprehenduntur
1075 1672 1112 1710 p.
1139 1665 1200 1699 27.

309 1723 476 1761 Ecclesia
502 1728 619 1761 mater
642 1727 766 1760 nostra
790 1733 828 1770 p.
854 1725 913 1759 25.
939 1725 999 1758 58.

313 1783 577 1832 Eleemosynae
600 1783 684 1820 laus
708 1793 744 1830 p.
770 1786 807 1819 5.
832 1786 868 1820 6.
894 1785 954 1818 35.
981 1784 1039 1818 36.
1065 1780 1306 1830 Eleemosyna
1332 1779 1410 1829 spi-

365 1842 484 1880 ritalis
509 1853 545 1890 p.
577 1845 615 1879 6.

309 1904 461 1939 'mmai
487 1906 542 1940 est
561 1904 690 1944 Ἑλλάς
715 1913 751 1951 p.
783 1905 862 1939 110.

307 1963 422 2005 Ἐνεός
447 1961 667 1999 vocabulum
691 1961 895 2009 explicatur
916 1971 955 2009 p.
981 1964 1040 1998 67.

308 2023 485 2060 Ἐνωτίσαι
520 2023 708 2060 insuetum
733 2021 867 2059 litteris
899 2018 1152 2058 saecularibus
1185 2017 1407 2056 vocabulum

357 2094 394 2130 p.
423 2086 503 2119 137.
528 2082 668 2128 (Super
691 2079 761 2117 1100
784 2079 960 2117 νο03111110
987 2078 1054 2117 diu
1074 2078 1246 2116 Vorstius
1272 2077 1318 2115 de
1341 2078 1407 2115 he-

354 2140 525 2178 braismis
550 2151 630 2187 cap.
649 2140 679 2176 1.
696 2137 768 2176 Sed
791 2149 860 2176 nos
876 2138 1035 2187 Didymo
1054 2138 1177 2185 potius
1193 2136 1409 2181 credimus.)

305 2202 454 2246 Ἐσεβών
480 2205 582 2246 (11οΠ
607 2199 753 2244 ἔσωθεν)
777 2199 818 2235 in
842 2208 897 2246 ps.
917 2198 1049 2234 LXIV.
1068 2207 1105 2245 p.
1125 2200 1208 2234 226.

309 2260 562 2302 Eucharistia,
589 2259 727 2296 Christi
758 2268 844 2295 caro
868 2262 906 2294 01
931 2257 1097 2302 sanguis.
1122 2266 1158 2303 p.
1177 2259 1213 2292 8.
1233 2258 1289 2293 11.
1307 2259 1366 2293 64.

288 2358 296 2361 ,
306 2320 498 2366 Evangelii
512 2319 671 2356 alicuius
687 2316 908 2366 apocryphi,
920 2322 963 2353 ut
977 2315 1140 2361 videtur,
1154 2315 1259 2353 locus
1273 2327 1310 2363 p.
1321 2319 1405 2354 267.

356 2379 571 2427 (Evangelii
611 2378 810 2427 apocryphi
842 2376 1047 2415 secundum
1083 2376 1408 2414 Bartholomaeum

354 2440 606 2488 fragmentum
635 2437 821 2485 quoddam
849 2442 905 2474 est
932 2436 1032 2484 apud
1056 2446 1124 2473 nos
1145 2436 1186 2473 in
1212 2437 1325 2480 mss.)

310 2500 436 2535 Fenus
460 2508 625 2535 exercere
648 2498 799 2534 vetitum
824 2498 933 2534 iustis
958 2507 994 2545 p.
1022 2500 1102 2534 172.

313 2556 400 2593 Filii
427 2555 598 2592 divinitas
623 2561 792 2592 accurate
815 2554 959 2592 adserta
982 2566 1020 2603 p.
1046 2559 1128 2592 287.
1155 2560 1194 2592 01
1210 2554 1311 2592 alibi.

309 2614 428 2652 Filius
452 2614 530 2651 sine
554 2612 750 2658 adiuncto,
768 2614 810 2650 in
833 2613 946 2651 sacris
970 2613 1162 2661 scripturis
1186 2613 1410 2661 intelligitur

355 2674 523 2712 Christus
548 2683 584 2720 p.
615 2676 694 2709 149.

308 2733 490 2772 Genitura
518 2731 650 2780 pudica
676 2742 713 2779 p.
740 2735 821 2768 175.
849 2732 896 2768 Ε1
917 2741 1024 2768 secus
1049 2741 1085 2778 p.
1110 2734 1193 2768 217.

305 2796 510 2842 Γεννήματα
534 2795 712 2842 γαστρὸς,
738 2790 882 2839 proprie
906 2790 974 2826 filil
1004 2790 1161 2837 legitimi
1185 2801 1222 2838 p.
1248 2794 1330 2827 284.

306 2855 447 2893 Gentes
470 2854 589 2891 variae
608 2854 705 2890 circa
722 2851 955 2901 Polychronii
970 2855 1135 2897 tempora
1151 2849 1199 2887 ad
1215 2850 1405 2898 Christum

352 2924 546 2952 conversae
570 2924 607 2960 p.
637 2916 717 2950 125.

307 2973 490 3020 Gigantes
506 2999 517 3017 ‚
543 2971 580 3008 id
607 2978 662 3009 est
687 2970 884 3008 daemones
908 2981 944 3018 p.
971 2973 1030 3007 34.

306 3031 436 3070 Gratia
461 3031 527 3068 Dei
540 3041 781 3069 remunerans
796 3041 832 3078 p.
850 3034 934 3067 289.
950 3027 1083 3067 Confer
1098 3027 1144 3066 de
1159 3028 1275 3076 gratia
1291 3027 1403 3065 etiam

355 3102 392 3139 p.
420 3094 502 3128 295.
529 3095 613 3127 296.

303 3151 454 3189 Gratiae
478 3149 623 3187 divinae
647 3150 782 3187 auxilia
808 3160 847 3198 p.
873 3154 932 3188 89.

301 3211 517 3248 Haereticus
542 3209 740 3256 impiorum
765 3209 915 3256 linguas
945 3207 1075 3253 audit;
1097 3218 1202 3246 secus
1225 3207 1404 3245 orthodo-

349 3280 418 3306 xus
432 3279 466 3316 p.
483 3273 540 3305 25.
559 3269 837 3305 Haereticorum
854 3266 1001 3304 acidum
1017 3267 1143 3304 vinum
1163 3278 1198 3314 p.
1216 3271 1276 3304 45.
1293 3267 1401 3304 cons.

349 3338 386 3374 p.
402 3332 462 3364 78.
482 3327 756 3364 Haereticorum
782 3325 928 3363 vitanda
947 3325 1112 3363 doctrina
1129 3336 1164 3373 p.
1183 3330 1242 3363 60.
1258 3329 1318 3363 72.
1340 3330 1399 3363 79.

302 3385 554 3423 Hebraeorum
582 3395 661 3421 mos
686 3384 846 3422 habendi
864 3385 905 3421 in
924 3384 1171 3422 voluminibus
1188 3395 1237 3422 ss.
1260 3383 1401 3430 biblia¹

347 3455 425 3482 non
450 3445 489 3481 in
513 3443 703 3492 quadratis
728 3443 855 3490 libris,
882 3454 918 3491 p.
944 3448 1027 3481 220.

301 3503 534 3540 Hermoniim
561 3503 762 3551 explicatur
791 3514 828 3551 p.
854 3507 938 3539 222.

300 3561 615 3599 Heterodoxorum
641 3562 789 3599 scholae
811 3561 1034 3600 blaterantes
1066 3573 1103 3610 p.
1130 3566 1167 3600 8.
1195 3561 1401 3601 Hetcrodo-

346 3620 401 3656 xis
426 3631 501 3657 non
525 3620 852 3658 communicandos
876 3631 998 3658 sacros
1019 3621 1133 3659 libros
1157 3632 1193 3669 p.
1219 3627 1279 3660 78.

299 3679 462 3725 Hexapla
486 3680 654 3726 origenis
678 3679 767 3716 citat
790 3679 970 3728 Didymus
993 3691 1030 3730 p.
1061 3685 1140 3719 199.
1167 3685 1248 3719 203.

298 3738 495 3775 Hirudinis
519 3737 716 3789 descriptio
741 3749 776 3786 p.
804 3744 864 3777 68.

298 3797 534 3836 numilitatis
557 3797 639 3835 laus
662 3807 699 3846 p.
726 3801 762 3836 6.

2485 205 2580 255 117

1485 297 1588 337 lesus
1610 308 1709 338 unus
1732 298 1906 349 idemque
1929 298 2091 339 educens
2116 300 2304 340 Hebraeos
2328 312 2371 340 ex
2396 305 2588 354 Aegypto,

1531 362 1569 394 et
1592 357 1771 396 miracula
1795 358 1836 396 in
1859 358 2048 407 evangelio
2073 364 2223 407 patrans
2247 371 2285 408 p.
2312 364 2393 398 250.

1485 415 1650 454 Infantes
1663 415 1882 455 dicebantur
1894 418 2094 457 cuiuslibet
2108 419 2236 458 aetatis
2248 419 2427 469 baptizati
2440 431 2478 470 p.
2495 425 2580 460 148.

1488 473 1695 512 inferorum
1717 485 1856 523 poenae
1878 487 1917 525 p.
1936 480 2019 515 224.

1486 533 1706 572 Inimicitiae
1729 536 1947 584 vituperatio
1972 547 2010 584 p.
2038 540 2095 575 17.
2207 571 2212 578 .

1485 591 1738 640 interpunctio
1761 594 1800 631 in
1826 604 1875 633 ss.
1901 594 2027 634 bibliis
2049 595 2274 636 observanda
2297 608 2334 647 p.
2361 602 2421 637 58.
2449 603 2530 637 159.

1485 651 1707 699 Interpretes
1729 653 1849 691 Lxx.
1876 664 1912 702 p.
1938 658 2022 692 201.
2049 658 2132 693 233.

1485 709 1616 758 Ioseph
1630 738 1643 757 ‚
1671 710 1858 759 significat
1880 707 2173 752 additamentum
2196 725 2218 753 a
2241 716 2402 754 Domino
2432 727 2470 765 p.
2495 720 2581 756 263.

1479 769 1544 813 ,113
1567 768 1844 809 obtrectationis
1868 777 1986 810 mater
2010 782 2047 821 p.
2075 776 2136 811 43.

1485 831 1544 868 113
1569 831 1639 870 Dei
1662 831 1754 880 quid
1777 833 1827 870 sit
1850 842 1886 881 p.
1915 837 1996 871 140.

1486 889 1709 929 ludaeorum
1732 891 1930 930 seditiones
1953 892 2024 931 sub
2047 894 2230 933 Antiocho
2253 906 2292 944 p.
2317 900 2377 934 83.

1483 949 1634 988 Iudaica
1657 951 1838 1000 quaedam
1855 951 2004 991 traditio
2018 953 2114 992 circa
2130 955 2326 994 transitum
2348 956 2461 995 maris
2477 956 2581 995 rubri

1532 1019 1569 1055 p.
1601 1014 1684 1048 304.

1485 1067 1610 1106 Iustus
1634 1070 1816 1109 naturalis
1845 1070 1978 1110 melior
2005 1072 2221 1111 circumciso
2247 1074 2402 1112 scelesto
2435 1085 2473 1123 p.
2496 1078 2555 1113 65.

1483 1126 1701 1166 Lectionum
1730 1128 1951 1168 biblicarum
1969 1131 2159 1169 varietates
2177 1142 2214 1180 p.
2234 1135 2316 1169 217.
2338 1136 2421 1171 219.
2440 1137 2523 1171 274.
2543 1139 2581 1172 01

1531 1185 1634 1224 alibi.

1483 1243 1560 1282 Lex
1587 1249 1767 1294 naturae,
1797 1248 1855 1286 lex
1881 1248 1950 1286 Dei
1975 1254 2043 1288 est.
2074 1260 2111 1298 p.
2140 1253 2226 1287 215.

1484 1304 1656 1354 Λύτρωσις·
1671 1307 1816 1355 proprie
1837 1307 1883 1345 de
1898 1307 2092 1347 animabus
2112 1308 2248 1347 dicitur
2261 1336 2272 1355 ‚
2297 1309 2344 1348 de
2364 1311 2580 1360 corporibus

1531 1369 1655 1402 autem
1683 1376 1748 1413 per
1775 1366 1944 1405 accidens
1972 1378 2010 1415 p.
2031 1371 2116 1405 212.

1483 1421 1643 1470 Magda,
1669 1423 1727 1461 vel
1749 1424 1942 1472 Magdala,
1973 1426 2077 1464 hebr.
2106 1427 2219 1466 turris
2243 1438 2280 1476 p.
2312 1431 2394 1466 113.

1482 1482 1590 1520 Mens
1619 1482 1782 1521 humana
1808 1484 1964 1523 thronus
1988 1486 2056 1523 Dei
2084 1497 2119 1534 p.
2144 1491 2206 1524 45.

1483 1541 1809 1590 Metempsychosis
1834 1543 2043 1592 exploditur
2071 1556 2109 1593 p.
2140 1550 2223 1584 213.

1483 1603 1691 1645 Μηνιαστής
1712 1602 1932 1640 vocabulum
1957 1615 1994 1652 p.
2022 1608 2103 1643 136.

1483 1663 1631 1709 Μέταξα
1657 1663 1874 1707 vocabulum
1896 1675 1933 1712 p.
1967 1667 2024 1702 32.

1484 1725 1629 1773 Μητρός
1651 1729 1692 1762 et
1713 1724 1901 1768 τεκούσης,
1931 1725 2059 1763 matris
2087 1730 2124 1764 et
2151 1727 2338 1775 parentis,
2369 1726 2577 1766 differentia

1529 1796 1566 1834 p.
1595 1790 1655 1823 26.

1480 1844 1632 1883 Miliarii
1659 1845 1799 1894 lapides
1826 1846 1926 1895 apud
1950 1848 2138 1885 Romanos
2164 1859 2201 1896 p.
2223 1851 2284 1887 57.

1480 1905 1615 1942 Missae
1642 1905 1864 1943 sacrificium
1893 1917 1929 1953 p.
1950 1910 2033 1944 281.

1479 1963 1652 2002 Numeris
1677 1963 1764 2008 (de)
1791 1964 1957 2002 doctrina
1988 1977 2023 2014 p.
2054 1970 2136 2004 205.
2156 1971 2239 2005 216.
2258 1971 2343 2006 235.

1481 2022 1705 2060 0000301313
1729 2023 1854 2061 divina
1884 2024 2092 2073 theologice
2119 2025 2300 2074 descripta
2323 2037 2360 2075 p.
2379 2030 2459 2066 176.
2476 2038 2551 2076 seq.

1475 2080 1684 2130 Ὃμοούσιος
1714 2088 1841 2120 contra
1869 2084 1998 2121 Arium
2027 2089 2064 2121 et
2093 2086 2317 2123 Eunomium
2348 2097 2385 2134 p.
2413 2091 2495 2125 263.

1480 2141 1650 2189 Origenis
1677 2153 1778 2180 error
1805 2141 1850 2180 de
1872 2144 2106 2181 conversione
2126 2145 2324 2192 impiorum
2353 2151 2435 2193 post
2464 2147 2577 2184 vitam

1527 2201 1737 2239 insinuatur
1750 2213 1785 2249 p.
1798 2206 1833 2239 8.
1851 2202 1956 2239 Conf.
1975 2203 2086 2250 praef.
2105 2209 2200 2251 part.
2219 2206 2248 2240 1.
2266 2216 2302 2252 p.
2319 2206 2372 2242 X.

1478 2261 1675 2298 Peccatum
1702 2267 1883 2298 secretum
1917 2262 2063 2299 animae
2091 2263 2280 2301 vitandum
2310 2275 2346 2312 p.
2374 2269 2458 2302 245.

1480 2323 1609 2356 Πεινεῖν
1636 2325 1674 2357 et
1698 2322 1811 2367 διψεῖν
1828 2348 1838 2365 ,
1865 2337 1892 2357 ει
1920 2332 1984 2371 pro
2009 2340 2054 2366 α,
2072 2322 2141 2359 nisi
2159 2328 2214 2360 est
2236 2323 2413 2360 mendum
2437 2335 2474 2372 p.
2491 2329 2573 2363 281.

1479 2381 1673 2430 nii-auger,
1701 2381 1763 2419 alii
1789 2382 2005 2429 interpretes
2032 2383 2209 2430 scripsere
2235 2383 2345 2427 βάθος
2362 2392 2398 2431 p.
2421 2388 2480 2422 62.

1477 2442 1609 2478 Petrus
1636 2441 1826 2488 apostolus
1863 2440 1990 2478 doctor
2023 2442 2283 2480 oecumenicus
2310 2454 2348 2490 p.
2379 2447 2440 2481 53.
2473 2442 2576 2481 Idem

1463 2525 1466 2527 -
1527 2502 1703 2550 πρόκριτος
1734 2511 1770 2548 p.
1804 2504 1885 2537 178.

1477 2561 1684 2599 Poenarum
1700 2561 1895 2597 aeternitas
1907 2558 2044 2597 fatente
2060 2559 2221 2609 Didymo
2237 2570 2273 2607 p.
2290 2564 2326 2597 2.
2351 2560 2575 2606 (Confirmat

1525 2620 1595 2657 hoc
1621 2619 1667 2657 de
1690 2619 1850 2668 Didymo
1877 2619 2136 2666 Mingarellius
2159 2619 2200 2655 in
2215 2618 2327 2666 praef.
2354 2618 2402 2656 ad
2417 2629 2509 2666 opus
2527 2618 2574 2656 de

1522 2678 1627 2715 Trin.
1645 2689 1681 2725 p.
1698 2681 1780 2722 51.)

1476 2736 1745 2785 Polychronius
1782 2738 1898 2783 magis
1932 2737 2170 2785 ιὀυδαιόφρων,
2204 2747 2317 2785 quam
2347 2735 2574 2784 Apollinaris

1525 2805 1562 2841 p.
1582 2798 1640 2830 90.
1661 2798 1739 2830 119.
1757 2795 1908 2832 Curiose
1935 2794 1981 2832 de
2005 2796 2133 2843 templi
2164 2794 2301 2832 fabrica
2327 2800 2371 2832 ut
2396 2800 2451 2832 est
2473 2794 2573 2842 apud

1526 2853 1754 2890 Ezechielem
1769 2854 1965 2901 scripserat
1980 2882 1990 2899 ‚
2011 2865 2131 2902 neque
2151 2859 2276 2891 tamen
2291 2865 2371 2891 eam
2388 2864 2473 2891 cum
2491 2864 2573 2902 pro·

1524 2911 1653 2960 phetae
1677 2913 1813 2959 scripto
1837 2913 2092 2950 conciliaverat
2114 2924 2149 2960 p.
2172 2917 2252 2950 123.
2278 2914 2395 2950 Suum
2425 2912 2473 2950 ad
2493 2914 2572 2949 Da-

1524 2972 1687 3009 nihelem
1709 2973 2013 3009 commentarium
2031 2979 2209 3009 memorat
2232 2983 2271 3020 p.
2293 2977 2372 3010 113.
2395 2975 2475 3009 126.
2499 2973 2573 3010 Ho-

1522 3029 1665 3067 braicae
1693 3030 1841 3077 linguae
1864 3041 2000 3077 gnarus
2028 3042 2063 3078 p.
2098 3035 2177 3068 125.
2207 3036 2286 3068 126.
2313 3037 2350 3068 01
2374 3030 2477 3068 alibi.
2506 3032 2571 3068 ln-

1525 3089 1670 3126 vehitur
1689 3089 1730 3125 in
1754 3089 1965 3136 allegoricos
1982 3099 2018 3136 p.
2041 3094 2121 3135 111,
2140 3089 2202 3138 qui
2216 3089 2386 3127 estlocus
2399 3089 2565 3137 insignis.

1521 3147 1663 3193 (Praef.
1681 3159 1718 3196 p.
1738 3149 1823 3192 lv.)

1473 3206 1684 3244 Ponderum
1712 3207 1767 3244 vel
1794 3217 2046 3244 mensurarum
2073 3208 2170 3245 varia
2196 3209 2346 3246 nomina
2373 3219 2408 3255 p.
2427 3212 2507 3245 124.

1473 3266 1606 3303 Portae
1625 3266 1775 3303 Domini
1793 3294 1803 3311 ,
1828 3266 1978 3302 virtutes
1995 3277 2031 3314 p.
2051 3271 2134 3303 275.
2152 3268 2282 3304 Portae
2299 3267 2447 3312 mortis,
2467 3277 2568 3304 mor-

1543 3325 1634 3362 talia
1660 3330 1805 3373 peccata
1833 3337 1867 3372 p.
1889 3330 1967 3362 153.

1496 3384 1782 3422 Praedestinatio
1806 3385 1846 3420 in
1877 3386 2057 3422 sententia
2086 3385 2236 3435 Didymi
2262 3396 2354 3434 quae
2375 3386 2450 3431 sit,
2479 3396 2565 3422 cum

1542 3444 1727 3491 praeclara
1756 3443 1921 3480 doctrina
1951 3455 1988 3492 p.
2009 3450 2091 3482 242.
2521 3438 2529 3443 “

1494 3506 1583 3552 Πρός
1610 3505 1774 3547 διάνοιαν,
1809 3514 1937 3542 sensus
1965 3505 2120 3542 intimus
2153 3505 2208 3541 vel
2235 3503 2412 3551 spiritalis
2438 3514 2474 3551 p.
2503 3507 2586 3542 234.

1541 3569 1578 3601 01
1606 3562 1708 3600 311111.

1493 3621 1725 3660 Providentia
1753 3622 1821 3659 Dei
1845 3627 1900 3660 est
1922 3623 2138 3660 universalis
2164 3633 2200 3670 p.
2219 3626 2300 3659 229.
2327 3622 2380 3658 Ea
2404 3620 2589 3659 adseritur

1544 3692 1581 3729 p.
1612 3685 1694 3718 158.

1494 3741 1632 3780 Psalmi
1658 3742 1739 3778 Lll.
1768 3743 1986 3779 versiculum
2014 3747 2049 3779 5.
2082 3753 2156 3779 non
2186 3752 2263 3779 esse
2290 3740 2589 3789 interrogativum

1540 3800 1605 3840 sed
1626 3801 1852 3839 narrativum
1880 3801 1970 3839 dicit
1996 3801 2176 3850 Didymus
2204 3812 2238 3850 p.
2265 3804 2347 3837 238..
