2996 4432
1210 277 1254 306 IN

259 369 315 413 ad
335 370 425 412 eius
445 368 670 423 imaginem
691 362 1000 408 conformatos.
1025 360 1131 403 Noni
1153 364 1219 403 est
1238 360 1364 414 igno-

259 442 443 486 randum
462 440 675 498 quosdam
692 437 833 491 legere
860 434 949 476 sic:
976 432 1149 488 quidam
1169 431 1365 475 ostendet

261 514 387 557 nobis
398 512 533 556 bona.
548 512 653 553 Nam
669 520 757 551 non
776 505 1011 548 multorum
1024 535 1037 558 ,
1056 503 1132 546 sed
1143 503 1268 546 unius
1282 506 1362 556 est,

260 586 378 630 bona
400 568 636 629 ostendere.
656 581 736 623 Hic
753 582 895 621 autem
912 577 1157 631 unigenitus
1168 580 1237 623 >est
1251 575 1365 618 filius

263 658 358 700 Dei.
396 657 455 699 Iis
485 655 562 710 qui
589 653 650 695 ita
678 650 948 704 intelligunt,
978 648 1238 691 vocabulum
1269 648 1365 703 quis

259 727 461 784 (quidam)
483 723 693 779 significat
714 721 762 765 id
780 720 903 777 quod
924 720 1098 776 proprie
1129 719 1366 776 appellatur

261 804 378 843 certa
394 798 470 842 tali
487 796 695 852 qualitate
714 793 952 850 praeditum
964 825 977 848 ,
1005 795 1050 835 et
1068 791 1335 834 individuum
1349 823 1362 845 ‚

258 876 388 927 atque
415 881 499 912 una
525 878 706 910 numero
730 865 984 914 substantia.
1010 865 1198 907 Utuntur
1206 863 1366 906 'autem

263 943 350 985 hoc
377 940 654 983 testimonio:
681 938 815 980 homo
848 935 1024 991 quidam
1047 934 1219 978 nobilis.
1257 935 1366 977 Nam

264 1017 307 1056 et
318 1012 518 1055 hocloco
542 1011 640 1066 quis
657 1009 862 1065 (quidam)·
870 1007 1032 1064 aliquid
1049 1007 1226 1050 denotat
1245 1006 1366 1062 quod

259 1084 437 1140 proprie
461 1083 547 1125 tale
573 1086 653 1124 est.
1131 1099 1138 1107 ·
1336 1071 1338 1074 ’

319 1155 590 1225 Quamquam
618 1154 663 1196 hi
693 1152 891 1195 iucundis
917 1151 999 1194 sibi
1019 1150 1148 1193 rebus
1167 1149 1366 1193 videntur

223 1243 226 1247 ·
261 1228 447 1284 expleri,
481 1231 667 1269 attamen
697 1237 779 1279 ego
801 1224 1018 1266 saeculum
1047 1227 1275 1278 expectans
1291 1222 1364 1264 fu-

254 1305 406 1342 turum
435 1302 662 1352 rectaeque
692 1297 803 1338 vitae
834 1294 1100 1349 mercedem,
1122 1297 1242 1337 extra
1271 1305 1365 1336 om-

259 1383 360 1414 nem
390 1369 759 1425 perturbationem
787 1371 967 1422 propter
996 1379 1117 1421 spem
1152 1366 1365 1408 constitu-

259 1448 331 1486 tus
345 1474 358 1496 ‚
381 1443 426 1484 in
446 1441 492 1484 id
512 1441 654 1496 ipsum
673 1438 921 1497 recumbam
946 1442 989 1480 et
1009 1437 1274 1493 soporabor3
1297 1451 1368 1480 re-

259 1514 536 1557 clinationem
578 1499 862 1566 somnumque
904 1510 1049 1552 dicens
1089 1523 1140 1552 ex
1170 1510 1251 1555 hac
1280 1510 1369 1553 vita

262 1585 512 1628 discessum.
533 1584 625 1625 Iam
645 1595 772 1624 causa
790 1585 983 1639 narrata,
1013 1594 1091 1624 cur
1120 1581 1370 1624 recubuerit

262 1660 306 1698 et
324 1657 369 1698 in
391 1668 496 1711 pace
517 1653 770 1697 dormiverit
786 1684 798 1707 ‚
821 1653 964 1695 statim
985 1652 1134 1695 addit:
1163 1655 1370 1709 quoniam

261 1727 308 1769 in
339 1739 444 1782 pace
475 1725 733 1768 constituisti
762 1736 846 1766 mc.
889 1724 1058 1779 Quippe
1091 1725 1225 1787 etiam
1255 1726 1368 1780 apud

262 1798 415 1840 Oseam
446 1796 603 1838 dicitur
632 1796 792 1837 animae
824 1808 875 1836 ex
904 1807 1090 1850 persona
1120 1796 1222 1838 Dei:
1258 1809 1367 1839 con-

265 1869 441 1910 stituam
470 1872 514 1909 te
551 1868 596 1908 in
626 1879 748 1921 pace.
784 1866 903 1908 Facit
931 1866 1018 1908 hoc
1053 1865 1196 1914 autem
1225 1869 1338 1910 Deus
1355 1902 1365 1922 ‚

262 1926 509 1981 futurorum
551 1950 672 1993 spem
703 1937 948 1979 divinorum
989 1937 1207 1980 bonorum
1250 1939 1369 1981 exhi-

260 2010 369 2053 bens
401 2010 643 2052 constitutis
673 2009 727 2051 ab
760 2021 812 2051 eo
842 2009 887 2051 in
908 2009 1181 2052 intellectuali
1206 1994 1368 2065 practi-

262 2093 399 2136 caque
428 2081 586 2121 virtute
602 2112 614 2134 ‚
650 2084 692 2121 et
720 2080 767 2122 in
798 2080 990 2122 veritatis
1027 2079 1301 2135 dogmatibus·
1327 2086 1370 2124 et

262 2151 553 2194 ecclesiasticis
587 2150 771 2205 legibus.

1289 273 1497 306 PSALMUM
1531 274 1595 305 lv.

2454 260 2545 306 137

1436 354 1590 420 μειῶἒὲη
1625 358 1681 424 ἐφ’
1718 357 1826 421 ἡμᾶς
1864 359 2150 446 μορφωθὲντας
2187 360 2272 410 κατ’
2305 379 2445 447 αυτρν·
2481 360 2549 408 οὐκ

1434 424 1635 493 ἀγνωςὲον
1668 426 1718 482 ὦς
1759 426 2069 493 ἀναγινωσκυσι
2104 450 2203 484 τινες
2242 427 2320 490 τὸ,
2361 452 2425 486 τις
2465 427 2549 478 δεί-

1436 501 1492 554 ξει
1525 518 1622 559 ημιν
1653 519 1706 548 τοι
1738 496 1911 561 ἁγαθα,
1944 505 2080 554 οὑτως·
2117 522 2172 549 τα
2201 498 2337 565 ἀγαθα
2366 504 2412 549 οὐ
2445 505 2549 552 πολ-

1437 572 1522 623 λῶν,
1548 570 1680 628 ἐστιν,
1718 568 1810 615 ἀλλ’
1849 568 1933 632 ἔνὲς
1972 572 2080 618 ἐστιν
2116 568 2254 625 δείξαι·
2295 568 2406 627 οῧτος
2443 570 2486 620 δὲ
2524 572 2546 620 o‘

1422 637 1646 708 >’.ιενογενής
1693 640 1778 690 ἐστι
1823 642 1893 688 τοῦ
1935 644 2036 688 θεοῦ
2078 638 2176 695 υἱός·
2228 639 2412 704 σημαίνει
2461 645 2549 698 τοῖς

1437 712 1560 765 οὕτως
1579 708 1890 772 ἐκλαμβάνουσι
1935 732 1979 760 το
2029 712 2091 765 τίς
2114 749 2126 769 ,
2171 708 2215 762 23
2263 710 2547 777 ὀνομαζόμενον

1439 778 1548 835 ἱόιως
1587 778 1695 832 ποιόν
1730 777 1758 832 ἦ
1790 779 1934 856 ἄτομον
1965 803 2029 829 και
2063 803 2162 843 μιαν
2195 803 2251 844 τῳ
2280 784 2441 849 ἀριθμῷ
2484 786 2548 832 023-

1424 851 1550 902 ’σιαν·
1590 855 1844 918 συγχρῶνται
1888 873 2090 939 μαρτυριῳ
2128 848 2201 911 τὸ,
2240 850 2450 939 ἄνθρωπος
2490 877 2553 909 τις

1440 920 1614 988 ευγενής·
1658 945 1726 972 και
1769 925 1956 973 ἐνταῦθα
2000 944 2078 990 γαρ
2122 920 2167 973 τό
2216 945 2277 977 τις
2322 927 2431 976 δηλοῖ
2479 923 2547 974 τὸν

1440 991 1551 1049 ι’διως
1581 1017 1629 1045 π
1615 996 1705 1043 ιο’ν.
1743 1005 1756 1012 ”

1509 1140 1561 1187 El
1598 1160 1664 1186 και
1702 1134 1806 1188 ουτοι
1844 1134 1922 1188 ἀπό
1959 1158 2037 1186 των
2074 1133 2200 1189 ηδεων
2237 1138 2372 1191 αυτοῖς
2410 1135 2548 1194 ἔδοξαν

1438 1206 1759 1267 πληθυνεσθαι,
1806 1207 1920 1258 ἄλλα
1960 1229 2004 1294 χε
2021 1204 2120 1305 Qeym
2153 1210 2381 1274 ωροσόοκων
2426 1231 2549 1257 αιωνα

1437 1278 1642 1345 μελλοντα
1677 1302 1744 1330 και
1780 1278 1934 1343 μισθὸν
1972 1282 2103 1367 ὀρθῆς
2132 1275 2343 1333 ωολιτειας
2365 1317 2379 1339 ,
2412 1278 2548 1334 σάσης

1441 1373 1627 1417 ταραχης
1662 1349 1771 1406 ἐκτὸς
1803 1347 1869 1400 ὂια
1899 1370 1972 1404 την
2007 1346 2156 1400 ἐλπίδα
2190 1370 2381 1414 γεγενως,
2410 1372 2478 1400 επι
2503 1349 2545 1400 τὸ

1439 1420 1536 1472 αὐτὸ
1562 1419 1865 1511 κοιμηθηρομαι
1877 1444 1944 1471 και
1978 1439 2152 1471 υπνωσω·
2180 1442 2356 1483 κοιμησιν
2388 1443 2451 1469 και
2477 1446 2550 1472 υπ-

1439 1516 1502 1540 νον
1534 1489 1594 1542 λε
1582 1514 1660 1559 χων
1692 1515 1764 1545 την
1789 1491 1867 1542 ἀπὸ
1894 1515 1963 1543 του
1987 1489 2050 1551 βιε
2054 1514 2077 1539 υ
2103 1492 2385 1558 ἀναχώρησιν·
2401 1494 2420 1539 o‘
2447 1493 2549 1542 ἀπο-,-

1440 1561 1542 1624 dado
1503 1586 1564 1623 ους
1598 1587 1668 1616 την
1699 1560 1834 1613 αἶτιαν
1867 1567 1935 1613 τοῧ
1970 1584 2054 1610 κεκε
2061 1565 2235 1625 mim-5032
2270 1584 2335 1610 και
2375 1560 2550 1612 ὗπνωκε-

1440 1656 1504 1683 ναι
1540 1636 1590 1682 ἐν·
1613 1656 1769 1702 ειρηνῃ,
1803 1631 1925 1688 eus-Q
1959 1630 2176 1720 ὲπηγαγεν
2217 1635 2279 1681 ὅτι
2312 1635 2372 1683 ἐπ’
2411 1632 2548 1682 {hardi

1438 1703 1660 1769 κατῴκισάς
1691 1723 1756 1769 με·
1793 1704 1943 1770 εἴρηται
1970 1701 2013 1752 δε
2037 1727 2104 1751 και
2139 1705 2178 1750 ἐν
2200 1701 2325 1756 Ὠσηὲ
2350 1702 2450 1769 πρὸς
2478 1725 2547 1755 την

1440 1775 1573 1840 ψυχην
1595 1815 1607 1836 ,
1645 1779 1685 1824 ἐγ
1723 1797 1793 1841 πρε
1775 1797 1925 1826 -GthGU
1963 1778 2030 1823 τεῦ
2066 1780 2139 1822 nde-⁷)
2143 1798 2164 1822 υ
2189 1810 2202 1832 7
2242 1798 2259 1817 (ί
2288 1778 2467 1822 rufum&
2505 1796 2549 1822 σε

1450 1871 1467 1890 ι»
1506 1850 1568 1897 ἐπ’
1602 1845 1743 1897 ἐλπιόι·
1759 1869 1776 1889 n
1806 1850 1906 1896 ποιεῖ
1932 1843 1974 1894 δὲ
2001 1848 2113 1930 τεῧτρ
2136 1841 2248 1902 θεας,
2284 1842 2430 1894 ἐὶπιδα
2455 1849 2550 1908 μελ-

1440 1915 1588 1968 λόντων
1621 1915 1741 1966 Ξειων
1775 1919 1884 1982 ἀγα
1858 1921 1943 1965 Ξ-ὦν
1974 1937 2043 1981 πρε
2027 1937 2182 1978 τεινων
2216 1937 2299 1970 τοις
2331 1924 2549 1970 κατοικιζο-

1438 1986 1568 2052 μένοις
1594 1989 1658 2040 ὑπ’
1682 1991 1804 2037 autc&
1835 1990 1873 2035 ἐν
1899 1990 2119 2051 ὂιανοητικῇ
2140 2009 2206 2034 και
2240 2008 2433 2053 πρακτικῃ
2459 1989 2550 2052 ἀρε-

1442 2063 1518 2125 τῇ,
1553 2082 1619 2109 και
1654 2062 1693 2107 ἐν
1728 2056 1920 2125 ὀέγμασιν
1952 2055 2178 2119 οἷληθειας,
2210 2080 2276 2106 και
2304 2054 2462 2121 θεσμοις
2488 2059 2550 2104 ἑκ-

1441 2133 1762 2185 κλησιαστικοις.

1134 2228 1556 2311 ΡΞᾸΑῙΛΜΠὸ
1616 2263 1672 2304 V.

263 2395 332 2480 In
365 2438 507 2481 finem.
546 2438 612 2481 Ob
648 2439 883 2492 gratiarum
927 2438 1140 2480 actionem
1182 2439 1368 2494 hymnus

263 2511 429 2552 canitur
445 2542 468 2567 ,ι
482 2523 563 2565 pro
577 2511 715 2551 anima
730 2522 802 2551 seu
819 2509 994 2552 ecclesia
1014 2510 1070 2552 ad
1084 2510 1273 2553 divinam
1289 2511 1368 2553 he-

262 2581 485 2624 reditatem
503 2586 650 2623 evecta
667 2612 679 2633 ‚
701 2593 788 2623 non
806 2580 1066 2623 materialem
1096 2582 1169 2624 sed
1197 2583 1369 2638 spirita-

262 2652 364 2700 lem.
397 2652 667 2694 Attolluutur
690 2653 804 2694 enim
826 2653 903 2694 Dei
923 2653 1075 2695 famuli
1094 2686 1106 2708 ,
1131 2654 1368 2696 secundum

264 2722 525 2778 apostolum,
535 2722 589 2765 ad
603 2723 888 2765 hereditatem
902 2724 1290 2779 incorruptibilem,
1305 2727 1369 2767 in-

264 2792 599 2836 contaminatam
641 2797 685 2835 et
720 2793 1094 2836 inmarcessibilem
1111 2825 1124 2848 ,
1164 2795 1210 2838 in
1244 2795 1370 2838 caelis

263 2867 573 2907 conservatam.
594 2865 662 2907 Ad
682 2876 811 2919 quam
832 2865 1033 2907 Sei-vator
1052 2866 1237 2908 invitans
1253 2897 1266 2918 ‚
1291 2867 1366 2909 ait:

262 2936 404 2978 venite
426 2936 502 2990 qui
517 2948 541 2978 a
563 2935 722 2977 dextris
738 2936 842 2977 meis
860 2936 959 2978 estis
974 2967 986 2990 ‚
1007 2936 1226 2988 benedicti
1245 2949 1270 2980 a
1290 2949 1369 2992 pa-

262 3012 328 3050 tre
363 3019 460 3049 meo
477 3037 490 3060 ‚
525 3006 741 3061 possidete
771 3011 970 3061 paratum
1001 3007 1126 3050 vobis
1158 3020 1365 3062 regnum:

262 3078 383 3134 quod
405 3079 440 3120 is
459 3108 471 3131 ‚
502 3078 578 3132 qui
609 3077 705 3120 heic
735 3068 957 3133 loquitur,
981 3081 1158 3134 cupiens
1175 3111 1187 3132 ,
1220 3092 1369 3135 preces

268 3150 439 3192 extollit
458 3148 514 3191 ad
533 3149 646 3191 illius
664 3153 1014 3203 praeparatorem
1036 3152 1188 3193 Deum.

320 3220 513 3262 Verbum
543 3205 748 3266 ἕνῶτισαι,
774 3220 894 3275 quod
910 3222 1124 3264 insuetum
1145 3227 1208 3275 est
1222 3253 1234 3275 ‚
1249 3216 1368 3265 ‘con-

265 3295 427 3334 stanter
447 3291 492 3332 in
510 3290 723 3344 scriptura
752 3302 871 3333 sacra
898 3292 1076 3346 ponitur
1091 3323 1103 3345 ‚
1127 3277 1369 3348 significans

266 3361 390 3418 quod
419 3363 466 3403 in
489 3372 635 3403 aurem
656 3361 837 3416 excipiat
857 3362 894 3404 is
915 3363 993 3417 qui
1014 3362 1134 3405 audit
1152 3375 1368 3406 sermones

263 3432 319 3478 ab
331 3433 476 3487 aliquo
491 3432 802 3487 pronunciatos
817 3463 830 3485 ,
851 3433 921 3475 cui
935 3435 1156 3488 proximus
1175 3434 1267 3489 ipse
1285 3440 1364 3478 est.

261 3507 401 3548 Porro
433 3509 574 3548 autem
610 3504 702 3546 Deo
730 3506 916 3560 proximi
954 3505 1113 3548 affectu
1142 3511 1242 3548 sunt
1269 3507 1369 3550 iusti

194 3599 197 3602 -
262 3576 476 3621 homines.
498 3575 620 3618 Unde
641 3575 692 3617 fit
705 3607 717 3629 ,
744 3580 792 3619 ut
817 3576 1027 3619 iustorum
1048 3589 1198 3632 preces
1219 3577 1367 3620 audire

263 3647 433 3691 dicatur
446 3649 562 3690 Deus
578 3680 590 3702 ‚
609 3651 653 3690 et
673 3659 799 3690 aures
814 3648 1040 3703 postulatis
1054 3648 1231 3691 illorum
1247 3661 1368 3704 prae·
1406 3654 1409 3661 ⁴

260 3719 378 3762 bere.
411 3720 502 3769 Rex
533 3718 674 3762 autem
693 3719 822 3762 simul
841 3723 884 3762 et
901 3724 1071 3762 creator
1100 3721 1213 3762 Deus
1233 3721 1369 3763 est-il-

251 3789 404 3832 lorum
417 3822 430 3844 ,
452 3791 527 3845 qui
557 3803 706 3833 manus
729 3803 827 3833 suas
846 3789 900 3833 ad
926 3790 1110 3833 alienum
1126 3791 1263 3833 Deum
1278 3803 1367 3834 non

262 3860 522 3916 extendunt,
555 3873 692 3927 neque
722 3861 801 3914 sub
832 3862 1000 3916 peccati
1030 3861 1223 3914 dominio
1245 3866 1361 3914 sunt.

1440 2402 1550 2496 Εἷς
1587 2438 1632 2489 τὲ
1666 2438 1799 2495 τέλος.
1833 2436 2100 2507 Χαριστηριος
2123 2440 2244 2501 ὕμνος
2277 2436 2419 2496 ᾄδεται
2455 2433 2549 2502 ὑπὲρ
2614 2467 2620 2474 -

1441 2534 1512 2567 της
1534 2508 1825 2579 ἀναφερομένης
1846 2508 2034 2575 ψυχης”
2009 2532 2095 2561 ητοι
2122 2506 2334 2563 ἔκκλησιας
2361 2509 2416 2566 εἷς
2442 2504 2551 2555 θείαν

1439 2582 1692 2669 κληρονομίαν
1721 2583 1791 2669 ρι’)γ.
1821 2579 2019 2641 αισθητῆν
2053 2578 2161 2628 ἄλλα
2184 2577 2339 2630 νοητήν
2375 2575 2551 2642 εἰσάγον-

1441 2675 1509 2708 ται
1532 2651 1608 2721 γᾶρ
1633 2654 1667 2702 οἶ
1692 2651 1759 2704 τὸν
1784 2649 1881 2701 θεόν
1907 2649 2197 2718 ἓεραπευοντες
2221 2672 2330 2698 κατα
2354 2646 2422 2697 τον
2446 2646 2552 2698 ἀπέ-

1442 2729 1580 2776 στολον
1620 2727 1678 2779 εἷς
1715 2721 1971 2790 κληρονομίαν
1999 2721 2219 2809 αφθαρτον
2257 2743 2320 2768 και
2359 2717 2551 2783 ἀμιαντον

1440 2818 1507 2844 και
1545 2793 1774 2881 ἀμάραντον
1813 2790 2074 2861 τετηρημένην
2114 2794 2153 2841 ἐν
2191 2793 2384 2857 οὐρανοῖς·
2420 2793 2476 2845 εἱς
2507 2809 2553 2839 γν

1440 2869 1571 2914 καλων
1605 2868 1624 2913 ὃ
1658 2887 1794 2931 σωτηρ
1825 2885 1912 2932 εφη·
1947 2867 2059 2913 δεῧτε
2097 2865 2131 2913 εἶ
2166 2864 2207 2910 ἐκ
2243 2864 2375 2917 δεξιῶν
2412 2883 2460 2923 με
2444 2884 2486 2909 υ
2514 2862 2551 2945 ρὶ

1443 2933 1689 3002 εὐλογημενοι
1723 2940 1792 2984 τοῦ
1822 2957 1975 3002 πατρος
2001 2957 2100 2996 μου,
2126 2929 2446 3012 κληρονομησατε
2480 2950 2551 2981 την

1440 3003 1738 3069 ητοιμασμένην
1774 3006 1869 3069 ὑμῖν
1907 3001 2134 3066 βασιλειαν·
2176 3023 2224 3054 ην
2265 3003 2284 3049 o‘
2318 2998 2439 3064 λέγων
2477 3022 2551 3050 πο-

1441 3075 1598 3137 sesag,
1633 3098 1754 3140 ευχην
1780 3073 2004 3139 ἀναπέμπει
2031 3078 2085 3138 τῷ
2117 3069 2391 3139 εὐτρεπισαντι
2423 3068 2550 3123 αὐτην

1443 3151 1547 3210 θεῷ.

1513 3215 1572 3266 T3
1607 3214 1650 3274 δὲ
1683 3214 1897 3273 ἐνωτισαι,
1932 3239 1988 3280 μη
2022 3212 2228 3283 φερόμενον
2267 3215 2310 3260 ἐν
2344 3234 2394 3276 τῃ
2428 3235 2550 3263 σννη-

1439 3286 1536 3349 θείᾳ
1555 3327 1569 3346 .,
1606 3289 1648 3335 ἐν
1683 3310 1732 3339 τη
1752 3291 1895 3359 γραφῇ
1923 3290 2053 3336 κεῖται
2086 3291 2263 3349 συνεχῶς
2285 3321 2298 3342 ,
2333 3285 2450 3334 ἂηλε
2410 3304 2471 3330 υν
2506 3282 2549 3331 τὸ

1440 3361 1501 3413 εἰς
1534 3381 1587 3407 τα
1617 3340 1723 3407 εἶτα
1733 3355 1933 3422 δέχεσθαι
1967 3355 2035 3407 τόν
2058 3358 2138 3405 οἶκε
2142 3377 2264 3422 υοντα
2290 3375 2380 3409 τους
2412 3354 2550 3419 dri-uy-

1438 3426 1698 3506 γελλομενους
1732 3427 1875 3516 λοχους
1907 3432 1974 3480 τοῦ
1998 3427 2178 3492 λέγοντος
2210 3421 2379 3483 αὐτους,
2414 3423 2480 3473 duo}
2506 3423 2549 3474 τὸ

1440 3497 1559 3566 ἐγγυς
1584 3504 1702 3548 εἰναι·
1731 3521 1868 3563 σχεσει
1894 3499 1924 3548 δ’
1956 3496 2076 3563 ἐγγυς
2101 3500 2135 3546 οἱ
2169 3495 2308 3546 δι’καιοι
2336 3498 2435 3543 θεοῦ·
2463 3500 2550 3544 ὅθεν

1439 3592 1580 3634 ευχαις
1619 3566 1777 3619 δικαιων
1817 3567 2028 3620 ἐσακουειν
2066 3589 2219 3634 ειρηται
2256 3569 2275 3614 o‘
2314 3565 2411 3620 θεὸς
2433 3604 2445 3624 ,
2483 3587 2549 3612 και

1439 3638 1493 3689 τᾶ
1522 3644 1606 3689 ὦτα
1631 3640 1739 3703 ἔχειν
1764 3663 1823 3694 εις
1851 3638 1980 3692 δεησιν
2004 3640 2148 3689 αὐτῶν·
2175 3633 2372 3700 βασιλευς
2405 3639 2436 3684 δ’
2462 3637 2549 3696 ἅμα

1438 3731 1502 3758 και
1535 3709 1819 3777 (Βηὶινιιουργόςς
1803 3733 1822 3758 ο
1855 3708 1955 3766 &20³2
1993 3709 2216 3775 τυγχάνει,
2251 3728 2327 3758 των
2359 3729 2418 3768 μη
2457 3709 2550 3753 δια-

1438 3778 1696 3831 πετασάντων
1730 3784 1875 3847 χεῖρας
1909 3782 2042 3830 αυτῶν
2068 3778 2164 3846 πρὸς
2197 3775 2294 3826 ,θεόν
2318 3773 2499 3843 αλλότριε
2503 3797 2546 3833 ν,

1438 3874 1493 3915 μη
1528 3849 1571 3900 δὲ
1603 3850 1976 3915 βασιλευομένων’
1957 3849 2031 3904 υπό
2057 3856 2126 3907 τῆς
2150 3867 2370 3915 αμαρτιοις.

2368 3939 2416 3981 18..

2590 1157 2626 1249 svn<

2640 1155 2668 1250 &fv-5²³

2591 3226 2628 3318 Qu<

2638 3223 2670 3318 -*'··.·*!*'¹

2694 3258 2712 3318 Ὦω

2715 3311 2721 3317 .
2714 3264 2730 3282 Ι.

2754 1186 2776 1215 h
