2996 4432
0 246 2 250 -
0 172 6 214 -v-
0 0 15 134 2—·--vv

0 891 5 910 “
0 560 9 877 eumz—«vrrw-„y-v
0 520 8 549 ,.
0 502 3 508 .
0 459 9 483 ·.-
0 439 3 443 .
3 383 5 389 .

1290 254 1529 286 nomzoms.
1661 270 1666 274 -
2490 244 2552 289 67

281 361 338 395 se
370 362 495 395 vero
530 351 714 415 peceat
739 340 1020 412 episcopus
1058 339 1101 391 si
1126 339 1322 392 carnali
1357 337 1669 392 commercio
1705 340 1979 393 misceatur
2015 361 2136 394 cum
2173 341 2398 405 femina3
2447 342 2546 395 du-

286 427 397 477 rius
435 437 608 478 tamen
643 434 826 495 peccat
859 423 901 474 si
936 441 1055 474 cum
1091 423 1350 476 monacha
1385 422 1470 475 vel
1506 441 1627 474 cum
1659 424 1957 494 coniugata.
1999 424 2244 476 Similiter
2279 422 2348 478 de
2379 443 2546 477 sacer-

283 507 503 560 dotibus
536 519 590 560 et
621 506 790 558 levitis
825 503 1155 558 sentiendum
1195 516 1290 557 est.
1324 505 1391 557 Et
1422 506 1660 576 quamvis
1697 507 1990 558 canonibus
2027 507 2282 559 sancitum
2307 519 2386 559 est
2415 509 2545 561 tales

288 609 401 642 non
438 589 634 642 debere
666 587 840 641 redire
874 587 944 640 ad
979 587 1220 653 ordineS,
1259 607 1358 642 nos
1381 598 1556 640 tamen
1590 588 1808 641 arbitrio
1839 589 2150 658 pontificum
2169 629 2181 650 ‚
2211 609 2442 660 quorum
2472 591 2547 643 iu-

280 673 526 726 dicantur
557 671 753 725 iudicio
790 671 1188 742 delinquenteS,
1229 683 1351 742 post
1385 671 1485 723 alia
1519 669 1778 741 quaedam
1806 671 1932 722 huic
1963 672 2223 741 opusculo
2262 673 2542 726 inserenda

277 756 534 827 capitula,
577 754 724 826 quod
755 774 784 806 a
823 755 1018 806 nostris
1051 755 1340 807 maioribus
1374 753 1700 817 audivimus,
1740 772 1943 823 quaeve
1980 754 2036 806 in
2073 766 2368 806 sanctarum
2411 757 2537 808 scri-

279 849 554 908 pturarum
589 838 796 908 paginis
825 837 1072 908 legimuS,
1110 837 1285 890 dicere
1324 836 1642 890 curabimus.
1684 835 1841 887 Nune
1879 854 2007 888 vero
2043 835 2108 888 de
2143 837 2337 889 incesta
2373 857 2539 909 copu-

277 920 500 983 latione,
541 939 679 992 quae
714 922 851 974 inter
885 922 1306 992 consanguineos
1335 920 1413 983 fit,
1455 919 1786 972 disseramus.

276 1004 376 1054 Ad
407 1004 529 1055 duo
549 1004 816 1075 quaedam
852 962 1116 1075 capitulas
1133 1004 1197 1055 de
1233 1003 1446 1055 incestis
1492 1003 1702 1074 nuptiis
1741 1002 1841 1053 sab
1878 1001 2189 1053 nominibus
2229 1003 2539 1055 Innocentii

379 1098 430 1137 et
467 1088 706 1158 Gregorii
737 1088 816 1139 sic
849 1086 1226 1138 animadvertit
1260 1087 1483 1138 Bonizo.

391 1169 506 1231 144.
550 1170 693 1222 Haec
728 1169 837 1222 duo
882 1169 1111 1240 capitula
1153 1169 1456 1221 nominibus
1499 1186 1836 1220 romanorum
1880 1166 2191 1237 pontificum
2239 1167 2536 1221 Innocentii

275 1251 472 1304 scilicet
519 1264 572 1304 et
619 1253 864 1323 Gregorii
917 1252 1121 1304 titulata
1144 1292 1158 1314 ,
1209 1253 1520 1323 apocrypha
1563 1262 1723 1313 sunt,
1767 1261 1878 1301 tum
1924 1250 2050 1320 quia
2091 1250 2147 1302 in
2190 1248 2538 1302 decretalibus

278 1352 463 1386 eorum
493 1335 724 1405 epistolis
757 1353 868 1386 non
898 1332 1244 1387 inveniuntur
1281 1335 1561 1405 inscripta,
1595 1345 1708 1384 tum
1737 1334 1864 1404 quia
1893 1344 2194 1385 sanctorum
2222 1345 2433 1403 patrum
2465 1352 2538 1386 re-

276 1417 413 1486 gulis
445 1416 695 1469 videntur
730 1418 921 1469 sentire
956 1418 1235 1470 contraria.
1278 1418 1524 1470 Ceterum
1557 1417 1628 1469 ob
1660 1418 1762 1468 hoc
1797 1434 1912 1467 meo
1950 1416 2208 1486 opusculo
2244 1416 2373 1469 haec
2398 1417 2534 1468 inse-

272 1516 388 1551 rere
424 1500 601 1562 volui,
641 1512 702 1551 ut
738 1501 923 1552 scirem
957 1499 1280 1571 respondere
1314 1500 1395 1552 his
1430 1500 1526 1571 qui
1562 1499 1628 1551 de
1661 1499 1854 1551 talibus
1890 1511 2264 1569 praesumunt,
2309 1510 2361 1551 et
2401 1519 2528 1552 con-

269 1581 583 1635 tradicentes
620 1601 829 1653 possem
861 1601 1110 1653 superare
1154 1583 1219 1651 1).

762 1665 1012 1736 Epilogus
1049 1664 1115 1717 de
1152 1665 1360 1716 incestis
1394 1663 1766 1736 compendiose
1794 1664 2042 1734 digestuS.

383 1749 496 1811 145.
540 1749 765 1819 Propter
800 1748 1084 1818 plerosque
1119 1748 1379 1818 simplices
1418 1749 1702 1818 minusque
1732 1766 1947 1818 capaces
1983 1748 2112 1799 haec
2160 1748 2380 1800 strictim
2414 1748 2528 1801 bre·

269 1832 511 1902 viterque
553 1830 857 1901 replicanda
898 1831 1346 1901 pernecessarium
1394 1829 1643 1882 duximus
1669 1870 1682 1891 ,
1739 1842 1798 1882 ut
1845 1831 1939 1901 qui
1985 1831 2140 1900 plura
2185 1832 2526 1901 nequiverint

268 1916 468 1986 legere,
509 1915 608 1966 hac
639 1913 1080 1966 defloratiuncula
1109 1918 1399 1985 utcumque
1430 1913 1632 1966 discant
1668 1913 1800 1984 quid
1825 1912 2086 1982 agendum
2113 1913 2179 1964 sit
2213 1912 2279 1965 de
2312 1915 2392 1966 his
2431 1916 2527 1985 qui

268 1998 490 2050 incestas
526 1992 608 2049 v‘el
636 1996 865 2048 diversas
901 1997 1296 2050 commixtiones
1325 2008 1603 2068 appetunt.
1644 1997 1828 2048 Incesti
1858 2015 2085 2067 namque
2115 1997 2239 2048 dicti
2277 2010 2433 2060 sunt,
2482 1999 2524 2050 si

263 2082 472 2150 genitor
507 2100 626 2132 cum
659 2080 824 2132 libera
849 2081 890 2144 ⁴³,
918 2081 961 2132 si
995 2091 1151 2131 natus
1182 2099 1302 2132 cum
1335 2080 1612 2150 genitrice,
1642 2079 1686 2130 si
1717 2098 1996 2149 germanus
2022 2098 2142 2131 cum
2173 2098 2445 2150 germana,
2482 2081 2525 2133 si

264 2164 308 2215 si
341 2175 561 2234 patruus
589 2163 670 2215 vel
697 2163 990 2215 avunculus
1018 2182 1139 2214 cum
1168 2174 1363 2233 nepote
1380 2204 1393 2224 ‚
1421 2163 1466 2216 si
1490 2180 1656 2232 nepos
1687 2181 1807 2213 cum
1832 2173 2107 2214 matertera
2137 2163 2218 2214 vel
2250 2163 2406 2215 amita
2426 2204 2441 2226 ,
2481 2164 2525 2215 si

263 2246 615 2297 consobrinus
652 2264 772 2297 cum
807 2246 1153 2310 consobrina,
1200 2247 1244 2296 si
1273 2264 1393 2297 cum
1419 2257 1615 2314 ‘agnata
1648 2245 1730 2297 vel
1764 2256 2004 2315 cognata.
2038 2246 2233 2315 (agnati
2269 2258 2395 2298 sunt
2429 2248 2523 2317 qui

262 2328 330 2380 de
356 2329 496 2380 virili
531 2347 663 2380 sexu
697 2337 926 2392 exeunt'3
967 2328 1178 2399 cognati
1212 2340 1337 2380 sunt
1369 2329 1649 2399 utriusque
1674 2329 1874 2397 sexus),
1905 2330 1947 2380 si
1981 2328 2194 2379 vitricus
2221 2347 2342 2379 cum
2366 2330 2523 2399 privi-

262 2431 361 2481 gna
383 2452 398 2474 ,
427 2413 469 2464 si
497 2411 768 2482 privignus
798 2430 920 2462 eum
954 2429 1207 2476 noverca,
1237 2411 1279 2463 si
1306 2421 1562 2481 cognatus
1591 2430 1710 2462 eum
1740 2422 1959 2480 cognata
1989 2429 2124 2481 quae
2149 2421 2227 2462 est
2251 2431 2390 2463 uxor
2414 2431 2523 2483 ger-

262 2496 402 2546 mani
431 2495 542 2557 sui,
590 2505 681 2545 aut
718 2513 840 2545 cum
876 2512 1122 2562 germana
1155 2494 1338 2546 uxoris
1374 2512 1499 2565 suae
1529 2512 1699 2564 usque
1729 2493 1796 2545 ad
1825 2505 2066 2564 quartam
2099 2495 2425 2564 progeniem.
2465 2495 2521 2547 Si

260 2589 409 2648 pater
442 2588 495 2628 et
530 2576 668 2628 filius
689 2618 701 2639 ‚
745 2587 836 2627 aut
869 2575 978 2627 duo
1009 2575 1195 2627 fratres
1228 2595 1347 2627 cum
1385 2595 1493 2647 una
1526 2576 1768 2641 muliere,
1805 2589 1896 2629 aut
1927 2596 2047 2629 cum
2080 2573 2245 2629 matre
2291 2589 2343 2629 et
2376 2578 2482 2630 filia
2502 2619 2516 2641 ,

265 2672 359 2712 aut
386 2659 594 2711 duabus
627 2659 1002 2711 commatribus
1044 2658 1287 2710 coierint.
1327 2658 1610 2710 Sollicitius
1651 2659 2039 2730 providendum
2072 2672 2175 2725 est,
2217 2661 2343 2731 quia
2379 2661 2521 2713 aliud

259 2756 338 2797 est
366 2763 526 2814 gener
553 2763 674 2795 cum
702 2762 886 2806 socru,
919 2743 1137 2794 vitricus
1174 2762 1293 2794 cum
1325 2743 1595 2813 privigna,
1630 2754 1884 2813 cognatus
1919 2762 2039 2795 cum
2074 2754 2312 2814 cognata.
2358 2743 2519 2795 Aliud

258 2839 338 2899 est
374 2838 523 2898 pater
556 2838 609 2878 et
643 2826 807 2888 filius,
842 2836 934 2877 aut
956 2824 1066 2877 duo
1093 2826 1277 2877 fratres
1307 2845 1428 2877 cum
1466 2844 1573 2877 una
1605 2827 1851 2890 muliere,
1889 2838 1982 2877 aut
2007 2845 2127 2876 cum
2153 2824 2385 2892 duabus»,
2427 2837 2519 2878 aut

259 2902 381 2962 ciim
416 2921 579 2961 matre
615 2920 668 2960 et
703 2908 808 2960 filia
846 2927 987 2960 unus
1022 2908 1118 2958 vir.
1155 2907 1209 2959 Si
1245 2927 1365 2960 cum
1410 2921 1610 2960 sacrata
1645 2909 1848 2978 virgine
1887 2908 1967 2959 vel
2011 2908 2411 2960 sanctimoniali.
2456 2908 2518 2959 Si

210 3024 213 3033 =
257 3012 377 3044 cum
403 3005 572 3044 uxore
605 2992 837 3043 alter-ius.
864 2991 918 3047 Si
939 3010 1064 3043 cum
1097 3002 1388 3061 compatre,
1417 3010 1536 3042 cum
1567 3003 1867 3055 commatre,
1891 2990 1971 3041 vel
1998 2990 2159 3042 frater
2183 3009 2304 3042 cum
2334 3009 2513 3043 sorore

256 3077 312 3127 in
345 3076 573 3128 Christo.
616 3076 759 3127 Haec
788 3085 863 3125 est
888 3074 1083 3126 incesta
1109 3074 1191 3125 vel
1217 3073 1415 3125 nefaria
1451 3074 1789 3135 commixtio,
1830 3084 1881 3124 et
1905 3073 1948 3124 si
1987 3072 2250 3143 quispiam
2294 3073 2514 3144 aliquod

254 3158 323 3210 de
371 3158 451 3209 his
503 3157 679 3218 malis,
739 3174 875 3227 quae
927 3157 1169 3227 superius
1208 3156 1464 3208 brevitate
1515 3156 1896 3226 comprehensa
1941 3167 2097 3218 sunt,
2149 3156 2380 3207 incestus
2428 3157 2512 3208 vel

254 3240 517 3304 nefarius,
560 3240 602 3290 si
639 3240 847 3309 genitor
879 3257 1000 3290 cum
1033 3238 1164 3303 filia,
1205 3239 1248 3290 si
1278 3239 1417 3290 filius
1455 3257 1575 3290 cum
1609 3239 1860 3307 genitrice
1891 3257 1945 3290 se
1974 3238 2267 3291 miscuerit:
2309 3250 2510 3310 septem

254 3342 423 3375 annos
466 3334 616 3374 extr-a
659 3332 820 3373 metas
864 3322 1030 3392 ipsius
1066 3333 1238 3373 terrae
1270 3322 1396 3374 exul
1438 3321 1546 3373 fiat.
1586 3321 1724 3372 Tum
1752 3319 1959 3372 demum
1991 3319 2178 3373 diebus
2211 3322 2350 3373 vitae
2386 3341 2509 3374 suae

253 3407 311 3457 in
354 3405 538 3457 eremis
578 3423 698 3455 cum
743 3403 870 3455 fletu
900 3414 955 3455 et
985 3404 1131 3455 luctu
1174 3405 1464 3474 paeniteat,
1502 3415 1555 3455 et
1591 3403 1932 3455 eucharistiae
1967 3422 2079 3456 non
2122 3405 2472 3456 communicet
2491 3446 2505 3468 ‚

252 3488 354 3539 nisi
397 3497 617 3556 urgente
658 3487 839 3537 mortis
877 3486 1137 3562 periculo.
1177 3485 1232 3537 Si
1274 3504 1551 3556 germanus
1593 3504 1712 3537 cum
1755 3504 1999 3556 germana
2023 3527 2037 3548 ,
2081 3487 2123 3538 si
2161 3499 2383 3558 patruus
2428 3488 2508 3539 vel

336 3607 369 3650 ι)
392 3607 476 3642 Duo
502 3604 564 3641 illa
590 3602 752 3652 capitula
776 3609 884 3649 sunt,
910 3604 1071 3652 primum
1097 3604 1134 3641 S.
1157 3588 1326 3650 Gregorii
1349 3604 1475 3651 magni
1493 3603 1711 3652 rescriptum
1729 3602 1775 3641 ad
1794 3603 1954 3642 Felicem
1981 3615 2252 3642 messanensem
2276 3604 2422 3652 registr.
2440 3603 2505 3641 lib.

221 3704 224 3705 γ
252 3667 352 3702 XW.
383 3670 442 3701 17.
469 3663 516 3701 de
542 3664 750 3711 Anglorum
777 3664 988 3712 coniugiis,
1013 3663 1115 3712 quod
1142 3675 1271 3712 reapse
1295 3664 1473 3712 seriptum
1501 3664 1696 3702 nonnullis
1720 3669 1932 3711 suspectum
1960 3663 2057 3710 fuit,
2088 3665 2154 3702 sed
2183 3676 2203 3701 a
2231 3664 2415 3702 Maurinis
2442 3663 2504 3701 de-

250 3723 478 3776 fenditurin
505 3722 609 3768 adn„
635 3732 737 3760 nune
762 3727 887 3761 tamen
911 3733 932 3760 3
957 3723 1146 3764 Bonizone
1170 3733 1317 3772 quoque
1341 3722 1576 3771 repudiatum
1601 3721 1780 3759 videmus.
1802 3722 1972 3772 Alterum
1989 3729 2046 3760 est
2065 3723 2293 3767 Innocentii,
2310 3721 2411 3770 quod
2429 3732 2503 3759 non

248 3784 358 3821 liceat
400 3782 534 3819 ducere
572 3787 721 3819 uxorem
738 3809 748 3827 ‚
780 3781 948 3818 relictam
973 3781 1088 3830 patris
1119 3782 1244 3819 uxoris
1268 3792 1356 3819 suae
1373 3809 1383 3826 ,
1410 3792 1478 3819 nee
1512 3780 1678 3819 relictam
1704 3780 1829 3819 fratris
1857 3781 1983 3820 uxoris
2011 3791 2110 3819 suae.
2139 3781 2334 3830 Ceteroqui
2367 3780 2506 3819 scimus

250 3841 422 3890 coniugia
449 3844 739 3890 propinquorum
769 3840 926 3880 diversis
948 3841 1107 3898 saeculis
1128 3839 1269 3881 diversa
1291 3841 1432 3880 ratione
1462 3840 1710 3890 gradibusque
1735 3850 1911 3888 concessa
1936 3846 2003 3880 aut
2030 3839 2215 3890 prohibita
2238 3839 2373 3889 fuisse.

2337 3906 2354 3922 ί

2596 440 2663 484 coq.
2677 439 2698 471 f.
2715 446 2759 471 67.
2777 450 2811 471 a.

2587 1184 2655 1213 cod.
2672 1186 2693 1214 f.
2709 1190 2752 1215 68.
2766 1194 2793 1215 a.

2576 1764 2644 1794 cod.
2672 1764 2693 1793 f.
2711 1770 2754 1794 68.
2780 1766 2800 1793 h

2574 2013 2585 2024 ⁶
2603 2011 2676 2041 filia.

2559 3264 2634 3295 Cod.
2654 3266 2674 3295 f.
2690 3271 2733 3297 69.
2752 3273 2778 3294 a.
