2996 4432
430 361 439 367 s
496 371 719 414 emendare
755 369 932 422 nolunt,
966 366 1041 411 sed
1065 366 1281 410 defensare
1313 369 1563 423 persistunt,
1591 369 1789 412 haeretici
1818 373 1930 411 sunt.
1953 386 1971 405 ι»
2002 368 2121 412 Idem
2152 370 2197 412 in
2228 369 2339 413 libro
2373 369 2426 413 de
2455 370 2634 415 utilitate
2667 385 2760 415 cre-
2798 343 2803 347 .

498 274 559 318 9ss
1428 282 1555 314 caan.
1593 282 1832 315 nansnnmr

496 442 640 485 dendi.
688 460 704 477 «
729 440 976 483 Haereticus
1008 443 1098 492 est,
1136 439 1211 494 qui
1241 439 1416 481 alicuius
1448 439 1693 494 temporalis
1725 439 1940 482 commodi
1977 444 2020 482 et
2054 441 2233 483 maxime
2273 441 2432 495 gloriae
2465 442 2755 498 principatus-

499 526 590 568 que*
612 513 675 555 sui
702 511 836 566 gratia
852 543 864 566 ,
895 511 1021 553 falsas
1051 515 1095 552 et
1123 522 1254 552 novas
1281 511 1502 566 opiniones
1534 511 1603 553 vel
1636 509 1774 564 gignit
1805 509 1873 551 vel
1901 510 2106 565 sequitur.
2140 511 2217 554 Ille
2250 516 2389 554 autem
2425 512 2501 567 qui
2533 512 2754 555 huiusmo-

434 573 436 575 ’
498 585 543 627 di
572 583 816 627 hominibus
849 581 1010 635 credit,
1050 585 1113 623 est
1150 581 1447 635 imaginatione
1482 580 1664 636 quadam
1693 580 1885 622 veritatis
1917 580 2077 624 illusus.
2100 601 2117 618 u
2151 583 2434 638 Hieronymus
2461 584 2504 625 in
2534 583 2755 646 epistolam

260 732 331 762 cod.
352 730 372 762 f.
394 734 453 762 135.

495 655 554 698 ad
583 654 763 697 Galatas.
802 654 957 696 «Inter
986 653 1192 695 haeresim
1222 647 1264 695 et
1295 653 1474 695 schisma
1501 653 1585 696 hoc
1612 664 1700 694 esse
1729 651 2007 706 arbitramur,
2032 652 2152 707 quod
2173 653 2351 696 haeresis
2381 667 2621 709 perversum
2646 654 2753 709 dog-

496 739 568 768 ma
599 725 779 778 habeat,
813 724 997 766 schisma
1027 729 1126 778 post
1148 724 1428 779 episcopalem
1456 723 1750 766 discessionem
1780 722 1833 764 ab
1869 722 2040 785 ecclesia
2066 728 2254 779 separet.
2273 743 2289 760 υ
2334 726 2441 767 Item
2472 726 2586 768 iuxta
2616 725 2751 768 Isido-

496 809 609 840 rum.
653 815 669 832 a
693 796 776 848 Qui
806 807 966 838 sacram
1001 795 1252 849 scripturam
1277 794 1398 836 aliter
1421 794 1749 848 interpretatur,
1779 805 1905 848 quam
1932 793 2091 847 flagitat
2122 806 2269 837 sensus
2300 797 2480 850 Spiritus
2515 797 2646 849 sancti
2675 809 2753 851 per

499 880 626 923 quem
654 867 814 922 scripta
846 871 938 919 est,
963 865 1062 908 licet
1094 865 1149 908 ab
1189 865 1363 908 ecclesia
1397 877 1485 907 non
1517 865 1759 921 recesserit,
1798 864 2036 906 haereticus
2066 865 2267 920 appellari
2298 853 2453 921 potest.
2479 886 2496 903 ι»
2537 869 2642 910 Item
2677 880 2753 922 pa-

435 992 438 996 ·
496 952 554 995 pa
583 939 777 994 Pelagius
812 938 858 980 in
894 950 971 980 suo
1011 937 1188 992 registro
1227 936 1461 979 introducit
1490 935 1769 989 Augustinum
1799 935 1855 977 ita
1886 935 2155 978 definientem
2192 937 2369 979 schisma
2408 939 2452 980 in
2487 938 2663 993 epistola
2696 938 2751 981 ad

276 3007 344 3036 cod.
361 3007 381 3036 t.
399 3010 458 3036 13⁶.

498 1010 764 1052 Valerianum
792 1009 1052 1064 patricium,
1083 1000 1194 1050 inter
1225 1012 1378 1049 cetera.
1418 1005 1603 1048 «Videte
1632 1010 1777 1047 utrum
1807 1006 2061 1049 schismatici
2080 1019 2167 1049 non
2197 1008 2306 1059 sint,
2329 1009 2402 1063 qui
2424 1021 2468 1050 se
2489 1009 2542 1051 ab
2563 1011 2751 1052 eminen-

497 1081 657 1123 tissima
687 1084 730 1122 et
759 1079 1089 1122 manifestissima
1120 1078 1372 1120 auctoritate
1403 1077 1728 1138 apostolicarum
1759 1077 1920 1120 sedium
1950 1089 2210 1140 separavere.
2245 1078 2364 1121 Idem
2381 1079 2603 1135 Pelagius
2592 1093 2635 1122 ln
2658 1081 2750 1134 epi-

496 1152 610 1194 stola
627 1150 685 1193 ad
702 1151 918 1193 Viatorem
939 1154 981 1192 et
1003 1149 1270 1192 Pancratium
1300 1148 1531 1190 introducit
1551 1147 1729 1190 eundem
1751 1148 2031 1201 Augustinum
2052 1148 2110 1190 ita
2131 1148 2352 1191 dicentem.
2391 1150 2506 1202 «Qui
2529 1150 2751 1193 adversum

496 1223 795 1265 auctoritatem
823 1221 986 1262 illarum
1016 1220 1314 1272 ecclesiarum,
1348 1229 1454 1273 quae
1484 1218 1731 1272 apostolicas
1760 1218 1880 1260 sedes
1910 1223 1952 1261 et
1981 1218 2178 1274 epistolas
2208 1220 2397 1275 accipere
2433 1226 2748 1275 meruere„te-

500 1304 613 1335 mere
642 1292 774 1335 credit
792 1322 805 1344 ,
837 1290 1176 1332 immanissimum
1207 1290 1365 1331 crimen
1393 1289 1646 1331 schismatici
1674 1301 1700 1331 a
1728 1301 1773 1330 se
1804 1289 2052 1344 propulsare
2083 1303 2169 1332 non
2202 1291 2371 1345 poterit.
2396 1309 2411 1325 »

624 1364 690 1404 16.
724 1363 872 1416 Itaque
902 1365 1019 1416 patet
1040 1373 1089 1409 ex
1110 1360 1175 1402 his
1206 1360 1547 1413 definitionibus,
1581 1372 1654 1402 eos
1681 1372 1769 1402 esse
1797 1360 2011 1402 ecclesiam
2032 1361 2106 1414 qui
2128 1360 2455 1415 apostolicarum
2477 1362 2748 1404 ecclesiarum

502 1434 1074 1487 auctoritatemsequuntur:
1101 1444 1174 1482 eos
1203 1443 1303 1473 vero
1334 1431 1590 1473 omnimodis
1619 1443 1707 1472 esse
1736 1431 1804 1472 vel
1834 1431 2081 1473 simoniacos
2110 1431 2179 1473 vel
2207 1432 2443 1484 invasores,
2468 1432 2536 1474 vel
2565 1432 2750 1487 reliquos

501 1505 813 1557 schismaticos,
845 1504 929 1558 ‘qui
968 1508 1116 1546 contra
1151 1504 1432 1558 praescriptas
1453 1501 1746 1545 ‘auctoritates
1765 1501 1992 1544 doctorum
2010 1533 2021 1555 ,
2054 1505 2096 1543 et
2126 1501 2448 1556 apostolicarum
2484 1502 2670 1556 sedium,
2707 1509 2750 1546 et

449 1603 457 1611 ·
499 1581 741 1619 sanctorum
766 1580 932 1631 patrum
947 1606 959 1629 ,
985 1580 1032 1618 ut
1055 1588 1179 1630 supra
1200 1575 1358 1617 dictum
1381 1574 1491 1625 est*‚
1516 1575 1612 1629 plus
1632 1574 1745 1616 mille
1766 1573 2308 1628 ducentorum,1pontifices
2330 1574 2374 1615 in
2391 1575 2470 1616 Dei
2489 1575 2661 1618 ecclesia
2680 1589 2752 1617 or-

500 1647 670 1701 dinant,
704 1648 771 1689 vel
801 1647 875 1702 qui
905 1646 1171 1689 ordinantur.
1205 1640 1497 1688 Schismaticus
1526 1658 1627 1687 vero
1658 1646 1772 1687 iuxta
1793 1644 2090 1686 antiochenum
2120 1644 2344 1698 concilium
2368 1675 2380 1697 ,
2412 1646 2447 1687 si
2475 1647 2747 1700 permanserit

494 1718 641 1761 turbas
670 1718 825 1760 faciens
855 1722 897 1760 et
926 1717 1150 1760 seditiones
1180 1718 1377 1760 ecclesiae
1411 1729 1487 1772 per
1522 1721 1732 1758 extraneas
1768 1719 1998 1770 potestates
2017 1748 2028 1769 ,
2063 1720 2277 1770 tamquam
2307 1715 2529 1759 seditiosus
2559 1719 2746 1773 compri-

496 1790 673 1832 mendus
703 1794 780 1831 est.
812 1789 944 1831 Multa
974 1801 1185 1843 namque,
1217 1793 1266 1830 ut
1301 1789 1359 1830 ait
1388 1788 1673 1840 Augustinus,
1698 1786 1821 1828 etiam
1851 1798 1947 1828 cum
1977 1786 2136 1827 inscitis
2166 1785 2346 1840 benigna
2376 1787 2557 1842 quadam
2587 1790 2751 1844 asperi·
2790 1816 2795 1824 ‹

495 1864 582 1902 tate
611 1859 842 1915 plectendis
872 1859 1032 1913 agenda
1061 1863 1184 1913 sunt,
1218 1866 1413 1914 quorum'
1432 1859 1575 1912 potius
1604 1858 1778 1899 utilitati
1801 1857 2106 1900 consulendum
2129 1862 2192 1900 est
2224 1850 2351 1912 quam
2386 1859 2607 1902 voluntati.
2641 1862 2747 1903 Nam

497 1930 765 1985 corripiendo
796 1930 884 1971 filio
917 1929 1149 1984 quamlibet
1179 1942 1324 1985 aspere
1354 1942 1584 1984 numquam
1613 1934 1756 1971 tamen
1785 1941 1905 1972 amor
1926 1934 2124 1984 paternus
2145 1930 2375 1983 amittitur3
2398 1930 2447 1972 fit
2468 1935 2608 1974 tamen
2629 1933 2749 1987 quod

497 2001 629 2044 nollet
658 2006 705 2043 ut
727 2000 891 2054 doleat,
924 2001 998 2055 qui
1030 2001 1153 2042 etiam
1175 2001 1331 2043 invitus
1350 1990 1516 2043 videtur
1539 2000 1687 2043 dolore
1707 2000 1929 2043 sanandus.
1954 2002 2060 2043 Item
2080 2001 2340 2054 Augustinus
2361 2002 2582 2044 Vincentio
2606 2003 2744 2046 dona-

496 2073 633 2115 tistae.
677 2091 693 2107 «ι
712 2073 836 2116 Putas
867 2073 1074 2113 neminem
1105 2072 1200 2126 cogi
1230 2071 1383 2114 debere
1413 2071 1466 2113 ad
1499 2072 1724 2124 iustitiam,
1759 2084 1855 2113 cum
1889 2072 2001 2124 legas
2030 2071 2369 2126 patremfamilias
2409 2072 2558 2115 dixisse
2586 2075 2743 2116 servis:

497 2155 755 2197 quoscumque
783 2146 1029 2195 inveneritis,
1065 2147 1188 2195 coque
1223 2147 1399 2184 intrare?
1429 2143 1533 2185 Cum
1562 2143 1676 2199 legas
1714 2144 1839 2185 etiam
1869 2143 2047 2185 Paulum
2078 2142 2132 2184 ad
2162 2143 2381 2186 veritatem
2411 2146 2744 2198 cognoscendam

499 2219 542 2257 et
570 2214 794 2257 tenendam
823 2226 972 2268 magna
1002 2214 1200 2256 violentia
1229 2214 1384 2256 Christi
1412 2215 1598 2268 urgentis
1627 2226 1712 2256 esse
1748 2214 2083 2268 compulsum?»
2119 2214 2237 2256 Idem
2272 2215 2442 2257 Donato
2479 2216 2743 2271 presbytero.

502 2286 735 2340 «Displicet
769 2286 848 2327 tibi
888 2285 1006 2340 quod
1042 2285 1219 2328 traheris
1254 2285 1308 2327 ad
1346 2285 1548 2338 salutem,
1589 2297 1685 2335 cum
1721 2289 1809 2327 tam
1838 2272 1994 2327 multos
2028 2289 2191 2327 vestros
2221 2285 2276 2328 ad
2311 2287 2538 2340 perniciem
2567 2289 2742 2329 traxeri-

498 2357 623 2399 tis?»
650 2359 701 2399 Et
723 2358 852 2412 paulo
882 2362 996 2412 post.
1034 2359 1127 2398 «Tu
1158 2358 1230 2412 qui
1262 2357 1471 2399 neminem
1501 2357 1712 2399 existimas
1742 2356 1980 2410 cogendum
2000 2355 2054 2398 ad
2074 2356 2264 2411 bonum,
2297 2357 2465 2399 attende
2489 2358 2606 2412 quod
2635 2358 2745 2401 dixit

498 2429 738 2483 apostolus:
771 2433 805 2469 si
833 2431 921 2482 quis
949 2433 1210 2482 episcopatum
1240 2430 1461 2481 desiderat,
1495 2430 1635 2469 bonum
1674 2441 1772 2481 opus
1800 2428 2011 2468 desiderat.
2045 2428 2097 2468 Et
2125 2432 2263 2469 tamen
2292 2431 2380 2469 tam
2418 2428 2537 2470 multi
2567 2433 2615 2470 ut
2645 2430 2739 2484 epi-

498 2504 717 2554 scopatum
757 2501 984 2554 suscipiant
1021 2505 1216 2543 tenentur
1237 2532 1249 2552 ‚
1288 2501 1407 2542 inviti
1446 2499 1770 2555 producuntur,
1810 2498 2115 2551 includuntur,
2158 2498 2483 2552 custodiuntur,
2523 2501 2742 2554 patiuntur

498 2575 616 2613 tanta
647 2583 754 2626 quae
784 2572 959 2625 nolunt,
993 2572 1129 2614 donec
1157 2572 1265 2615 adsit
1294 2567 1354 2614 eis
1382 2572 1578 2613 voluntas
1608 2569 1858 2624 suscipiendi
1887 2569 1991 2611 boni
2026 2569 2195 2623 operis;
2235 2573 2392 2623 quanto
2423 2571 2552 2624 magis
2580 2583 2656 2612 vos
2686 2571 2740 2613 ab

500 2653 641 2683 errore
670 2644 903 2696 pernicioso
925 2674 936 2695 ,
968 2643 1012 2684 in
1046 2655 1132 2697 quo
1162 2643 1285 2685 vobis
1314 2637 1478 2684 inimici
1503 2643 1602 2684 estis
1621 2672 1632 2692 ‚
1667 2640 1721 2683 ad
1750 2640 1967 2682 veritatem
1990 2638 2275 2693 (cogendi)?»
2303 2639 2421 2682 Idem
2442 2652 2567 2695 super
2588 2642 2746 2684 Iohan-
2785 2699 2790 2705 ·

499 2723 612 2754 nem.
644 2731 660 2748 ««
679 2713 883 2756 Mirantur
912 2714 1192 2766 schismatici,
1218 2714 1316 2769 quia
1341 2718 1565 2756 moventur
1586 2715 1815 2767 potestates
1835 2711 2082 2752 christianae
2105 2715 2254 2752 contra
2274 2710 2536 2753 detestandos
2559 2711 2739 2767 dissipa-

498 2785 612 2824 tores
642 2784 850 2826 ecclesiae.
885 2785 926 2827 Si
956 2797 1042 2827 non
1073 2789 1365 2837 moverentur,
1402 2783 1619 2839 quomodo
1650 2782 1875 2825 redderent
1903 2782 2110 2823 rationem
2132 2783 2222 2823 Deo
2246 2781 2298 2824 de
2317 2782 2495 2836 imperio
2518 2783 2629 2825 suo?
2652 2785 2739 2826 Na-

499 2852 832 2897 buchodonosor
861 2868 932 2897 rex
962 2856 1191 2910 alienigena
1218 2858 1376 2910 saevit,
1408 2869 1460 2898 ne
1489 2855 1852 2909 blasphemaretur
1881 2855 1994 2896 Deus
2023 2854 2208 2906 Israhe13
2241 2858 2282 2896 et
2311 2854 2463 2897 nolunt
2493 2855 2611 2909 quod
2643 2869 2738 2914 sae-

500 2925 616 2967 viant
645 2937 765 2979 reges
794 2927 1005 2968 christiani
1029 2928 1131 2985 quia
1161 2927 1347 2969 Christus
1375 2925 1651 2984 exsufflatur?
1671 2945 1687 2961 υ
1723 2926 1831 2967 Item
1863 2925 2122 2978 Augustinus
2152 2925 2370 2967 Vincentio
2404 2925 2522 2979 quod
2556 2926 2739 2969 haereti-

500 2997 559 3038 cis
587 3001 629 3039 et
657 2991 926 3040 schismaticis
955 3003 1040 3040 tam
1070 2999 1114 3040 in
1144 2999 1229 3040 suis
1260 3010 1386 3052 quam
1413 2999 1459 3039 in
1487 2997 1754 3040 ecclesiarum
1769 2996 1894 3041 rebus
1915 2995 2020 3037 nihil
2041 2994 2214 3037 dominii
2235 2995 2357 3037 liceat
2385 2995 2565 3037 habere:
2598 2998 2742 3039 «Con-

500 3068 697 3121 stantius,
722 3069 884 3123 inquit,
917 3069 1149 3123 imperator
1176 3069 1420 3118 constituit,
1449 3072 1497 3110 ut
1526 3080 1593 3109 res
1622 3068 1941 3119 convictorum,
1974 3070 2016 3107 et
2049 3066 2200 3107 unitati
2235 3066 2510 3120 pervicaciter
2544 3067 2741 3109 resisten-

497 3137 604 3179 tium
632 3138 733 3180 fisco
763 3139 1085 3181 vindicarentur.
1109 3159 1124 3175 »
1159 3139 1276 3182 Idem
1308 3139 1422 3182 alibi.
1460 3158 1476 3174 «ι
1496 3138 1706 3193 Quicquid
1735 3149 1836 3191 ergo
1860 3138 2028 3179 nomine
2050 3136 2317 3180 ecclesiarum
2339 3149 2444 3192 pars
2465 3138 2618 3180 Donati
2642 3150 2740 3192 pos-

498 3207 688 3261 sidebat,
722 3208 933 3251 christiani
962 3210 1233 3265 imperatores
1260 3210 1423 3264 legibus
1452 3210 1676 3265 religiosis,
1710 3222 1805 3264 cum
1834 3209 1934 3263 ipsis
1965 3208 2147 3250 ecclesiis
2171 3207 2224 3250 ad
2247 3208 2496 3250 catholicam
2523 3210 2738 3252 transferri

497 3280 666 3322 iussere
695 3280 932 3333 ›Pelagius
962 3293 1133 3335 quoque
1162 3282 1279 3323 Narsi
1309 3281 1486 3336 patricio
1515 3293 1602 3322 non
1633 3280 1848 3323 dissimilia
1876 3279 2036 3322 scribit
2075 3279 2265 3333 «Multa,
2293 3280 2455 3333 inquit,
2482 3281 2671 3335 exempla
2691 3285 2734 3323 et

498 3350 817 3394 constitutiones
847 3355 970 3403 sunt,
1004 3352 1156 3405 quibus
1186 3351 1398 3394 evidenter
1428 3351 1696 3405 agnoscitur,
1727 3355 1777 3393 ut
1811 3351 2009 3394 facientes
2046 3350 2242 3393 scissuras
2279 3351 2324 3392 in
2354 3355 2493 3393 sancta
2531 3351 2735 3404 ecclesia,

496 3433 583 3462 non
614 3420 750 3462 solum
781 3422 912 3463 exiliis
940 3422 1095 3465 scilicet
1125 3427 1167 3465 et
1195 3423 1502 3477 proscriptione
1530 3435 1672 3464 rerum
1701 3418 1750 3464 et'
1772 3422 1876 3465 dura
1914 3421 2129 3474 custodia,
2171 3434 2246 3476 per
2284 3421 2472 3476 publicas
2501 3427 2734 3477 potestates

498 3491 678 3533 debeant
708 3492 944 3533 coerceri.»
980 3493 1112 3536 Idem.
1151 3513 1167 3531 «ι
1188 3495 1274 3536 Nec
1304 3495 1531 3549 quicquam
1560 3493 1691 3534 maius
1721 3495 1810 3545 est,
1832 3491 1944 3534 unde
1966 3488 2056 3534 De'o
2078 3492 2326 3534 sacrificium
2356 3493 2524 3546 possitis
2554 3493 2732 3545 offerre,

498 3574 627 3616 quam
655 3563 690 3604 si
717 3561 764 3603 id
794 3561 1026 3614 ordinetis,
1059 3568 1106 3604 ut
1135 3564 1180 3605 hi
1209 3565 1283 3618 qui
1311 3564 1354 3605 in
1384 3575 1502 3605 suam
1538 3567 1581 3605 et
1619 3563 1797 3604 aliorum
1834 3563 2058 3617 perniciem
2098 3562 2441 3617 debacchantur,
2481 3563 2736 3618 competenti

498 3631 677 3675 debeant
705 3633 851 3687 vigore
881 3635 1104 3687 compesci.
1131 3653 1146 3670 »
1182 3635 1298 3677 Idem
1327 3634 1544 3677 Valeriano
1575 3634 1770 3688 patricio.
1809 3651 1826 3669 «
1847 3634 1944 3675 Non
1973 3633 2267 3689 persequitur,
2289 3633 2366 3675 nisi
2395 3633 2469 3688 qui
2497 3633 2551 3676 ad
2581 3634 2734 3676 malum

498 3704 637 3755 cogit:
671 3704 744 3758 qui
775 3715 874 3746 vero
905 3704 1057 3745 malum
1087 3709 1127 3746 et
1161 3705 1318 3748 factum
1356 3706 1439 3747 iam
1477 3705 1601 3761 punit
1619 3735 1631 3758 ,
1667 3705 1736 3747 vel
1774 3705 1972 3760 prohibet
2007 3704 2201 3758 nefiat,
2240 3718 2318 3747 nec
2350 3705 2619 3760 persequitur
2654 3705 2735 3746 iste

498 3773 572 3815 sed
600 3773 752 3828 diligit.
786 3776 890 3817 Nam
920 3774 983 3828 si,
1017 3779 1064 3816 ut
1099 3775 1270 3829 quidam
1306 3780 1481 3831 putant,
1514 3787 1638 3818 nemo
1669 3787 1746 3818 nec
1774 3775 2061 3831 reprimendus
2093 3789 2117 3819 a
2146 3776 2283 3830 malo,
2313 3788 2399 3818 nec-
2423 3774 2650 3818 trahendus
2677 3772 2732 3815 ad

497 3843 656 3887 bonum
687 3849 772 3899 est,
797 3846 996 3888 humanas
1025 3858 1074 3888 ac
1103 3846 1263 3889 divinas
1291 3847 1405 3901 leges
1433 3857 1600 3889 necesse
1619 3849 1691 3888 est
1722 3833 1920 3902 avocari,
1944 3859 2052 3903 quae
2083 3851 2125 3890 et
2155 3847 2274 3891 malis
2294 3858 2514 3903 poenam,
2540 3849 2581 3887 et
2609 3844 2734 3886 bonis
