2996 4432
1147 223 1194 268 1³3
1226 212 1441 269 rsamuu'
1467 237 1566 269 xiv.

227 330 370 370 menta
386 327 431 379 in
456 325 624 372 Christo
644 325 756 369 iacta
769 353 782 378 ,
807 323 882 380 qui
902 325 1024 378 petra
1049 321 1226 370 dicitur.
1255 323 1322 366 Sic

229 397 292 440 illi
315 397 428 441 firmi
442 402 564 440 erant
578 428 592 452 ,
612 396 667 440 de
685 393 843 451 quibus
867 393 1059 436 Christus
1078 392 1204 436 dixit:
1225 398 1325 437 sunt

225 468 403 524 quidam
431 468 486 511 de
513 469 583 511 hic
612 463 876 515 adstantibus
906 468 989 507 etc.
1020 465 1242 507 Praeterea
1271 464 1324 508 de

227 541 386 596 quibus
417 539 566 582 scribit
594 535 842 593 apostolus:
875 534 1043 579 fundati
1069 539 1112 578 et
1141 535 1322 578 radicati

227 613 273 654 in
295 613 482 655 caritate.
501 611 696 652 Fortasse
714 607 843 658 etiam
858 607 1022 650 locutio
1046 625 1073 662 2
1090 619 1178 650 non
1200 620 1320 650 com-

229 701 262 719 υΔ
282 681 523 726 movebitur
541 680 587 722 in
608 683 826 722 aeternum
846 698 863 715 υ
890 679 1094 723 maiorem
1115 679 1320 734 temporis

222 754 506 798 extensionem
536 750 707 804 innuit,
737 763 873 805 aeque
904 763 954 792 ac
987 749 1149 792 dictum
1184 749 1314 793 illud:

222 825 359 867 omnis
376 823 451 878 qui
470 822 573 864 vivit
586 826 630 865 et
651 821 788 878 eredit
805 822 852 864 in
868 834 958 875 me,
983 823 1098 865 vivet
1115 823 1159 865 in
1179 826 1319 865 aeter-

222 907 340 938 num.
363 895 468 937 Nam
485 892 738 945 sanctidum
753 893 797 935 in
821 893 936 936 caelo
953 894 1320 937 conversationem

185 992 188 995 v
221 967 410 1020 liabent,
435 967 481 1008 in
502 969 615 1008 terra
633 966 711 1008 Dei
736 965 930 1008 habitant
945 996 958 1020 ,
991 966 1151 1009 etiamsi
1179 964 1320 1008 adhuc

221 1038 268 1080 in
295 1037 376 1080 hac
412 1037 547 1080 infera
583 1041 699 1080 terra
734 1036 905 1092 degant.
1263 1071 1271 1077 ,

281 1108 422 1152 Possis
441 1109 571 1151 etiam
590 1107 729 1150 dicere
748 1108 834 1150 hoc
856 1107 1012 1151 modo:
1044 1112 1320 1164 peccatorum

222 1185 340 1223 actus
379 1181 549 1223 minime
586 1184 850 1236 permanent.
895 1181 1168 1235 Temporaria
1207 1180 1320 1223 enim

222 1251 338 1296 dicta
367 1258 430 1296 est
457 1253 624 1308 peccati
654 1254 877 1309 voluptas,
904 1258 947 1296 et
968 1267 1056 1296 non
1076 1253 1323 1309 superfutu-

220 1336 317 1366 rum
344 1336 434 1366 esse
466 1325 627 1366 crimen
649 1324 888 1379 peccatoris
923 1337 973 1367 ac
1002 1325 1126 1377 mali;
1155 1324 1322 1380 quaesi-

222 1399 314 1437 tum
331 1396 442 1437 enim
459 1408 547 1437 non
564 1395 820 1437 invenietur.
842 1397 899 1436 At
921 1408 1008 1438 non
1029 1396 1237 1438 eiusmodi
1257 1401 1321 1439 est

221 1465 312 1508 vita
331 1471 602 1520 sanctorum3
621 1465 834 1521 siquidem
850 1466 1079 1510 invisibilia
1094 1471 1136 1510 et
1150 1470 1322 1511 aeterna

220 1536 552 1592 contemplando
572 1541 812 1579 sectantur:
838 1536 891 1579 de
910 1549 1095 1591 quorum
1118 1540 1322 1593 unoquo-

222 1620 307 1662 que
339 1607 496 1650 dicitur
517 1638 529 1662 ‚
560 1607 721 1650 iustitia
749 1609 838 1650 eius
860 1613 1004 1650 manet
1038 1609 1082 1650 in
1109 1608 1322 1651 saeculnm

221 1679 394 1722 saeculi.
430 1680 504 1721 Est
534 1680 646 1721 enim
675 1679 762 1722 vita
781 1691 929 1721 eorum
952 1679 1071 1734 quasi
1092 1679 1288 1722 columna
1306 1711 1318 1733 ,

221 1754 264 1793 et
283 1750 527 1806 symbolum
545 1750 767 1793 victoriae.
791 1750 987 1792 Ceterum
1010 1750 1138 1792 etiam
1156 1751 1321 1793 colum-

221 1834 299 1864 nas
319 1825 478 1863 vocant
494 1833 542 1863 ea
557 1821 650 1863 loca
663 1851 675 1874 ,
694 1821 771 1862 ubi
792 1812 961 1862 decr'eta
978 1820 1123 1874 legum
1139 1821 1323 1875 affigun-
1358 1868 1365 1872 ⁷

220 1897 292 1934 tur
305 1924 317 1946 ‚
343 1905 450 1948 quae
467 1878 642 1944 κύρβεις,
663 1904 737 1933 seu
751 1891 934 1945 tabulaS,
950 1892 1177 1947 appellant:
1194 1904 1324 1947 quam

219 1964 548 2019 appellationem
600 1971 774 2018 quoque
822 1962 1040 2006 doctrinae
1082 1967 1324 2006 sanctorum

218 2037 460 2086 sortiuntur
473 2066 486 2089 ‚
508 2047 596 2077 non
623 2036 669 2077 in
690 2034 846 2077 tabulis
866 2035 1045 2090 lapideis
1066 2035 1295 2090 inscriptae
1308 2066 1321 2088 ‚

219 2106 295 2150 sed
324 2107 371 2150 in
398 2107 555 2149 tabulis
584 2106 726 2149 cordis
755 2107 1018 2161 carnalibus;
1050 2108 1173 2150 facile
1203 2108 1316 2150 enim

216 2177 407 2232 cedunt,
439 2182 482 2219 et
513 2178 770 2232 scripturam
799 2177 1054 2233 suscipiunt.

2398 231 2489 278 173

1395 319 1624 409 ἰδρυμένευς
1640 359 1652 382 ,
1678 321 1794 372 aaz(
1757 345 1884 386 υμενε
1886 345 1907 374 ν
1939 325 2121 402 πέτραν,
2144 326 2181 378 εἳ
2210 330 2310 380 εὕτω
2333 328 2477 392 βεβαιε
2479 355 2492 379 ι

1394 410 1520 445 ησαν·
1558 413 1645 459 περι
1677 389 1728 441 ὧν
1758 396 1910 453 Ἰησοῦς
1943 401 2072 448 εἶπεν·
2099 397 2174 450 εἱσι
2197 421 2296 455 τινες
2321 405 2394 450 τῶν
2415 398 2492 450 ωδε

1395 460 1614 514 ἑστηκότων
1644 485 1682 511 κ.
1703 486 1744 514 τ·
1765 470 1806 512 λ.
1838 487 1902 515 και
1935 467 1994 516 ἔτι
2025 467 2115 536 περὶ
2144 491 2199 518 ων
2222 493 2241 518 o
2273 471 2493 527 ἀπόστολος

1391 531 1544 600 γράφει·
1565 531 1886 598 τεθεμελιωμενει
1911 559 1978 585 και
1999 537 2277 605 ἓρριζωμενει’
2263 561 2303 589 εν
2328 546 2377 607 τῇ
2399 540 2495 608 ἀγά-

1391 623 1461 669 πῃ·
1502 603 1534 651 εἶ
1572 602 1616 652 δὲ
1653 627 1697 655 τε
1736 606 1792 660 εἷς
1829 627 1897 655 τον
1942 608 2067 655 αἶῶνα
2103 633 2158 672 μη
2205 612 2492 673 σαλεύεσθαι,

1389 697 1457 723 και
1469 671 1658 723 atelano}
1688 697 1778 726 τινα
1814 674 2062 740 ωαρὲκτασιν
2098 681 2214 730 αἱωνε
2219 704 2237 735 ς
2275 682 2491 750 ἐμφαίνει,

1390 743 1691 812 παραπλησίως
1740 749 1796 810 τῷ
1845 747 2043 812 εἰρημένῳ·
2094 770 2157 798 και
2207 754 2291 806 ωᾶς
2346 754 2364 801 ὃ
2408 757 2490 809 ζῶν

1391 814 1411 863 ὅ
1459 814 1663 866 πιστεύων
1708 816 1767 872 εἷς
1809 814 1901 880 ἐμὲ,
1949 817 2116 873 ζτῖσεται
2154 823 2210 874 εἰς
2244 821 2312 870 τόν
2350 825 2491 873 αιῶνα.

1390 978 1484 1015 τες,
1519 955 1586 1007 ε’πι
1619 961 1694 1023 γῆς
1725 979 1849 1008 auten
1880 955 2059 1026 διατριβε
2063 981 2176 1022 vanu,
2209 959 2280 1023 κᾷν
2314 963 2373 1013 ἔτι
2403 970 2494 1016 ὠσιν

1391 1027 1432 1074 ἐν
1464 1049 1588 1094 ταυτῃ
1623 1031 1676 1093 τῇ
1706 1027 1775 1094 γῇ

1459 1095 1603 1163 Λέγεις
1634 1100 1670 1148 δ’
1691 1096 1739 1146 ἂν
1761 1122 1826 1148 και
1850 1102 1982 1156 οὗτος·
2013 1101 2056 1150 αἶ
2083 1105 2158 1152 των
2183 1102 2429 1184 ἁμαρτωλῶν
2453 1107 2497 1153 εὖ

1391 1167 1658 1253 παραμένουσι
1682 1167 1856 1238 πράξεις·
1889 1170 2116 1239 πρόσκαιρες
2141 1194 2232 1240 γευν
2265 1178 2334 1230 τῆς
2365 1179 2497 1242 εἱμαρ-

1391 1235 1483 1294 τίεις
1516 1238 1742 1295 α’πδλαυσις
1767 1262 1944 1308 ειρηται,
1978 1242 2047 1292 καὶ
2078 1267 2121 1294 τε
2147 1268 2202 1308 μη
2226 1245 2400 1295 ἐ’σεσΞαι
2425 1268 2496 1297 την

1391 1309 1592 1396 ἇμαρτιειν
1623 1315 1691 1361 τεῧ
1720 1311 1875 1378 ἅμαρτε
1858 1317 1947 1362 ελευ
1976 1337 2041 1362 και
2066 1337 2204 1382 nov-ap:
2188 1320 2246 1364 ῧ·
2281 1316 2496 1379 ζητευμένη

1390 1401 1467 1445 γαρ
1503 1384 1575 1445 εὐχ
1613 1381 1891 1448 εὑρεθήσεται·
1941 1382 2050 1433 ἀλλα
2093 1388 2157 1434 οὐκ
2193 1389 2213 1434 ὃ
2254 1391 2329 1437 τῶν
2373 1386 2496 1453 εἱγῖων

1390 1449 1478 1511 βιες
1517 1456 1696 1508 τοιοῦτος·
1737 1458 1930 1503 σκεωεῧσι
1961 1453 2037 1522 γὰρ
2068 1477 2120 1505 τα
2150 1479 2205 1519 μη
2239 1454 2497 1521 βλεισᾶμενα,

1391 1543 1457 1568 και
1491 1521 1653 1581 αἶωνιει
1682 1545 1770 1590 περι
1800 1522 1852 1573 ὡν
1886 1523 2053 1575 ἑκάστω
2084 1523 2261 1592 λεγετειι·
2293 1552 2318 1580 η
2350 1532 2498 1577 δικαιε-

1393 1611 1484 1644 συν-η
1529 1592 1652 1643 αὐτεῧ
1695 1614 1802 1658 μενει
1847 1596 1903 1650 εἷς
1943 1594 2009 1646 τεν
2055 1599 2183 1646 αἰωνα
2228 1602 2298 1648 rei}
2341 1619 2497 1654 αιωνες·

1393 1661 1517 1715 στηλη
1555 1686 1643 1730 γαρ
1669 1688 1750 1720 πως
1788 1669 1807 1713 ὃ
1847 1688 1888 1714 τε
1893 1686 1992 1715 υτων
2028 1662 2114 1726 βιες
2136 1706 2148 1725 ,
2186 1691 2252 1718 και
2301 1667 2429 1732 σῦμβε
2415 1675 2498 1718 λεν

1392 1753 1518 1788 νικης·
1545 1734 1655 1784 ἀλλα
1676 1759 1743 1801 και
1770 1733 1925 1792 στηλας
1943 1759 2103 1822 φασιν,
2132 1738 2264 1787 ἔνθα
2250 1761 2438 1807 γραφαι,
2427 1763 2497 1791 πε-

1390 1827 1428 1871 μ
1466 1827 1506 1852 ν
1490 1826 1593 1867 εμων
1638 1804 1892 1865 ἀνάκεινται,
1934 1804 1982 1863 ἇς
2026 1806 2182 1874 κύρβεις
2226 1815 2348 1859 καλε
2306 1833 2388 1860 υσι
2431 1834 2500 1860 και

1392 1895 1588 1930 ωινακας·
1635 1900 1781 1933 εωειας
1834 1877 1974 1941 ἔτυχεν
2023 1900 2099 1946 πρε
2105 1902 2290 1946 σηγεριας
2335 1883 2389 1930 αἱ
2425 1902 2499 1932 των

1393 1943 1515 2010 ἆγιων
1547 1946 1834 2005 ὂιόασκαλιαι,
1867 1950 1933 1997 εὖκ
1965 1970 2002 1997 εν
2037 1949 2160 2007 πλαξι
2190 1949 2370 2007 λιθίναις
2401 1974 2500 2039 790!-

1394 2038 1554 2083 φεισαι,
1588 2020 1679 2067 ἀλλ’
1712 2040 1754 2068 εν
1785 2017 1912 2075 πλαξι
1941 2018 2105 2109 καρδιας
2129 2042 2349 2089 σαρκιναις·
2380 2045 2501 2071 ευεικ-

1395 2110 1437 2137 τε
1441 2110 1455 2134 ι
1485 2087 1558 2157 γάρ
1591 2091 1666 2139 εἶσι
1688 2127 1701 2150 ,
1735 2112 1802 2138 και
1835 2088 1929 2154 δεχε
1933 2112 2021 2141 ντειι
2055 2114 2126 2144 την
2158 2115 2323 2161 ’χρειω-ην.

1073 2285 1489 2327 PSALMUS
1549 2285 1642 2327 XV.

220 2421 335 2507 Dei
351 2465 594 2508 voluntates
614 2470 734 2519 sunt,
759 2467 940 2510 virtutes
959 2467 1177 2521 singulae3
1198 2470 1247 2508 ut
1266 2465 1319 2507 il-

221 2536 302 2577 lic:
326 2536 470 2578 inveni
485 2536 693 2579 Davidem
709 2538 845 2580 Iessae
861 2538 997 2581 filium
1010 2570 1022 2593 ‚
1044 2540 1182 2580 virum
1202 2539 1319 2581 iuxta

226 2618 306 2648 cor
326 2619 493 2661 meum,
518 2608 592 2662 qui
612 2608 738 2651 faciet
760 2622 907 2651 omnes
933 2599 1176 2652 voluntates
1204 2622 1320 2651 meas

225 2677 316 2719 has.¹
344 2677 549 2719 Mirabilis
571 2679 685 2720 Deus
714 2680 761 2721 in
793 2680 946 2722 sanctis
973 2681 1083 2734 suis,
1115 2681 1190 2735 qui
1220 2693 1320 2735 prae

224 2747 402 2802 reliquis
431 2748 677 2791 hominibus
708 2751 888 2792 virtutes
910 2756 1121 2793 exercent.
1148 2753 1318 2794 Incom-

222 2818 470 2873 parabiliter
501 2825 615 2863 certe
646 2822 914 2864 eminuerunt
930 2822 1181 2865 fortitudine
1210 2835 1320 2878 apo-

221 2889 352 2941 stoli,
373 2890 608 2944 prophetae
622 2922 633 2944 ‚
656 2904 705 2934 ac
726 2897 935 2948 martyres
954 2907 966 2947 3
994 2894 1186 2936 castitate
1206 2896 1322 2936 Iose-

220 2960 334 3015 phus
369 2965 498 3015 atque
529 2963 742 3016 Susanna;
769 2963 840 3005 alii
873 2964 964 3006 aliis
990 2965 1151 3019 pariter
1181 2967 1322 3007 virtu-

221 3031 350 3072 tibus.
373 3032 438 3073 Sic
464 3043 566 3086 ergo
589 3032 720 3075 homo
744 3033 945 3077 mirabilis
965 3035 1181 3091 redditus,
1203 3048 1323 3078 suam

220 3103 416 3157 agnoscit
449 3103 736 3146 infirmitatem
749 3135 769 3158 ‚‚
787 3110 831 3147 et
861 3111 1126 3162 quantopere
1157 3108 1323 3150 divinae

220 3175 439 3229 potentiae
462 3175 641 3218 inferior
670 3178 742 3219 sit.
770 3178 1074 3222 Verumtamen
1099 3179 1323 3222 infirmita-

192 3289 197 3293 ,
220 3251 284 3288 tes
313 3250 485 3289 eatenus
523 3252 696 3290 manent
715 3279 727 3302 ‚
760 3253 970 3304 quatenus
1000 3256 1318 3305 agnoscuntur:

220 3318 419 3371 protinus
439 3331 542 3360 vero
566 3319 798 3372 recedunt,
831 3321 934 3374 quia
954 3316 1086 3367 sancti
1107 3322 1322 3365 roboran-

218 3394 290 3431 tur
327 3401 366 3447 a·
390 3390 560 3432 Christo
577 3421 590 3445 ‚
630 3390 893 3446 dicuntque:
928 3393 973 3434 in
1002 3393 1094 3435 Deo
1123 3393 1323 3436 faciemus

219 3461 436 3503 virtutem.
1027 3517 1031 3521 ¹

278 3532 405 3574 Haud
428 3532 675 3587 simpliciter
702 3533 762 3575 ait
781 3546 824 3576 se
850 3546 939 3585 non
962 3539 1322 3589 congregaturum

217 3603 514 3645 conventicula
527 3615 699 3658 eorum,
716 3603 796 3650 sed
817 3604 938 3647 addit
955 3605 1007 3648 de
1028 3607 1319 3661 sanguinibus.

218 3673 367 3728 Neque
397 3674 591 3716 absolute
614 3675 675 3717 ait
694 3687 737 3718 se
756 3687 986 3719 memorem
1010 3689 1107 3719 non.
1127 3677 1221 3720 fore
1244 3691 1322 3720 no-

220 3745 383 3787 minum
403 3758 554 3789 eorum
567 3779 579 3801 ,
605 3745 682 3790 sed
702 3759 778 3802 per
798 3747 911 3790 labia
928 3760 1037 3791 mea.
1063 3750 1175 3792 Num
1198 3762 1318 3805 ergo,

221 3813 321 3871 quia
348 3821 447 3861 sunt
474 3818 696 3875 nonnulli,
721 3819 796 3876 qui
824 3821 1122 3866 conventicula
1150 3834 1199 3866 ex
1219 3835 1319 3866 san-

1392 2423 1698 2550 &drigarum
1699 2461 1744 2512 δε
1773 2473 1815 2513 Θε
1818 2469 1860 2513 εὖ
1893 2470 1935 2515 αἶ
1968 2489 2047 2516 κατ
2083 2462 2184 2521 ειὸες
2212 2489 2311 2517 εισιν
2336 2470 2401 2534 ἀρε
2387 2487 2497 2517 ται·

1392 2534 1442 2591 ὦς
1475 2537 1516 2583 ἐν
1548 2555 1617 2599 τω·
1652 2531 1740 2602 εὗρε
1724 2557 1763 2582 ν
1796 2534 1927 2585 Δαυιό
1959 2560 2026 2586 τεν
2059 2560 2097 2586 τ
2083 2541 2127 2585 ἔ
2162 2538 2338 2595 Ἰεσσειι
2373 2539 2502 2606 ανδρα

1391 2627 1496 2655 κατα
1534 2627 1603 2656 την
1639 2603 1806 2674 καρδιαν
1843 2630 1891 2669 με
1894 2630 1947 2668 υ,
1988 2631 2031 2663 ες
2070 2630 2224 2659 ‘tec-ficet
2269 2608 2410 2659 ωάντα
2455 2631 2506 2660 τα

1393 2667 1620 2739 9ελῆματοῖ
1662 2699 1736 2740 μευ
1782 2699 1933 2727 ταυτα·
1980 2677 2227 2740 θαυμαστες
2273 2681 2291 2728 ὅ
2329 2687 2379 2728 ,9-
2367 2702 2426 2735 ες
2465 2683 2504 2728 ἐν

1396 2769 1479 2801 τεις
1512 2744 1638 2811 εἷγῖεις
1670 2769 1766 2796 αυτε
1771 2751 1815 2831 ’ὗς
1851 2753 1926 2799 τῶν
1958 2754 2002 2797 λε
1988 2771 2105 2798 ιωων
2131 2748 2359 2834 εἰνΞ-ρωωων
2392 2749 2505 2815 ἄμει-

1377 2839 1459 2865 -νθν
1493 2819 1585 2866 &GV-2
1591 2839 1656 2865 υΟΊ
1683 2815 1753 2872 τάς
1784 2840 1876 2867 αἰνεῖ
1882 2840 1943 2875 ας·
1978 2840 2220 2884 ασυγῖρίῗως
2256 2843 2332 2886 γαρ
2361 2843 2505 2888 υῶερΕ“

1397 2907 1496 2950 σχον
1527 2909 1636 2937 κατα
1660 2908 1734 2949 μεν
1766 2887 1944 2955 ἂνὸρειειν
1976 2887 2169 2945 α’πόςτλε
2158 2914 2168 2937 ι
2194 2913 2249 2940 τε·
2266 2914 2333 2938 και
2359 2913 2429 2957 πρε
2433 2896 2506 2957 φῆ-

1398 2979 1464 3006 ται
1490 2979 1558 3004 και
1583 2977 1794 3023 μαρτυρες·
1817 2981 1923 3007 κατα
1945 2957 1990 3007 δε
2011 2981 2136 3027 cerff:
2120 2959 2256 3014 obv-m
2273 2960 2421 3028 laic-aq>
2439 2983 2501 3010 και

1398 3035 1449 3076 Σ
1436 3024 1623 3076 υσάννα·
1658 3051 1726 3075 και
1758 3027 1864 3077 κατὰ
1895 3027 1966 3084 τᾶς
2000 3029 2131 3096 ἑτέρας
2155 3052 2308 3094 εμειως·
2336 3034 2436 3082 εὖτω
2461 3030 2504 3080 δέ

1399 3121 1460 3152 τις
1494 3099 1775 3160 θαυμαστωθε
1744 3122 1800 3153 εις
1819 3137 1832 3158 ,
1865 3097 2103 3150 αἰσθεινεται
2138 3104 2210 3156 τῆς
2250 3100 2352 3158 ἰὂιας
2386 3105 2506 3151 ασθε-

1397 3191 1504 3222 νειας
1517 3204 1530 3225 ,
1562 3166 1664 3217 πελυ
1694 3172 1766 3223 τῆς
1792 3166 1900 3224 θειας
1933 3169 2073 3239 ἷσχυες
2105 3174 2179 3222 ἀπε
2184 3170 2344 3235 λειπέμε
2348 3192 2428 3228 νες·
2463 3197 2505 3221 αι

1398 3237 1442 3287 δε
1477 3236 1690 3288 ἀσθένειαι
1733 3238 1850 3305 μέχρι
1888 3263 1931 3291 τ
1914 3246 1958 3289 ῧ
2003 3244 2083 3328 {vva
2085 3264 2181 3291 ησαι
2219 3266 2313 3306 μενε
2299 3266 2336 3291 ν
2382 3242 2508 3298 αὐτας

1397 3307 1604 3374 παραμένε
1588 3332 1723 3368 tuaac,
1758 3309 1918 3374 ταχέως
1949 3312 2005 3363 dr.
2012 3335 2144 3370 ιασιν,
2180 3314 2244 3362 ὂια
2278 3337 2320 3363 τε
2348 3317 2507 3363 ἐνδυνα-

1396 3384 1566 3443 μεῧσθαι
1605 3402 1646 3439 τε
1651 3403 1691 3435 υς
1729 3379 1821 3446 ἁγιε
1805 3405 1867 3437 υς
1903 3380 1977 3432 ὑπο
2016 3387 2168 3451 Χριςε
2147 3408 2168 3432 υ
2204 3382 2296 3450 λέγε
2299 3407 2392 3439 ιτας
2377 3423 2427 3445 3,
2466 3386 2506 3432 ἓν

1400 3473 1452 3514 τῳ
1483 3453 1558 3513 θεῷ
1586 3473 1808 3513 πειησωμεν
1841 3449 2024 3515 ὂυναμιν.

1467 3523 1531 3570 Οὐ
1576 3519 1782 3577 aufidum-‘S
1825 3545 1880 3584 μη
1925 3529 2170 3590 συναγαγεῖν
2209 3548 2280 3580 τας
2318 3547 2505 3591 συναγω-

1397 3612 1473 3654 γας
1506 3593 1668 3651 αὐτῶν,
1702 3591 1789 3639 εἰλλ
1825 3594 1868 3649 ἐξ
1905 3592 2102 3656 αἱμάτων·
2141 3598 2219 3644 εὗδ’
2257 3593 2507 3658 ἀπελελυμὲ-

1398 3682 1469 3715 νως
1505 3658 1608 3725 λέγει
1651 3668 1872 3726 μεμνησὲῒη
1847 3661 2025 3716 η’σεσὲαι
2073 3686 2145 3714 των
2183 3688 2244 3714 ενε
2228 3665 2384 3730 μοί-ων
2429 3667 2507 3714 αὖ·

1701 3731 1718 3748 ss

1396 3728 1509 3789 των,
1562 3733 1651 3779 ἀλλ’
1693 3756 1719 3786 η
1770 3730 1836 3782 δια
1885 3733 2054 3798 χειλέων
2105 3755 2192 3799 μευ·
2244 3734 2394 3798 ‘tr-timet?
2440 3732 2506 3784 εὐν

1397 3798 1483 3855 ἐπει
1521 3799 1626 3853 εἰσίν
1663 3825 1761 3860 τινες
1797 3804 2033 3872 συνάγεντες
2079 3828 2312 3873 συναγωγας
2359 3808 2400 3862 ἐξ
2437 3807 2508 3854 αἱ-

1375 886 1460 935 ΔἘν
1507 887 1656 952 οὐρανῷ
1694 908 1771 954 γαρ
1807 911 1841 936 ει
1879 890 1981 954 ἅγιοι
2019 911 2063 939 ἰε
2111 887 2328 956 πολίτευμα
2371 893 2492 957 ἔχον·
2560 907 2563 909 ’

2536 1116 2628 1146 cord.
2642 1124 2672 1153 p.
2692 1120 2758 1146 272-

2544 2488 2573 2545 ²²5²

2550 3537 2583 3594 με’·

2592 2483 2620 2544 ·.···!‘⁴

2641 2520 2651 2533 ,

2600 3534 2616 3594 *21*-

2618 3551 2628 3595 -ι
