2944 4426
301 642 330 663 v.
344 639 390 665 24.

157 670 233 700 cod.
253 671 275 701 f.
295 675 339 701 76.
361 678 388 700 a.

161 1025 238 1054 νοοιι.
258 994 377 1056 ῐμ-ζέ.
358 1025 388 1055 ι).

321 2775 396 2799 v..2

178 2805 350 2835 cod..7f7.
367 2813 396 2835 a.

322 3058 396 3082 v..4

173 3088 281 3117 cod.f.
301 3092 346 3117 7.7
367 3088 396 3118 Ι).

427 345 540 408 ’ἡμῶν
571 341 679 402 θεδς,
712 338 828 395 noti-'13
851 338 982 430 μήτηρ
998 340 1030 394 ’ἦ
1056 339 1261 396 ἐκκλησίαἸ
1288 341 1357 393 ἐπὶ
1389 338 1431 392 δὲ
1456 346 1539 399 τὸἷς

431 412 702 472 ἀπαιδεύτως,
727 410 830 464 πάνυ
859 410 934 477 μὲν
963 410 1125 465 κῆὂεται
1155 436 1222 501 κριι
1246 417 1455 472 λυπεῖται,
1481 436 1533 468 ως

432 507 487 548 μη
517 482 708 534 θελοντων
731 504 839 547 ημων
867 483 1097 551 ἐπιστρέψαι
1120 506 1188 533 και
1207 488 1401 544 σωθηνσι,
1425 481 1535 532 ἀλλὰ

434 557 496 621 τῇ
513 576 630 615 κακιᾳ
654 575 903 621 προσμενειν.

503 622 716 691 Πρᾶσωπον
749 627 923 675 ἑνταυθα
956 645 1025 678 την
1056 622 1219 713 θεωριαν
1232 624 1366 715 φησί·
1395 616 1534 689 Θεωρια

433 717 510 783 γαρ
541 692 744 759 νοημάτων
777 693 938 746 συνετεῧ
967 694 1128 784 ἀνδρὸς,
1155 718 1274 764 σσφια
1297 718 1363 744 και
1389 715 1533 760 γνωσις

432 787 494 814 και
530 764 764 819 δικαιοσυνη·
796 767 831 815 οἶ
856 764 899 815 δὲ
931 788 1054 855 νρερσι
1083 764 1293 851 ὂφθαλμοι
1324 767 1391 816 ro&
1401 763 1533 851 ἄφρο-

433 856 531 895 νος,
569 859 636 886 και
677 839 716 885 ἐν
756 834 912 900 σῶματι
949 838 990 887 ἐν
1025 835 1127 904 ἄκρᾳ
1161 833 1303 891 κακίας
1347 857 1414 883 και
1453 857 1533 883 σο-

428 925 582 975 νηριας.
1031 961 1033 964 y

504 975 650 1064 Ὀργη
662 981 718 1041 τῷ
746 978 881 1045 ἄφρονι
912 977 981 1042 υἶῷ
1010 998 1123 1042 παρα
1151 979 1218 1028 τοῦ
1242 978 1329 1024 Θεοῦ
1359 997 1425 1022 και
1458 996 1535 1024 πα-

435 1070 527 1114 τρος
560 1045 799 1133 ἐκπέμπεται
837 1049 877 1096 ἐν
915 1053 965 1113 τῇ
999 1046 1125 1113 ἦμέρᾳ
1161 1050 1235 1101 τῆς
1270 1064 1446 1111 κρισεως·
1486 1047 1535 1108 τῇ

427 1117 476 1167 ’δε
510 1117 693 1202 ἑκκλησιᾳ
726 1122 775 1184 τῇ
809 1116 1075 1184 γεννησαμένη
1115 1140 1171 1180 τῳ
1205 1137 1400 1176 πνενματι
1423 1153 1435 1174 ‚
1469 1136 1533 1162 και

434 1193 484 1255 τῇ
514 1211 590 1240 των
622 1187 741 1255 ἄγιων
753 1187 933 1275 χορείᾳ,
967 1186 1082 1240 ὀδύνη
1121 1185 1211 1236 τότε
1248 1183 1408 1239 πάντως
1442 1183 1535 1240 ἔςαι

434 1258 496 1310 ἐπι
531 1263 579 1325 τῇ
609 1254 792 1320 οἷπωλειᾳ
823 1281 892 1308 rou
923 1256 1080 1325 ἄφρονες
1110 1256 1207 1305 υιοῧ·
1241 1278 1308 1303 και
1333 1258 1394 1305 ἔτι
1419 1255 1437 1303 ὃ
1463 1253 1536 1317 μὲν

432 1352 612 1398 φρονιμσς
646 1328 729 1385 υἷος
761 1351 826 1377 και
866 1332 1054 1378 τεκοῦσαν
1093 1327 1178 1392 ἔχει
1214 1325 1278 1374 καὶ
1315 1323 1484 1392 μητέρα·
1515 1327 1535 1373 ὁ

432 1399 473 1450 δὲ
506 1400 633 1467 ἄφρων
664 1398 785 1464 μόνην
818 1403 1024 1448 τεκοῦσαν·
1058 1421 1084 1450 η
1113 1395 1190 1465 γὰρ
1220 1397 1351 1463 μιίτηρ
1373 1419 1440 1445 και
1475 1418 1537 1447 τε-

435 1490 571 1521 κευσα·
596 1473 622 1523 ἡ
655 1469 698 1519 δὲ
723 1472 920 1528 τεκοῦσα,
954 1472 997 1518 ὀὐ
1027 1468 1187 1524 πάντως
1221 1467 1336 1518 ἔσται
1367 1490 1432 1516 και
1464 1464 1539 1531 μη’-

432 1561 525 1607 τηρ
564 1539 633 1590 ἐὰν
677 1563 754 1606 γαρ
798 1539 997 1606 α’ωαθάνῃ
1045 1562 1089 1590 το
1142 1535 1293 1603 τεχθὲν
1339 1538 1379 1586 ἐν
1421 1560 1539 1598 κακιᾳ

432 1634 498 1660 και
532 1610 742 1677 ἁγνωσιᾳ,
779 1633 862 1661 τεκε
866 1616 947 1660 ῢσα
979 1609 1050 1675 μέν
1085 1613 1195 1668 ἔστι,
1237 1630 1368 1675 μητηρ
1400 1608 1442 1657 δὲ
1475 1611 1540 1657 οὐκ

427 1682 535 1732 ἔστι·
575 1680 671 1734 ὂιοτι
708 1681 806 1771 μηδὲ
844 1685 912 1731 τεῧ
948 1686 1023 1736 τῆς
1062 1678 1276 1735 υιοθεσιας
1314 1678 1539 1744 μετέσχηκε

433 1774 654 1816 πνευματος
689 1777 731 1803 το
765 1749 932 1816 τεχὲεν
967 1751 1156 1807 ὧσαυτως
1189 1753 1231 1800 δὲ
1263 1773 1334 1799 και
1366 1750 1429 1800 ἐπι
1462 1753 1538 1799 τῶν

432 1825 640 1875 amem-“w
679 1821 855 1891 μητέρων
886 1846 923 1872 νς
927 1820 1151 1883 ηθησεται,
1183 1845 1253 1870 και
1286 1819 1349 1872 ἐπι
1377 1843 1416 1870 τ
1403 1824 1445 1869 ’ὗ
1467 1828 1541 1869 θα-

435 1917 553 1945 νατευ
576 1899 659 1944 τοῧ
693 1896 912 1946 αἷσμητσῧ·
958 1916 1029 1946 την
1065 1916 1141 1961 γαρ
1184 1890 1338 1960 μητέρα
1385 1893 1442 1957 ε’ρε
1446 1894 1540 1956 ῧμεν

434 1987 502 2014 και
535 1985 738 2017 τενευσαν·
763 1965 893 2016 ου’κέτι
926 1963 975 2014 δὲ
1000 1964 1148 2031 μητέρα
1170 1968 1240 2015 τοῦ
1271 1961 1411 2017 παιδος
1443 1964 1540 2012 ἀπσ-

433 2034 647 2092 θανόντος.

506 2112 745 2170 Πλημμελει
766 2105 844 2166 τις,
879 2111 948 2157 τοῧ
979 2104 1126 2194 ὂικαιρυ
1159 2128 1204 2155 το
1238 2103 1388 2154 δικαιεν
1421 2104 1541 2171 ἀφαι-

426 2198 533 2242 ρων,
565 2176 591 2229 -ἠ
622 2175 838 2246 ὂιαςρεφων
873 2180 948 2227 αὐτ
952 2181 996 2227 οῧ
1025 2199 1117 2243 προς
1150 2173 1302 2225 ἀδικίαν
1335 2197 1426 2229 τευς
1458 2197 1542 2237 μα-

435 2253 517 2299 οιΓΓῗ
503 2271 605 2308 τας,
645 2264 880 2335 αμαρτωῖει
923 2270 1064 2300 κτὪσῑὶ)
1102 2269 1205 2313 γαρ
1204 2270 1315 2297 αᾘῗί
1320 2270 1364 2301 υς
1402 2267 1540 2308 Εχίιῆδ,

435 2317 664 2380 ἕζημιωται·
717 2343 760 2367 ευ
814 2340 890 2386 γαρ
941 2322 1098 2374 ζητοῦσι
1149 2339 1204 2366 τα
1258 2320 1365 2381 ἦμῶν
1387 2354 1400 2375 ,
1453 2317 1541 2364 ἀλλ

434 2389 558 2452 ἦμᾶς·
593 2388 790 2445 ὂυναστας
825 2389 863 2438 da*
899 2388 1005 2455 λέγει
1040 2411 1124 2443 τους
1157 2390 1197 2435 ἐν
1231 2390 1397 2454 Χριστῷ
1428 2390 1542 2448 βασι-

436 2457 536 2508 λεῦε·
509 2481 634 2516 ντας

1389 2607 1569 2650 CAP.

456 2731 535 2855 Q
574 2766 763 2834 ἀγόμενος
803 2771 852 2833 τῇ
890 2771 963 2816 τῶν
1000 2763 1196 2830 δαιμᾶνων
1234 2763 1464 2851 ἀφροσύνῃ.ζ
1504 2768 1547 2814 οὗ

442 2837 580 2907 χρεῖαν
614 2839 699 2903 ἔχει
733 2837 902 2924 σοφίας
907 2840 994 2886 θεον
1029 2834 1055 2889 ἦ
1087 2855 1274 2902 γνωσεως·
1303 2833 1409 2902 ’διότι
1439 2858 1546 2902 ηγα-

443 2933 542 2962 πησε
574 2914 730 2972 μᾶλλον
756 2933 800 2961 το
835 2906 949 2959 σκὲτε
955 2931 971 2962 ς
993 2930 1020 2959 η
1052 2907 1095 2956 τὸ
1130 2911 1223 2975 φῶς·
1253 2928 1324 2956 καν
1349 2928 1446 2975 αφρε
1431 2905 1544 2972 ου’νῃ

442 2979 593 3046 χαίρει,
630 2981 754 3031 ἅζεται
786 3003 840 3043 μη
872 2999 1009 3047 χρείαν
1043 2977 1147 3042 ἔχειν
1181 3001 1224 3027 0⁹:
1209 3000 1334 3045 «φίας.

498 3054 658 3117 ’Ώσπερ
696 3074 739 3100 το
777 3053 876 3117 ὕδωρ
921 3052 1100 3114 ζωογονει
1146 3070 1200 3098 τα
1243 3071 1380 3115 φυτα,
1421 3051 1547 3102 οὕτως

444 3125 535 3176 ταῖς
567 3124 727 3188 ἀρεταῖς
762 3119 904 3208 ἀνόρρς
939 3116 1186 3181 ἓστομωμένε
1190 3142 1212 3166 υ
1243 3118 1355 3183 λόγος
1388 3114 1548 3181 αναψυ-

418 3200 541 3254 ’χει,
574 3214 639 3239 και
672 3190 765 3258 πρὸς
797 3189 893 3239 ἓεόν
925 3211 1039 3256 πτερε
1023 3194 1058 3236 ἶ
1091 3211 1181 3244 τους
1216 3187 1334 3237 ἔθελε
1321 3212 1437 3244 ντας
1477 3211 1522 3238 σε
1526 3218 1548 3225 -

444 3265 652 3327 φισθηναι·
699 3282 883 3324 ωοταμον
920 3258 964 3308 δὲ
1001 3259 1275 3310 ἀναωηόὦντά
1313 3281 1438 3326 φησι,
1476 3280 1547 3309 την

443 3328 720 3398 ἀνεκδιηγητσν
752 3353 826 3380 των
860 3349 1034 3416 χᾳριτων
1067 3351 1209 3418 σσφιᾳν
1249 3333 1318 3380 τοῦ
1347 3327 1549 3394 παναγῖου

445 3423 700 3465 πνευματος,
740 3423 812 3453 την
852 3399 1050 3468 ἀειρρυτον
1089 3421 1231 3467 σεφιαν
1270 3421 1341 3455 της
1388 3421 1549 3465 τρισσο-

448 3494 566 3539 φαευς
599 3470 746 3526 ἔνιαιας
772 3471 942 3523 &abente
947 3496 980 3527 ς.

517 3546 569 3593 Ὁ
601 3565 673 3594 την
705 3541 857 3627 ὖπαρχε
843 3565 961 3591 υσαν
994 3546 1048 3605 τῷ
1080 3538 1253 3604 ὂιαβολῳ
1284 3539 1426 3590 κακίαν
1453 3543 1551 3591 ἀπσ-

450 3611 658 3677 δεχὲμενος
681 3652 693 3671 .,
727 3635 794 3660 και
825 3634 900 3661 κατ
945 3611 1067 3664 αὐτην
1101 3609 1263 3678 ἐνεργων
1302 3610 1450 3677 θεωριᾳ
1482 3634 1548 3659 και

447 3682 580 3749 λόγῳ,
617 3689 705 3734 οὗτε
712 3706 728 3737 ς
755 3680 932 3742 Θαυυαζε
937 3706 947 3728 ι
974 3705 1016 3731 το
1043 3681 1244 3748 πρόσωπον
1270 3705 1338 3732 του
1363 3685 1510 3742 ἀσεβε
1485 3701 1549 3737 ··υς

453 3752 497 3801 τὸ
530 3753 674 3802 ὂικαιεν
708 3750 751 3801 δὲ
785 3755 822 3800 ἐν
855 3752 1012 3817 κρίσει,
1050 3757 1087 3802 ἐν
1119 3751 1224 3819 λογω
1256 3749 1300 3803 τὲ
1335 3750 1470 3816 σωαά.
1475 3772 1549 3812 ων,

453 3826 497 3871 εὖ
528 3824 649 3873 καλὸν
685 3825 852 3872 ἐκκλῖναι
892 3825 1011 3874 ἕσιεν.

1455 259 1664 293 ‘nummus

1607 341 1828 391 ineruditis
1856 347 2048 390 tristatur
2078 358 2336 403 magnopere
2364 358 2413 390 ac
2431 347 2568 400 dolet,
2599 342 2704 404 quia

1605 419 1804 463 nolumus
1831 419 2024 462 converti
2054 431 2103 461 ac
2134 418 2306 473 salvari,
2340 417 2415 461 sed
2442 419 2489 461 in
2518 419 2706 475 nequitia

1604 502 1890 546 perseverare.

1664 632 1839 683 Vultum
1869 630 1955 674 hoc
1982 631 2080 675 loco
2103 632 2205 676 dicit
2233 632 2572 683 meditationem.
2595 634 2702 676 Nam

1605 703 1825 747 meditatio
1855 705 2165 759 cogitationum
2195 705 2362 748 cordati
2392 706 2499 759 viri,
2531 706 2710 761 sapien--

1604 776 1664 817 tia
1686 779 1775 828 est,
1801 779 1930 830 atque
1953 776 2148 830 scientia,
2173 781 2215 819 et
2230 777 2397 820 'iustitia
2437 777 2706 820 Intellectua-

1605 844 1667 886 les
1689 857 1793 887 vero
1817 846 1930 888 oculi
1947 846 2029 888 viri
2055 846 2216 901 insani,
2240 848 2286 890 in
2317 860 2499 904 corpore
2529 861 2706 906 quoque

1606 926 1812 957 summam
1841 915 1999 957 habent
2027 917 2260 971 nequitiam
2295 923 2339 960 et
2367 919 2702 974 improbitatem.

1653 985 1736 1036 ,Ira
1763 985 1808 1027 in
1837 984 1972 1027 filium
1997 985 2312 1040 imprudentem
2335 1001 2361 1030 a
2386 989 2479 1031 Deo
2499 993 2620 1045 patre
2643 991 2706 1034 ef—

1606 1056 1801 1099 funditur
1820 1058 1864 1100 in
1897 1057 1965 1100 die
1991 1057 2154 1101 iudicii.
2192 1059 2400 1102 Ecclesiae
2432 1065 2575 1104 autem
2596 1075 2706 1117 quae

1606 1127 1766 1182 Spiritu
1799 1129 1993 1183 peperit,
2030 1132 2072 1171 et
2103 1134 2345 1173 sanctorum
2376 1132 2543 1186 coetui,
2581 1132 2707 1176 dolor

1607 1210 1783 1253 prorsus
1799 1199 1881 1240 erit
1897 1203 2075 1254 propter
2096 1199 2173 1242 filii
2195 1200 2478 1256 imprudentis
2500 1203 2708 1258 perditio-

1607 1285 1720 1314 nem.
1761 1274 1814 1314 Et
1846 1272 2158 1327 animadverte,
2193 1273 2413 1329 quomodo
2443 1269 2640 1331 prudens
2654 1276 2708 1319 fi—

1606 1343 1689 1386 lius
1711 1347 1753 1386 et
1771 1347 1988 1398 parentem
2008 1344 2136 1386 habet
2158 1349 2200 1386 et
2218 1349 2426 1399 matrem3
2461 1340 2708 1402 imprudens

1608 1419 1745 1458 autem
1776 1416 1911 1458 solam
1943 1421 2176 1471 parentem.
2198 1417 2305 1459 Nam
2325 1421 2480 1472 mater,
2497 1419 2645 1475 utique
2666 1423 2708 1462 et

1608 1499 1759 1542 parens
1793 1492 1884 1541 est;
1917 1487 1991 1530 sed
2028 1500 2116 1530 non
2146 1488 2328 1532 vicissim
2358 1501 2541 1544 parens,
2576 1494 2709 1533 mater

1611 1570 1785 1613 quoque
1814 1563 1893 1601 est.
1913 1559 2021 1601 Nam
2053 1559 2090 1601 si
2107 1559 2182 1614 qui
2212 1563 2360 1615 partus
2385 1560 2467 1602 fuit
2483 1559 2596 1603 filius
2615 1573 2709 1604 mo-

1610 1630 1745 1671 riatur
1773 1630 1818 1672 in
1845 1629 2034 1685 nequitia
2060 1634 2103 1686 et
2129 1630 2317 1686 inscitia,
2342 1631 2414 1674 illa
2441 1631 2614 1687 quidem
2631 1644 2707 1687 pa-

1610 1713 1707 1743 rens
1733 1706 1816 1754 est,
1847 1713 1937 1743 non
1964 1706 2114 1744 mater.
2149 1702 2435 1754 Quamobrem
2453 1715 2505 1745 ne
2533 1703 2712 1758 Spiritus

1612 1773 1787 1828 quidem
1825 1773 2101 1829 adoptionem
2129 1774 2359 1831 participat
2384 1775 2421 1817 is
2457 1775 2531 1830 qui
2563 1779 2711 1830 partus

1611 1845 1707 1886 fuit.
1732 1844 1927 1887 Similiter
1949 1849 1992 1887 et
2021 1844 2075 1887 de
2105 1845 2395 1888 materialibus
2424 1845 2587 1888 dicetur
2614 1858 2709 1888 ma-

1610 1915 1748 1958 tribus
1762 1946 1773 1968 ,
1805 1919 1848 1957 et
1869 1915 1922 1958 de
1944 1920 2081 1959 morte
2102 1917 2332 1959 materialis
2348 1915 2451 1959 filii:
2485 1929 2584 1959 nam
2612 1903 2708 1960 ma-

1610 1989 1721 2028 trem
1756 1986 1933 2042 quidem
1966 1987 2152 2030 dicemus
2190 1988 2318 2030 etiam
2354 1991 2597 2046 parentem,
2632 2000 2710 2030 ne-

1612 2068 1829 2112 quaquam
1857 2061 1999 2100 tamen
2028 2062 2206 2101 matrem
2235 2058 2358 2113 pueri
2386 2058 2561 2102 mortui.

1670 2129 1892 2184 Delinquit
1919 2130 2094 2185 aliquis,
2130 2118 2228 2172 cum
2254 2129 2458 2173 iustitiam
2487 2130 2602 2173 iusto
2633 2132 2713 2173 eri-

1612 2201 1701 2256 pit;
1722 2205 1764 2242 et
1788 2213 1884 2243 cum
1907 2202 1996 2243 eius
2019 2201 2251 2256 discipulos
2273 2200 2328 2244 ad
2359 2201 2622 2257 iniquitatem
2650 2201 2714 2245 di·
2756 2226 2757 2229 =

1613 2275 1833 2326 storquet,
1860 2277 2022 2327 peccat.
2051 2274 2155 2316 Nam
2180 2284 2277 2315 cum
2294 2271 2376 2314 hos
2403 2274 2523 2327 quasi
2545 2284 2712 2328 posses-

1613 2342 1779 2384 sionem
1808 2342 2011 2396 haberet,
2037 2342 2194 2385 damno
2229 2342 2442 2385 adficitur.
2467 2343 2564 2386 Non
2600 2343 2713 2385 enim

1615 2417 1762 2455 nostra
1792 2418 2004 2468 quaerunt
2020 2445 2032 2467 ,
2068 2413 2143 2457 sed
2172 2426 2266 2457 nos.
2296 2415 2504 2470 Dynast-as
2532 2407 2714 2469 denique

1617 2483 1747 2538 dicit,
1779 2486 1852 2540 qui
1882 2485 1927 2527 in
1955 2485 2124 2528 Christo
2152 2490 2349 2540 regnant.

1632 2610 1774 2654 X'VIII
1782 2643 1790 2653 ,

1620 2719 1748 2842 Qui
1780 2773 2035 2817 daemonum
2072 2772 2231 2814 insania
2268 2772 2407 2827 agitur
2423 2802 2435 2823 ,
2468 2769 2716 2826 sapientiam

1617 2846 1697 2887 Dei
1726 2846 2028 2900 scientiamque
2050 2856 2138 2886 non
2164 2842 2374 2897 requirit:
2403 2841 2504 2896 quia
2520 2839 2717 2883 tenebras

1618 2918 1754 2972 magis
1797 2917 1943 2960 dilexit
1980 2929 2107 2971 quam
2146 2915 2314 2957 lucem:
2353 2918 2396 2955 et
2431 2912 2609 2955 stultitia
2641 2923 2718 2953 sua

1620 2978 1824 3043 gaudens,
1845 2992 1966 3044 putat
1984 3000 2027 3029 se
2045 2986 2271 3042 sapientiae
2293 2996 2376 3039 ope
2398 2995 2486 3025 non
2506 2982 2715 3036 indigere.

1679 3060 1794 3102 Sicut
1831 3071 1938 3114 aqua
1978 3057 2165 3099 vivificat
2198 3056 2365 3111 plantas
2383 3085 2395 3107 ,
2435 3054 2496 3096 ita
2533 3052 2719 3095 hominis

1623 3131 1850 3173 virtutibus
1877 3129 2073 3173 roborati
2110 3139 2250 3170 sermo
2278 3129 2466 3179 recreat,
2498 3128 2626 3179 atque
2662 3122 2716 3165 ad

1620 3204 1757 3245 Deum
1790 3201 1956 3244 extollit
1979 3213 2052 3242 eos
2076 3200 2152 3254 qui
2181 3198 2275 3240 fieri
2306 3197 2515 3252 sapientes
2545 3194 2710 3237 volunt.

1619 3274 1815 3316 Fluvium
1843 3273 2137 3315 scaturientem
2154 3268 2258 3311 dicit
2276 3265 2600 3310 inenarrabilem
2621 3274 2714 3318 gra-

1620 3345 1775 3387 tiarum
1796 3343 2043 3399 sapientiam
2063 3336 2313 3384 sanctissimi
2337 3338 2538 3394 Spiritus,
2559 3347 2716 3391 peren-

1622 3428 1717 3458 nem
1736 3415 1983 3470 sapientiam
2002 3412 2224 3468 tripliciter
2238 3409 2440 3464 fulgentis
2462 3407 2609 3450 unicae
2624 3405 2717 3470 Tri-

1622 3487 1781 3529 nitatis.
2669 3477 2673 3487 ¹

1682 3558 1765 3610 Qui
1780 3557 1997 3613 propriam
2021 3554 2178 3597 diaboli
2194 3551 2427 3607 nequitiam
2443 3550 2487 3590 in
2509 3560 2552 3589 se
2567 3546 2719 3589 admit-

1618 3631 1675 3672 tit
1693 3662 1703 3683 ,
1725 3634 1831 3672 etex
1853 3629 1942 3671 eius
1963 3639 2113 3669 norma
2134 3625 2222 3679 agit
2243 3619 2468 3676 cogitando
2493 3623 2536 3660 et
2557 3630 2721 3666 sermo-

1626 3700 1807 3743 cinando
1825 3700 1895 3742 hic
1912 3699 2090 3741 miratur
2104 3695 2223 3750 impii
2239 3703 2475 3749 personam.
2491 3691 2628 3732 Porro
2648 3689 2720 3730 *iu—

1626 3774 1782 3815 stitiam
1817 3772 1861 3813 in
1897 3770 2083 3822 iudicio,
2117 3771 2160 3808 et
2198 3762 2485 3818 corporalium
2525 3761 2720 3814 ratione,

1628 3855 1716 3885 non
1747 3841 1870 3884 decet·
1897 3853 1919 3883 a
1948 3839 2044 3880 viro
2075 3836 2221 3879 saneto
2247 3833 2394 3877 deseri.
