2996 4432
283 1392 353 1423 cod.
377 1393 400 1422 ἱ.
415 1396 459 1423 54.
479 1392 510 1422 1».

231 1644 233 1646 '
293 1642 361 1671 cod.
379 1643 399 1672 s.
418 1645 461 1670 55.
478 1646 507 1669 a.

284 2137 353 2166 cod.
373 2136 394 2166 f.
412 2140 456 2165 55.
475 2135 507 2165 h.

552 277 614 324 58
1518 289 1575 321 Ex
1609 274 1739 322 'mmo
1772 290 1855 323 vu.

554 373 834 438 nitentiae;
875 371 1210 442 temporam,
1252 389 1391 443 quae
1426 373 1665 444 praefixo
1702 375 1858 427 datur
1892 386 2157 447 tempore,
2198 396 2336 449 quae
2372 379 2516 432 omni
2544 398 2687 433 anno
2714 401 2826 435 om-

554 459 713 511 nibus
750 456 907 509 datur
943 455 1260 508 christianis
1303 456 1422 509 Alia
1457 468 1585 510 vero
1622 459 1679 509 in
1714 458 1901 510 ultimo
1950 460 2172 530 positis,
2213 481 2352 533 quae
2396 462 2528 522 nulli
2572 483 2825 536 umquam

552 552 763 594 vetatur
798 538 1115 601 christiane,
1156 556 1294 609 quae
1330 541 1738 610 corruptoribus
1774 542 2152 597 monacharum
2188 545 2338 598 nullo
2374 545 2534 598 modo
2570 531 2825 617 prohibe-4

552 635 658 676 tur.
688 623 866 675 Tertia
902 639 1029 674 vcro
1066 640 1203 692 quae
1238 622 1542 693 sollempnis
1578 623 1900 694 appellatur:
1929 622 2071 676 illam
2106 645 2219 680 non
2253 641 2478 699 possunt
2502 629 2827 683 fornicantes

549 726 675 759 'cum
713 704 1072 758 monachabus
1106 703 1355 777 adipisci,
1385 706 1486 757 nisi
1523 706 1654 758 alter
1689 724 1873 758 eorum
1909 705 2068 760 fuerit
2103 707 2411 776 defunctus3
2451 711 2508 765 id
2545 723 2623 765 est
2658 712 2827 767 domi-

554 791 678 841 nico
715 799 1038 840 sacramento
1076 807 1188 840 non
1224 800 1453 860 possunt
1488 790 1845 853 reconciliari,
1883 791 2019 843 sicut
2042 795 2451 848 reconciliantur
2486 796 2523 848 ii
2560 796 2657 868 qui
2695 796 2825 849 dan-

552 884 642 924 tur
678 883 888 924 satanae
924 871 992 923 ad
1028 883 1238 942 tempus
1274 872 1330 923 in
1367 872 1638 923 interitum
1674 872 1863 924 carnis,
1915 873 2243 945 Temporalis
2277 895 2431 939 vero,
2472 897 2609 950 quae
2643 898 2821 932 annua

556 957 779 1019 dicitur,
819 956 1013 1008 talibus
1049 974 1160 1007 non
1197 954 1599 1007 contradicitur.
1639 953 1745 1007 Sed
1780 955 1837 1007 in
1873 954 2057 1008 ultimo
2082 958 2268 1028 positis
2291 961 2612 1029 paenitentia
2640 973 2691 1014 et
2713 963 2823 1014 via-

556 1039 721 1091 ticum
759 1058 870 1092 non
906 1049 1149 1109 negatur.

873 1195 950 1239 Ex
982 1194 1155 1240 Lissao
1188 1193 1301 1247 vn,
1337 1193 1437 1248 om
1470 1193 1572 1239 Esr
1604 1194 1682 1238 DE
1714 1194 1955 1241 REGmUS
1989 1195 2060 1240 ET
2092 1168 2381 1258 mmcissus‘
2412 1183 2508 1243 mc.
2549 1206 2552 1207 ⁷

675 1392 691 1425 1
706 1391 790 1442 27.
817 1314 1164 1441 Scripturus
1188 1368 1254 1421 de
1278 1369 1520 1440 regibUS,
1545 1381 1598 1422 et
1622 1368 1688 1421 de
1711 1368 1977 1421 iudicibus
1992 1411 2005 1434 ,
2028 1381 2080 1422 et
2104 1369 2170 1423 de
2195 1370 2279 1423 his
2302 1371 2396 1443 qui
2415 1372 2472 1424 in
2495 1372 2664 1425 laicali
2682 1372 2823 1426 ordi-

560 1473 628 1507 ne
647 1455 705 1505 in
725 1452 1132 1511 sublimitatibus
1157 1462 1282 1503 sunt
1308 1452 1605 1515 constituti,
1630 1447 1822 1522 operae
1840 1452 2071 1523 pretium
2090 1453 2257 1505 visum
2282 1465 2361 1505 est
2378 1454 2552 1519 nobis,
2579 1453 2722 1508 unde
2746 1475 2823 1514 re-

559 1539 686 1609 galis
711 1547 942 1607 potestas
968 1535 1049 1587 vel
1075 1554 1105 1586 a
1131 1553 1240 1605 quo
1267 1534 1496 1605 primum
1521 1535 1803 1605 sumpserit
1826 1535 2131 1599 exordium,
2155 1537 2386 1589 breviter
2410 1537 2696 1591 dilucidare
2713 1552 2816 1594 etc.

542 1620 737 1689 (Heio
759 1620 930 1692 plura
959 1618 1094 1670 satis
1127 1629 1268 1672 ¹nota
1291 1619 1639 1690 prosequitur
1670 1618 1875 1670 Bonizo
1906 1619 1970 1670 de
2005 1621 2250 1691 antiquis
2277 1622 2474 1692 regnis,
2514 1622 2822 1693 desinitque

562 1707 620 1757 in
656 1704 907 1775 mysticas
931 1702 1188 1755 Danielis
1225 1702 1439 1765 beluas,
1482 1702 1625 1754 unde
1660 1720 1758 1754 nos
1785 1702 2041 1754 excribere
2067 1703 2381 1773 putavimus
2404 1705 2739 1775 sequentia.)
2757 1705 2822 1756 In

559 1799 748 1860 quarta
782 1787 977 1848 bestia,
1020 1804 1159 1856 quae
1196 1796 1309 1837 erat
1345 1784 1607 1836 dissimilis
1643 1785 1916 1847 omnibUS‚
1956 1786 2315 1838 Romanorum
2347 1787 2624 1858 imperium
2650 1806 2825 1858 usque

557 1871 623 1924 ad
657 1870 965 1923 Antichristi
1002 1881 1240 1940 tempora
1277 1867 1593 1920 duraturum
1629 1886 1740 1920 esse
1775 1867 2035 1939 promisit.
2077 1869 2424 1940 Quopropter
2460 1880 2680 1940 pereant
2725 1871 2819 1941 qui

558 1955 654 2026 qui
690 1971 970 2006 romanum
1002 1952 1280 2022 imperium
1317 1962 1582 2003 conantur
1616 1950 1947 2016 rescindere,
1988 1962 2041 2003 et
2076 1951 2307 2023 quadam
2342 1952 2556 2023 palliata
2579 1953 2818 2005 iustititia

557 2038 738 2106 iugum
780 2035 1079 2106 imperiale,
1130 2034 1230 2086 sub
1271 2053 1382 2105 quo
1435 2053 1548 2086 non
1589 2034 1885 2085 timuerunt
1923 2046 2098 2105 patres
2143 2036 2310 2087 nostri
2349 2035 2557 2098 vivere,
2592 2047 2652 2093 ut
2684 2036 2825 2088 filios

557 2120 717 2171 Belial
763 2119 990 2183 faciant,
1044 2137 1072 2169 a
1117 2117 1455 2169 subditorum
1504 2118 1799 2170 cervicihus
1841 2105 2106 2169 conantur
2149 2118 2440 2171 extrahere.
2489 2119 2637 2171 Licet
2676 2120 2818 2171 enim

492 2197 515 2246 Ῐ
556 2205 724 2255 Roma
761 2203 939 2255 senior
976 2201 1166 2254 nostris
1198 2202 1264 2252 sit
1307 2200 1549 2271 patribus
1577 2201 1893 2263 constituta,
1935 2201 2030 2270 qui
2067 2219 2167 2252 nos
2203 2201 2470 2270 religiosos
2513 2219 2623 2253 esse
2659 2201 2818 2253 iacta-

228 2457 243 2472 *
256 2455 295 2484 Π.
308 2454 421 2519 Tl,1:›.si5‘.l
428 2451 509 2520 Igog.

378 2499 387 2519 ι
405 2499 410 2505 ·
501 2510 509 2521 .

228 2556 239 2567 ·
252 2554 319 2583 cod.
336 2554 508 2594 Vaqinatc'S.

227 3299 239 3310 ¹*
256 3297 325 3327 Iud.
358 3298 439 3327 XXI.
460 3302 506 3330 21».

225 3715 240 3734 ¹*
254 3714 278 3744 1.
293 3714 375 3743 Petr.
392 3712 436 3743 11.
464 3717 504 3743 13.

542 2305 700 2348 mus,
741 2285 981 2337 barbaris
1014 2296 1189 2336 tamen
1222 2284 1381 2335 servit
1405 2295 1458 2335 et
1490 2283 1598 2334 suis
1631 2302 1741 2335 non
1775 2284 1940 2335 utitur
1964 2284 2186 2354 legibus.
2215 2283 2396 2335 Solum
2422 2277 2601 2337 novae.
2621 2285 2822 2337 Romae

558 2370 837 2440 imperium
883 2367 1557 2438 constantinopolitanum,
1611 2367 1806 2418 scilicet
1849 2368 1906 2418 in
1952 2365 2243 2419 meditullio
2275 2367 2548 2437 'positum3
2589 2365 2656 2419 de
2705 2386 2822 2438 quo
2896 2363 2908 2378 Χ

559 2452 830 2523 apostolus
855 2451 980 2503 ait*:
1010 2451 1106 2520 qui
1131 2461 1269 2501 tenet
1293 2469 1441 2501 nunc
1467 2461 1659 2512 teneat,
1699 2451 1866 2502 donec
1889 2450 1952 2501 cle
1979 2449 2149 2501 medio
2169 2451 2283 2520 flat
2299 2490 2315 2515 ‚
2337 2449 2504 2501 Medis
2539 2468 2599 2502 ac
2623 2451 2815 2514 PersiS‚

557 2535 796 2588 barbaris
827 2553 887 2585 ac
921 2533 1156 2604 Scythis,
1198 2532 1484 2585 Patzinacis
1507 2533 1529 2558 '‘
1558 2544 1611 2585 et
1636 2532 1961 2603 Massagetis,
1998 2532 2210 2584 Hunnis
2238 2543 2291 2584 et
2327 2531 2551 2601 Ungaris
2570 2572 2584 2596 ‚
2622 2533 2820 2585 Gothis

555 2630 606 2670 et
631 2618 951 2670 Normannis
972 2657 984 2680 ,
1013 2616 1282 2668 Saracenis
1318 2627 1369 2667 et
1393 2615 1617 2679 Mauris,
1646 2635 1819 2687 usque
1843 2614 2003 2667 hodie
2037 2614 2370 2668 contradicit.
2412 2615 2478 2666 Et
2506 2626 2566 2666 ut
2590 2615 2714 2685 plus
2742 2615 2817 2669 di-

555 2721 699 2766 cam;
740 2702 862 2753 licet
893 2701 1050 2771 culpa
1092 2700 1470 2770 imperatorum
1509 2718 1568 2751 ac
1605 2698 1938 2751 sacerdotum
1970 2710 2048 2750 'ex
2095 2717 2282 2768 magna
2318 2709 2469 2768 parte
2498 2709 2812 2769 quassatum

556 2787 623 2837 sit
653 2804 932 2837 romanum
971 2784 1282 2854 imperium,
1324 2785 1500 2834 tamen
1535 2783 1663 2853 quia
1696 2781 1896 2834 subditi
1933 2782 2058 2852 iugo
2089 2791 2405 2852 premuntur
2440 2779 2615 2833 adhuc
2649 2782 2816 2853 impe-

557 2869 674 2920 riali
697 2910 708 2932 ‚
750 2887 847 2938 per
880 2868 1107 2937 abrupta
1145 2867 1424 2930 vitiorum,
1466 2866 1617 2936 quasi
1659 2865 1751 2918 filii
1779 2866 1972 2928 Belial,
2005 2883 2117 2916 non
2147 2864 2438 2916 volvuntur
2475 2863 2542 2915 ad
2572 2864 2813 2928 libitum;

539 2951 646 3004 sed
683 2952 858 3003 adhuc
900 2951 1322 3015 christianitatiS,
1361 2968 1428 3001 ne
1464 2967 1610 3001 more
1651 2949 1934 3001 brutorum
1972 2947 2237 2999 insaniant
2281 2946 2615 3012 animalium,
2663 2947 2820 3000 freno

555 3036 940 3106 reprimuntur.
1464 3082 1467 3089 ‚
2701 3079 2704 3084 .
2787 3083 2790 3085 ,

668 3119 783 3170 128.
824 3118 886 3168 'In
917 3116 1150 3169 occiduis
1189 3116 1316 3168 vero
1340 3115 1582 3186 partibus
1617 3114 1897 3166 insolentia
1933 3132 2115 3183 regum
2151 3124 2203 3165 et
2239 3113 2486 3185 superbia
2511 3124 2575 3174 et
2599 3112 2818 3164 avaritia

557 3200 892 3252 subditorum
924 3218 1199 3252 romanum
1237 3199 1395 3269 periit
1431 3198 1738 3269 imperium3
1780 3209 1840 3249 ut
1879 3199 1935 3249 in
1973 3197 2130 3249 nobis
2177 3197 2497 3268 completum
2545 3194 2818 3248 videamus

557 3282 688 3334 illud
733 3282 967 3334 iudicum
1010 3282 1351 3352 proverbium
1377 3283 1418 3332 ἐ
1464 3281 1521 3332 in
1555 3281 1738 3332 diebus
1762 3281 1887 3342 ,illis
1919 3299 2030 3332 non
2068 3291 2180 3331 erat
2210 3299 2302 3332 rex
2339 3280 2398 3331 in
2435 3278 2680 3341 Israhel,
2724 3277 2823 3331 sed

557 3365 926 3434 unusquisque
950 3365 1095 3434 quod
1126 3383 1288 3415 suum
1319 3376 1431 3415 erat
1471 3363 1683 3414 libitum
1697 3363 1964 3432 faciebat.
2005 3363 2260 3428 Quamvis
2303 3373 2478 3414 autem
2523 3360 2816 3414 destructio

554 3447 760 3499 romani
795 3447 999 3516 imperii
1035 3447 1353 3517 prophetata
1390 3447 1455 3499 sit
1476 3487 1488 3510 ‚
1533 3457 1584 3498 et
1619 3464 1828 3498 necesse
1856 3458 1933 3497 est
1968 3444 2025 3497 id
2054 3445 2297 3510 evenire3
2328 3445 2422 3515 qui
2457 3443 2715 3496 rebellant
2739 3461 2816 3495 re·
2868 3464 2870 3466 ’

557 3531 710 3601 gibus
738 3540 956 3600 propter
993 3529 1424 3608 malivolentiam‘,
1459 3548 1570 3580 non
1605 3528 1909 3581 transibunt
1939 3528 2217 3599 impuniti3
2258 3527 2563 3598 praesertim
2604 3545 2726 3578 cum
2762 3537 2815 3578 et

558 3614 655 3664 Dei
685 3613 929 3664 resistant
958 3610 1310 3674 ordinationi,
1342 3622 1394 3663 et
1428 3612 1789 3682 apostolorum
1822 3611 2079 3682 principis
2114 3609 2515 3681 praedicationi.
2552 3607 2637 3660 Sic
2674 3608 2816 3660 enim

558 3698 629 3748 ait
664 3693 803 3747 inter
839 3706 1009 3747 cetera
1040 3694 1081 3745 ⁴¹:
1121 3695 1323 3753 subditi
1351 3707 1508 3746 estote
1540 3696 1693 3746 omni
1732 3695 2008 3747 humanae
2037 3705 2307 3745 creaturae
2338 3703 2562 3764 propter
2593 3692 2772 3744 Deum
2787 3710 2814 3751 ;

557 3781 659 3831 sive
690 3779 811 3850 regi,
844 3777 1003 3848 quasi
1025 3777 1375 3847 praecellenti
1385 3797 1408 3839 ;
1442 3778 1544 3828 sive
1574 3777 1819 3839 ducibus,
1851 3783 2130 3847 ‘tamquam
2158 3775 2226 3827 ab
2249 3794 2306 3826 eo
2341 3774 2518 3827 missis
2549 3772 2625 3825 ad
2650 3771 2814 3824 vindi·

559 3873 700 3913 ctam
734 3860 1170 3930 malefactorum,
1212 3859 1426 3911 laudem
1464 3860 1887 3919 verovbonorum.
1935 3860 2087 3912 Haec
2123 3869 2199 3912 est
2231 3858 2376 3910 enim
2414 3855 2611 3928 gratia.
2666 3853 2818 3921 Qua-
