2996 4432
975 238 1162 300 ι00111111
1194 264 1434 300 invasoass
1468 264 1564 298 nro.
1602 266 1689 298 un.
1728 265 1778 298 11.
2457 251 2521 298 97

253 362 442 420 praemia
471 361 627 406 iustitia
657 356 859 403 suadente
890 355 1170 398 constituunt.
1202 352 1361 397 Malum
1390 355 1529 396 autem
1560 352 1743 395 schisma
1779 355 1842 395 est
1871 353 1998 396 etiam
2028 365 2106 408 per
2145 356 2361 396 extraneas
2396 357 2525 409 pote-

253 438 383 478 states
413 430 756 489 opprimendum.
778 447 795 464 υ

379 507 448 548 17.
471 505 622 558 ltaque
635 532 647 555 ,
667 501 703 543 si
726 500 837 543 sicut
863 510 914 540 ex
932 496 999 540 his
1016 501 1156 553 patet,
1178 494 1451 548 schismatici,
1471 494 1572 537 item
1593 494 1826 547 invasores,
1848 498 1890 538 et
1907 496 2053 549 ceteri,
2071 507 2148 550 per
2165 498 2385 537 extraneas
2403 499 2528 550 pote-

253 580 383 620 states
401 579 499 619 suut
518 570 852 629 comprimendi3
875 568 1086 625 numquid
1109 566 1349 622 (simoniaci)
1366 567 1506 609 minus
1526 577 1656 620 quam
1677 566 1891 608 invasores
1914 565 2197 622 delinquunt?
2217 567 2348 608 immo
2371 568 2524 621 magis.

254 648 358 689 Nam
378 647 419 689 si
437 645 628 689 Christus
646 643 724 685 Dei
741 641 853 685 filius
873 644 918 683 et
935 640 1117 695 Spiritus
1139 639 1230 682 eius
1250 642 1293 681 et
1314 637 1471 688 Patris,
1491 648 1572 691 per
1594 637 1735 678 omnia
1758 637 1955 691 aequales
1983 637 2068 680 sint
2083 669 2095 691 ,
2123 636 2298 680 iudaeus
2322 642 2365 680 et
2394 639 2527 680 simo-

254 719 400 761 niacus
414 749 427 771 ,
449 716 527 772 qui
548 719 780 770 utrumque
800 711 993 756 vendunt
1008 743 1021 766 ,
1045 722 1171 767 pares
1194 721 1283 752 non
1304 707 1465 751 eruut?
1486 707 1596 749 Item
1616 719 1715 749 cum
1735 719 1787 749 ex
1807 708 2044 762 praemissis
2065 708 2390 751 auctoritatibus
2416 721 2526 751 con-

254 793 336 832 stet
355 788 634 831 simoniacum
648 819 660 841 ,
683 784 948 828 Paracletum
968 795 1134 836 emere3
1154 779 1355 834 iudaeum
1379 791 1482 822 vero
1497 809 1510 832 ,
1543 778 1758 821 Christum
1784 778 2050 832 vendidisse3
2075 779 2285 835 numquid
2305 792 2393 822 non
2415 793 2524 823 0011-

256 860 386 903 stabit
416 859 589 902 eosdem
619 858 778 901 malitia
806 861 851 900 et
877 856 1031 900 merito
1061 867 1186 911 pares
1213 854 1436 899 habendos
1466 854 1591 898 esse?
1621 855 1675 896 Et
1710 853 1883 909 quidem
1919 854 1977 896 ita
2005 853 2187 897 videtur.
2222 856 2345 897 Patet
2382 856 2528 912 itaque

253 931 508 974 simoniacos
536 929 668 972 veluti
698 928 863 985 primos
902 931 945 970 et
973 927 1228 982 praecipuos
1258 927 1493 970 haereticos
1527 924 1581 968 ab
1618 923 1819 968 omnibus
1855 923 2052 967 fidelibus
2086 925 2379 980 respuendos:
2417 931 2460 969 et
2493 928 2530 970 si

256 1002 507 1044 commoniti
535 1013 625 1043 11011
655 998 938 1055 resipuerint,
976 998 1103 1041 etiam
1132 998 1185 1041 ab
1224 998 1378 1041 exteris
1414 995 1698 1053 potestatibus
1733 995 2056 1054 opprimendos
2096 996 2337 1038 Verendum
2372 999 2530 1054 quippe

254 1077 319 1116 est
339 1105 350 1127 ‚
375 1077 424 1116 ut
454 1074 528 1116 ait⁴
543 1072 773 1128 Gregorius
801 1071 847 1113 iu
875 1069 1060 1124 registro
1080 1101 1092 1123 ,
1113 1082 1325 1125 quemque
1354 1081 1437 1124 pro
1467 1080 1547 1111 suo
1580 1066 1723 1110 officio
1755 1070 1800 1109 ct
1828 1066 1927 1110 loco
1946 1070 2095 1108 contra
2113 1066 2284 1108 eosdem
2305 1067 2530 1112 vehemen-

251 1149 317 1187 ter
346 1157 433 1186 non
466 1143 682 1187 ardescere
697 1176 709 1198 ,
742 1152 978 1197 eorumque
1015 1140 1262 1184 detestando
1293 1141 1430 1184 errori
1466 1140 1569 1182 totis
1605 1138 1768 1181 viribus
1801 1150 1892 1181 nou
1929 1137 2118 1180 obviare.
2154 1138 2284 1180 Error
2311 1151 2497 1195 namque
2515 1173 2527 1195 ,

252 1220 301 1258 ut
332 1217 392 1258 ait
419 1215 694 1258 Innocentius
722 1225 833 1269 papa
846 1244 859 1266 ,
891 1212 961 1255 cui
989 1223 1077 1254 nou
1107 1212 1318 1255 resistitur
1332 1243 1345 1266 ,
1376 1211 1666 1267 approbatum
1691 1214 1734 1252 et
1762 1210 1944 1262 veritaS‚
1969 1221 2066 1252 cum
2095 1221 2120 1251 a
2149 1210 2313 1251 nemine
2339 1209 2532 1253 defensa-

254 1292 347 1341 tur,
381 1287 654 1347 opprimitur.
677 1286 786 1327 Item
815 1283 944 1330 idem.
976 1301 993 1319 a
1009 1283 1230 1338 Negligere
1259 1283 1421 1338 quippe
1438 1314 1450 1335 ,
1473 1295 1571 1325 cum
1598 1282 1739 1337 possis
1770 1279 2001 1323 deturbare
2029 1292 2272 1335 perversos,
2295 1281 2401 1323 nihil
2419 1282 2534 1325 aliud

252 1363 316 1401 est
345 1370 471 1413 quam
500 1357 664 1398 fovere.
691 1374 709 1392 υ
743 1355 1011 1409 Augustinus
1039 1355 1085 1396 in
1115 1366 1202 1396 una
1232 1353 1286 1395 de
1316 1354 1627 1408 quinquaginta
1656 1353 1857 1395 homiliis.
1903 1371 1920 1387 «
1943 1352 2142 1406 Quisquis
2170 1357 2286 1394 metu
2308 1354 2535 1396 cuiuslibet

257 1429 482 1484 potestatis
510 1427 733 1469 veritatem
763 1425 950 1468 occultat
965 1460 976 1480 ‚
1009 1426 1117 1468 iram
1146 1425 1224 1467 Dei
1253 1437 1382 1481 super
1411 1437 1457 1467 50
1486 1429 1724 1481 provocat,
1749 1425 1852 1480 quia
1871 1424 2006 1478 magis
2026 1424 2148 1466 timet
2166 1424 2383 1467 hominem
2405 1438 2534 1480 quam

257 1490 440 1541 Deum.»
474 1497 741 1540 Ambrosius.
782 1515 798 1531 ‹-
818 1496 1065 1538 Consentire
1095 1499 1184 1550 est,
1218 1508 1305 1538 nou
1335 1496 1475 1538 solum
1504 1495 1615 1538 mala
1643 1495 1824 1538 scienter
1852 1494 1945 1536 fieri
1967 1495 2234 1549 permittere,
2258 1495 2333 1538 sed
2363 1500 2406 1538 et
2425 1497 2534 1539 male

250 1570 363 1613 facta
391 1581 480 1611 non
509 1569 756 1630 persequi.3
783 1567 1012 1621 Gregorius
1034 1567 1080 1609 in
1110 1568 1308 1621 registro.
1338 1586 1355 1603 «ι
1375 1567 1459 1619 Qui
1487 1579 1578 1609 non
1608 1567 1786 1621 corrigit
1803 1566 2035 1609 resecando
2054 1597 2066 1619 ,
2092 1567 2338 1608 committit.
2362 1586 2379 1603 ι»
2413 1567 2533 1610 Idem

236 1643 295 1695 ‚in
325 1640 572 1684 moralibus.
611 1658 628 1675 «
651 1639 908 1694 Plerumque
938 1638 1072 1693 qu'icti
1101 1642 1228 1694 atque
1269 1638 1526 1680 inconcussi
1550 1638 1830 1692 relinquimur
1849 1668 1861 1689 ,
1894 1637 1931 1679 si
1962 1637 2136 1679 obviare
2168 1638 2309 1692 pravis
2349 1650 2430 1692 pro
2460 1640 2533 1680 iu-

253 1713 369 1754 stitia
398 1724 486 1754 non
517 1723 727 1753 curamus.
760 1709 843 1753 Sed
871 1711 907 1752 si
938 1714 1132 1752 aeternae
1154 1709 1266 1752 vitae
1297 1709 1505 1751 desiderio
1537 1709 1702 1751 animus
1720 1710 1875 1751 exarsit
1891 1739 1903 1761 ‚
1937 1708 1973 1750 si
2003 1720 2152 1750 verum
2175 1709 2259 1750 iam
2282 1709 2533 1752 intrinsecus

252 1786 396 1827 lumen
426 1784 596 1838 respicit
613 1814 625 1836 ,
659 1783 774 1826 etin
803 1795 847 1824 se
875 1782 1090 1825 flammam
1119 1782 1254 1825 sancti
1282 1780 1463 1823 fervoris
1500 1780 1696 1823 accendit
1717 1811 1729 1831 ‚
1762 1781 1808 1822 in
1840 1785 2049 1835 quantum
2085 1780 2206 1822 locus
2242 1779 2455 1835 admittit,
2487 1782 2534 1824 iu

254 1860 463 1910 quantum
483 1867 612 1897 causa
633 1854 765 1909 exigit
781 1886 793 1908 ,
819 1853 1021 1896 debemus
1041 1866 1124 1908 pro
1145 1852 1390 1896 defensioue
1408 1852 1591 1894 iustitiae
1611 1856 1778 1894 nosmet
1798 1851 1916 1906 ipsos
1941 1851 2147 1904 obiicere3
2170 1856 2212 1893 et
2237 1853 2448 1906 perversis
2478 1852 2534 1896 ad

252 1929 408 1970 iniusta
437 1926 815 1982 prorumpentibus
831 1958 843 1979 ‚
870 1926 994 1967 etiam
1013 1937 1111 1968 cum
1130 1925 1184 1967 ab
1208 1925 1268 1967 eis
1284 1937 1374 1967 non
1404 1925 1646 1979 quaeritur,
1671 1923 1860 1965 obviare.
1885 1924 1991 1965 Nam
2023 1935 2118 1964 cum
2150 1923 2351 1966 iustitiam
2368 1954 2380 1976 ,
2405 1936 2534 1978 quam

255 2011 335 2041 nos
366 2009 552 2040 amamus
568 2028 580 2049 ‚
611 1997 657 2038 in
686 1996 782 2038 aliis
808 1996 992 2050 feriunt,
1025 2009 1106 2038 nos
1134 1996 1270 2039 nihilo
1292 1996 1433 2038 minus
1455 2008 1532 2038 sua
1550 1995 1820 2050 percussione
1849 1979 2130 2049 confodiunt,
2156 1995 2234 2038 etsi
2256 1996 2448 2039 venerari
2470 1997 2535 2038 vi-

255 2070 452 2112 deantur.
476 2089 494 2105 »
529 2070 582 2111 Et
612 2068 814 2123 quoniam
846 2080 871 2109 a
901 2066 1157 2122 quibusdam
1186 2080 1336 2110 eorum
1372 2067 1640 2121 ignorantia,
1664 2079 1699 2117 ,a
1729 2066 1983 2121 quibusdam
2020 2079 2122 2108 vero
2159 2067 2416 2121 negligentia
2433 2098 2445 2121 ,
2479 2067 2534 2110 ab

254 2139 467 2195 aliquibus
497 2143 639 2181 autem
670 2138 894 2194 superbiae
925 2138 1193 2181 contumacia
1225 2138 1490 2193 delinquitur
1505 2167 1518 2190 ‚
1544 2139 1752 2193 optimum
1777 2142 1840 2180 est
1861 2143 1910 2180 ut
1930 2138 2114 2193 primum
2144 2138 2280 2180 levius
2303 2139 2534 2194 mitiusque

254 2223 353 2252 cum
391 2209 547 2252 eisdem
586 2209 863 2252 schismaticis
879 2240 890 2261 ,
929 2213 971 2250 et
1009 2208 1166 2251 eisdem
1202 2208 1472 2251 invasoribus
1489 2239 1502 2261 ‚
1535 2213 1580 2251 et
1613 2209 1762 2256 ceteris
1798 2213 1947 2262 agatur
1964 2242 1975 2263 ‚
2009 2213 2052 2251 et
2086 2221 2167 2263 pro
2199 2210 2259 2251 eis
2295 2214 2467 2263 oretur3
2500 2211 2536 2252 si

252 2283 365 2324 forte
379 2314 390 2336 ‚
425 2286 474 2324 ut
502 2283 560 2323 ait
589 2281 810 2337 apostolus
824 2314 836 2336 ,
870 2283 939 2322 det
967 2283 1051 2323 illis
1082 2283 1190 2322 Deus
1221 2283 1411 2334 spiritum
1441 2282 1772 2333 compunctionis,
1809 2285 1849 2321 et
1867 2284 2108 2333 ‘resipiscant
2128 2294 2154 2321 a
2177 2283 2329 2334 laqueis
2351 2283 2530 2334 diaboli,

255 2367 282 2395 a
311 2355 455 2407 quibus
483 2355 648 2406 alliqati
677 2358 872 2394 tenentur.
909 2352 1035 2405 Quod
1065 2353 1102 2394 si
1131 2351 1291 2394 rationi
1321 2363 1411 2393 non
1442 2351 1758 2406 acquieverint,
1791 2350 2011 2393 simoniaci
2039 2352 2198 2405 pariter
2221 2355 2264 2393 et
2282 2352 2539 2395 schismatici

252 2430 303 2466 ut
329 2423 582 2467 incurabilia
611 2423 802 2465 membra
832 2423 886 2465 ab
917 2423 1114 2465 ecclesiae
1146 2434 1331 2477 corpore
1363 2421 1694 2473 abscindantur3
1719 2425 1789 2474 et,
1811 2426 1861 2464 ut
1889 2421 2052 2463 dictum
2082 2426 2169 2476 est,
2195 2422 2249 2464 ab
2280 2423 2432 2464 exteris
2453 2435 2536 2478 po·-

251 2485 475 2537 tcstatihus
505 2495 830 2549 opprimantur,
863 2494 980 2536 salva
1007 2498 1152 2536 tamen
1181 2506 1288 2548 pace
1317 2494 1450 2536 totius
1481 2493 1683 2535 ecclesiae
1703 2524 1714 2546 ,
1735 2497 1784 2535 ut
1814 2491 1894 2535 hac
1925 2492 1978 2535 de
2009 2506 2134 2536 causa
2166 2494 2412 2547 gravissima
2433 2507 2536 2550 per-

253 2566 444 2608 turbatio
474 2578 563 2613 non
594 2566 778 2613 oriatur:

374 2639 446 2691 18.
481 2637 589 2678 Νο111
618 2638 878 2691 Augustinus
908 2638 954 2679 in
983 2637 1096 2679 libro
1128 2637 1181 2680 de
1210 2637 1295 2679 fide
1326 2642 1369 2679 et
1399 2636 1627 2692 operibus,
1661 2636 1713 2679 de
1748 2635 1983 2678 tolerandis
2022 2641 2066 2679 et
2102 2649 2189 2678 nou
2227 2636 2454 2678 tolerandis
2490 2638 2535 2679 in

254 2709 428 2750 ecclesia
457 2707 575 2750 malis
603 2706 876 2757 hominibus,
915 2709 975 2750 ita
1014 2708 1177 2750 scribit.
1227 2726 1243 2743 «ι
1261 2709 1414 2750 Errant
1450 2707 1643 2749 homiues
1683 2720 1771 2750 nou
1807 2711 2021 2750 servantes
2058 2706 2257 2759 modum3
2290 2711 2333 2749 et
2364 2720 2460 2748 cum
2490 2708 2534 2750 in

254 2792 380 2821 unam
410 2782 576 2834 partem
598 2777 811 2832 proclives
831 2779 892 2819 ire
912 2779 1131 2833 coeperint
1146 2811 1158 2831 ,
1180 2790 1270 2820 nou
1299 2777 1536 2832 respiciunt
1565 2777 1731 2819 divinae
1751 2778 2016 2820 auctoritatis
2037 2778 2119 2819 alia
2141 2778 2381 2820 testimonia
2394 2810 2406 2832 ,
2426 2778 2534 2833 >,qui-

253 2851 335 2892 bus
365 2851 530 2906 possint
560 2849 612 2891 ab
641 2850 715 2891 illa
742 2849 976 2891 intentione
1005 2850 1221 2901 revocari,
1243 2852 1286 2890 et
1313 2848 1360 2889 iu
1389 2859 1439 2889 00
1469 2859 1577 2902 quae
1614 2861 1664 2891 ex
1702 2850 1895 2903 utrisque
1929 2851 2166 2902 temperata
2206 2852 2268 2890 est
2297 2848 2454 2889 virtute
2483 2861 2533 2890 ac

254 2921 546 2964 moderatione
575 2922 821 2964 consistere.
855 2920 1034 2973 Quidam
1065 2921 1176 2962 enim
1207 2920 1420 2962 intuentes
1443 2919 1636 2973 exempla
1665 2919 1923 2972 severitatis,
1946 2918 2104 2973 quibus
2130 2917 2407 2960 admonemur
2437 2930 2533 2960 cor-

251 2994 392 3048 ripere
421 2993 636 3047 inquietos
655 3024 667 3045 ,
701 3005 790 3035 non
821 2992 922 3034 dare
953 2996 1145 3034 sanctum
1176 2991 1351 3034 canibus
1370 3022 1382 3044 ,
1413 2995 1464 3033 ut
1494 2991 1710 3034 ethnicum
1741 2991 1899 3033 babere
1930 2990 2131 3032 ecclesiae
2161 2993 2501 3049 contemptorem
2518 3020 2531 3043 ‚

254 3077 279 3106 a
309 3076 517 3119 compage
547 3064 744 3119 corporis
774 3063 1014 3105 membrum
1042 3063 1165 3118 quod
1195 3063 1446 3106 scandalizat
1476 3062 1656 3106 avellere
1674 3095 1687 3116 ,
1720 3066 2000 3118 corrumpunt
2035 3061 2234 3103 ecclesiae
2274 3073 2451 3115 pacem,
2484 3065 2533 3103 ut

253 3139 463 3176 conentur
491 3139 590 3176 ante
617 3138 786 3189 tempus
816 3146 1011 3189 separare
1041 3135 1209 3176 zizania.
1244 3135 1386 3190 Atque
1416 3135 1502 3177 hoc
1533 3146 1678 3177 errore
1708 3135 1892 3187 caecati,
1925 3134 2006 3188 ipsi
2035 3133 2179 3188 potius
2208 3145 2232 3174 a
2255 3133 2409 3176 Christi
2431 3133 2530 3175 uui-

252 3210 337 3247 tate
369 3210 632 3261 separantur.
668 3205 849 3259 Quidam
880 3218 983 3247 vero
1016 3219 1040 3247 0
1071 3206 1287 3248 contrario
1318 3206 1627 3260 periclitanteS‚
1659 3216 1759 3248 cum
1788 3204 2004 3246 bonorum
2038 3203 2332 3258 malorumque
2371 3203 2531 3245 comix-

253 3278 412 3318 tionem
443 3278 487 3318 in
519 3277 698 3319 ecclesia
738 3276 1067 3320 demonstratam
1102 3276 1170 3319 vel
1204 3277 1465 3333 praedictam
1494 3289 1585 3320 esse
1614 3275 1928 3332 perspexerint,
1960 3280 2002 3318 et
2038 3280 2266 3331 praecepta
2302 3274 2531 3329 patientiae

254 3346 484 3390 didicerint
504 3377 515 3399 ,
548 3359 659 3402 quae
689 3347 749 3390 ita
777 3347 1039 3390 firmissimos
1069 3360 1148 3390 nos
1178 3347 1320 3390 reddit
1336 3378 1348 3400 ,
1372 3353 1422 3390 ut
1452 3348 1617 3390 etiamsi
1647 3347 1847 3390 videntur
1867 3347 1911 3389 in
1932 3347 2108 3389 ecclesia
2128 3359 2218 3389 esse
2238 3346 2418 3397 zizania,
2442 3357 2531 3387 non

253 3423 395 3461 tamen
424 3418 682 3474 impediatur
711 3418 818 3461 fides
846 3423 992 3461 nostra
1028 3422 1101 3461 aut
1138 3420 1288 3462 caritas
1305 3450 1318 3474 ‚
1350 3423 1400 3462 ut
1436 3420 1640 3475 quoniam
1679 3432 1769 3462 esse
1799 3419 1955 3461 zizania
1995 3419 2039 3462 in
2070 3419 2246 3461 ecclesia
2286 3419 2495 3460 cernimus
2512 3447 2526 3469 ‚

252 3490 333 3544 ipsi
362 3486 416 3532 de
445 3481 622 3532 ecclesia
652 3489 928 3542 recedamus3
962 3489 1274 3534 destituendam
1304 3495 1456 3546 putant
1485 3490 1810 3533 ecclesiasticam
1840 3489 2101 3544 disciplinam
2117 3521 2129 3542 ‚
2162 3488 2389 3544 quamdam
2427 3499 2527 3542 per-

193 3555 196 3560 ’
252 3560 535 3603 versissimam
571 3560 844 3603 securitatem
882 3561 1138 3616 praepositis
1171 3561 1408 3605 tribuentes
1423 3592 1436 3615 ‚
1467 3566 1517 3604 ut
1554 3561 1609 3604 ad
1640 3573 1715 3603 005
1756 3573 1846 3603 11011
1875 3562 2086 3615 pertineat
2115 3562 2194 3603 nisi
2226 3559 2389 3610 dicere,
2422 3558 2528 3612 quid

251 3630 486 3673 cavendum
515 3630 672 3686 quidve
700 3630 942 3674 faciendum
971 3631 1052 3684 sit;
1085 3631 1297 3688 quidlibet
1326 3636 1468 3675 autem
1495 3632 1680 3684 faciant,
1711 3644 1800 3674 non
1831 3644 1997 3675 curare.
2030 3633 2118 3675 Nos
2155 3641 2258 3672 vero
2293 3627 2348 3671 ad
2381 3641 2526 3670 sanam

228 3703 495 3746 ‘doctrinam
536 3703 748 3758 pertinere
786 3701 1041 3745 arbitramur
1065 3734 1077 3757 ,
1120 3715 1172 3745 ex
1210 3703 1404 3758 utrisque
1444 3702 1698 3745 testimoniis
1738 3702 1869 3746 vitam
1910 3704 2242 3755 sententiamque
2279 3698 2523 3750 moderari,

252 3778 302 3816 ut
331 3786 456 3816 canes
484 3773 530 3815 in
560 3773 736 3816 ecclesia
764 3785 846 3831 pro
878 3784 982 3829 pace
1011 3767 1271 3828 toleremus;
1301 3779 1344 3817 et
1373 3772 1549 3816 canibus
1585 3777 1802 3827 sanctum,
1838 3773 1913 3816 ubi
1947 3786 2033 3831 pax
2071 3771 2270 3815 ecclesiae
2308 3773 2400 3812 tuta
2435 3774 2522 3821 est,

253 3857 342 3887 nou
380 3844 541 3889 demus.
583 3845 690 3889 Cum
725 3857 829 3902 ergo
866 3846 954 3889 sive
986 3857 1064 3901 per
1101 3845 1401 3901 negligentiam
1441 3846 1782 3902 praepositorum
1799 3875 1813 3900 ‚
1851 3845 1938 3888 sive
1970 3856 2049 3901 per
2083 3843 2266 3898 aliquam
2305 3840 2525 3884 excusabi-

2308 3911 2343 3950 N

1414 3955 1430 3975 d

2575 1869 2643 1899 cod.
2661 1870 2679 1898 f.
2702 1873 2761 1898 1:37.
