2944 4426
156 370 225 398 cod.
246 369 266 398 f.
286 338 383 398 2682261).

350 1125 378 1185 5-5*

158 1156 225 1184 cod.
247 1156 266 1184 l.

148 1792 324 1823 ‹·0‹1.t.‘2‹.›
320 1779 373 1822 a·

296 2475 324 2495 V.
345 2472 371 2496 6.

146 2501 214 2529 eod.
234 2501 255 2530 ἰ.
276 2507 320 2530 ἐξ).
342 2503 371 2531 b.

121 2911 129 2919 ·
152 2908 239 2937 Rom.
259 2908 307 2936 VI.
326 2912 369 2936 23.

295 3744 322 3765 v.
346 3741 371 3765 s.

151 3771 219 3799 eod.
242 3772 263 3800 f.
277 3775 322 3802 ao.
342 3771 371 3802 l).

439 235 498 280 10
1461 251 1660 284 omenms

498 328 616 385 Τινὲς
661 352 733 392 μεν
781 332 896 379 τοῦτο
939 352 1031 420 ωερι
1077 336 1151 387 τῆς
1195 331 1345 390 ἔξωθεν
1384 357 1523 403 σοφιας

425 399 617 464 νομίζουσι
655 398 853 465 λέγεσθαι
870 439 886 487 ‚'
926 400 1028 469 ωρὲς
1063 426 1112 456 ην
1148 402 1336 471 χρονίζειν
1373 408 1416 454 οὐ
1449 429 1526 453 κα-

424 470 490 520 λόν
537 470 603 521 διὰ
647 468 721 525 τὰς
758 473 796 518 ἐν
832 474 934 537 αὐτῇ
978 472 1163 529 ἇωάτας·
1206 496 1309 530 τινες
1353 474 1396 525 δε
1433 499 1527 543 ωερι

425 546 495 596 τῆς
526 539 663 596 κακίας
694 564 759 589 και
792 563 836 590 το
870 566 927 607 μη
959 541 1086 594 πολῦν
1120 538 1216 595 εἰναι
1247 544 1343 611 προς
1375 545 1499 599 αὐτην

425 610 604 678 ἔρμηνευο
590 635 694 660 υσιν
729 613 867 668 οὕτως·
902 617 945 662 ὅτ
950 638 961 662 ι
994 613 1185 666 ἀδυνατον
1210 612 1285 679 μὲν
1309 638 1524 667 πανταπα-

424 705 485 732 σιν
518 681 740 746 ἀπέχεσθαι
772 681 983 752 ἄνθρωπον
1015 690 1204 752 πονηρῶν
1226 690 1436 752 λογισμων·
1469 709 1524 749 μη

425 752 663 820 ἐγχρονίζειν
693 753 768 816 μὲν
802 777 859 804 τοι
891 758 930 804 ἓν
963 779 1128 818 αυτοις,
1161 756 1341 806 δυνατόν·
1372 780 1436 812 ους
1460 754 1526 805 καὶ

421 821 598 890 ἀγκαλας
622 829 737 873 καλ
703 847 754 874 ει.

1652 340 1856 383 Nonnulli
1884 340 1969 383 hoc
1992 339 2045 383 de
2067 340 2245 396 profana
2265 341 2471 400 sapientia
2501 341 2586 384 dici
2606 354 2693 397 pu-

1593 415 1713 466 tant,
1746 413 1788 455 in
1821 425 1906 468 qua
1935 412 2009 455 diu
2040 413 2192 455 versari
2229 424 2316 454 non
2354 412 2555 467 expedit,
2589 425 2695 469 pro—

1596 489 1692 539 pter
1721 484 1938 528 haerentes
1965 486 2010 526 in
2041 497 2090 527 ea
2120 495 2301 526 errores.
2323 484 2418 525 .Alii
2449 483 2502 527 de
2530 484 2694 540 impro-

1595 555 1746 607 bitate,
1772 557 1999 610 quominus
2019 554 2213 597 videlicet
2233 554 2458 597 familiares
2481 555 2520 597 ei
2534 555 2686 607 simus,

1594 626 1926 681 interpretantur
1955 628 2043 668 sic:
2078 638 2231 681 nempe
2263 626 2361 680 quia
2392 626 2470 667 etsi
2490 626 2692 683 impossi-

1594 695 1681 738 bile
1710 701 1773 738 est
1794 695 2009 739 hominem
2030 697 2149 739 malis
2168 696 2496 751 cogitationibus
2519 696 2693 738 omnino

1597 779 1755 820 carere;
1773 758 1954 820 attamen
1970 769 2013 810 in
2029 769 2081 809 iis
2102 780 2189 809 non
2207 768 2441 821 immorari,
2463 766 2691 822 possibile3

1598 850 1701 892 quas
1730 842 1879 880 auctor
1907 838 2026 881 ulnas
2056 840 2259 895 appellat.

1405 964 1436 1005 C
1467 965 1503 1005 A
1534 964 1586 1006 Ρ.
1649 964 1725 1004 VI.

350 1089 610 1185 Πᾶς”
591 1144 610 1169 ο
637 1119 703 1171 τᾶν
727 1120 838 1189 φιλον
870 1120 939 1170 τᾶν
965 1118 1143 1188 Χριστὲν
1178 1120 1434 1185 ἐγγυώμενος,
1472 1142 1523 1175 ως

377 1222 378 1226 =
422 1189 663 1243 δικαιοσυνην
694 1215 759 1240 κοιι
792 1188 1019 1251 ἀληθειαν,
1054 1190 1298 1256 παραόιόωσι
1323 1211 1418 1241 την·
1430 1193 1524 1238 ἔαυ-

422 1268 489 1313 τοῧ
520 1260 656 1327 ψυχην
690 1285 772 1317 τοις
805 1265 925 1328 ὲχὲτρο
923 1266 992 1319 ις,’
1022 1283 1106 1315 τοις
1141 1258 1303 1310 ειωθόσι
1334 1283 1380 1311 πε
1386 1264 1522 1322 λεμειν

421 1357 501 1389 τοις
525 1330 755 1419 ἀνθρωποις,
783 1330 848 1380 δια
875 1355 941 1383 την
968 1330 1063 1399 πρὸς
1091 1328 1156 1379 τόν
1183 1335 1345 1397 σωτῆρα
1370 1329 1521 1399 φιλίαν·

420 1402 529 1471 φιλια
554 1401 634 1490 γάρ
667 1404 750 1452 ἐστι
783 1400 1028 1466 πνευματικὴ
1049 1441 1061 1459 ,
1102 1423 1244 1466 γνωσις
1276 1404 1392 1461 θεοῦ,
1430 1402 1522 1449 καθ’

418 1498 463 1525 ην
496 1496 559 1521 και
592 1476 626 1521 οἷ
657 1475 757 1538 ἅγιοι
791 1470 903 1540 φιλοι
924 1476 1021 1521 θεον
1052 1468 1384 1560 χρηματιζουσιν,
1417 1472 1468 1527 ὦς
1502 1474 1522 1520 o‘

417 1542 600 1598 Ἰωαννης
646 1566 664 1590 ο
704 1540 933 1603 βαπτιστης
972 1542 1082 1610 φιλος
1119 1548 1167 1594 ἢν
1209 1547 1275 1590 τοῧ
1320 1540 1520 1631 νυμφίου,

418 1616 596 1668 Μωυσῆς
628 1635 670 1661 τε
703 1636 769 1662 κοιι
802 1617 835 1662 οἳ
870 1611 1101 1665 ἀπόστολοι·
1137 1610 1261 1662 ουκέτι
1299 1611 1407 1680 γάρ,
1446 1636 1522 1681 (ρη-

419 1710 480 1736 σιν
502 1723 514 1742 ,
549 1687 647 1748 υμᾶς
680 1689 787 1733 καλῶ
816 1683 1008 1742 ὂουλους,
1042 1681 1153 1732 αλλα
1189 1682 1344 1750 ςιλους.

487 1760 607 1820 ςΟρᾷς
637 1757 772 1820 ἀγῶνα
802 1778 864 1803 και
899 1754 1151 1821 οἷγρυπνιανε,

417 1831 550 1891 ψυχῆς
574 1828 598 1878 ἦ
622 1848 696 1875 κατ
741 1823 934 1894 ἐνεργειοιν
967 1825 1158 1893 ἁμαρτία·
1185 1823 1418 1890 νυσταγμός
1452 1821 1519 1883 δὲ,

417 1897 460 1947 τὸ
495 1902 643 1963 πρῶτον
676 1898 714 1944 ἐν
749 1899 800 1962 τῇ
832 1902 941 1962 ψυχῇ
973 1894 1254 1984 συνιστρὶμενον
1292 1893 1522 1961 ἀκαθαρτον

416 1987 556 2032 νοημοι·
594 1966 887 2032 ἓπινυσταγμος
922 1966 961 2016 δὲ
995 1968 1020 2019 ἦ
1052 1964 1148 2033 προς
1182 1989 1232 2016 τα
1256 1964 1373 2034 χεῖρω
1404 1964 1520 2032 ροπτῗ·

416 2038 553 2089 κωλυει
578 2032 686 2087 οἷνς
667 2060 685 2085 ο
707 2036 778 2101 μὲν
804 2037 940 2101 νόμος,
967 2037 1034 2088 τον
1057 2041 1150 2105 ὕπνο
1135 2057 1190 2085 ν·
1215 2036 1282 2088 τὶν
1308 2036 1349 2086 δὲ
1373 2059 1520 2101 νυςαγ·

413 2108 486 2173 μὲν
521 2107 565 2160 το
599 2106 842 2174 εὐαγγέλιον·
882 2109 918 2157 εἶ’
955 2132 1000 2174 γε
1031 2112 1051 2157 ὁ
1082 2107 1152 2172 μὲν
1189 2106 1410 2174 περικοπτει
1448 2106 1521 2159 ’την

413 2181 499 2229 κατ’
527 2176 720 2247 ἐνέργειαν
746 2178 967 2245 ἁμαρτίαν·
1003 2178 1045 2229 τὸ
1081 2177 1123 2227 δὲ
1143 2217 1155 2238 ,
1189 2178 1262 2230 miv
1295 2177 1398 2228 κατὰ
1430 2176 1521 2227 διά-

414 2271 518 2299 νοιοιν
544 2254 690 2317 πρῶτον
725 2249 1014 2312 συνισταμένην
1047 2248 1203 2297 κακίαν·
1247 2248 1377 2317 ἐρρέθη
1409 2248 1483 2316 γάρ
1504 2289 1518 2307 ,

415 2344 529 2380 φησι
566 2345 607 2371 το
604 2324 644 2375 ῖς
676 2318 816 2387 ἀρχαιο
820 2344 873 2379 ις,
911 2324 955 2368 οὐ
985 2319 1192 2387 φονεύσεις·
1232 2322 1307 2386 ἐγὼ
1343 2318 1383 2369 66
1419 2318 1521 2386 λέγω

415 2414 505 2456 υμιν
526 2431 538 2453 ‚
573 2414 638 2441 cvr.
674 2390 912 2457 &pyro-&nop-

486 2458 758 2550 Σημειωτεον.
762 2463 940 2513 ἐνταυΞα
962 2500 975 2521 .,
1013 2484 1074 2510 οτι
1115 2483 1184 2512 την
1217 2484 1283 2510 του
1320 2460 1520 2526 μύρμηκος

416 2531 577 2599 φυσικὴν
615 2531 833 2620 ἐναρμονιον
876 2529 1058 2591 κίνησιν,
1098 2554 1239 2598 σοφιαν
1281 2537 1415 2581 καλει·
1452 2555 1518 2581 και

414 2601 490 2691 γὰρ
522 2607 540 2652 ὅ
572 2600 781 2670 σοφωτέροις
814 2607 962 2669 σοφοῧς
998 2624 1212 2670 σοφωτερρς
1239 2598 1416 2667 λεγεται·
1443 2607 1520 2657 πῶς

416 2670 457 2721 δὲ
486 2698 553 2724 και
587 2676 651 2722 οὐκ
684 2671 792 2723 ἐστιν
826 2672 904 2724 51:56
939 2671 1160 2733 ὂεσῑσοτην,
1195 2697 1226 2722 ει
1254 2694 1298 2739 γε
1331 2696 1384 2723 τα
1416 2698 1520 2738 συμ-

415 2766 559 2793 ωαντα
610 2747 731 2793 ὁοῧλα
780 2748 847 2795 roi}
894 2748 1022 2802 ἓεοῧτ,
1069 2740 1094 2796 ἦ
1133 2766 1187 2807 μη
1229 2765 1330 2793 ποτε
1366 2745 1384 2791 ὅ
1422 2743 1521 2800 ,ἓεός

416 2813 506 2881 λεγε
512 2837 577 2864 ται
615 2813 814 2870 ὂεσωότης
853 2819 973 2879 διχῶς
995 2853 1007 2872 .,
1055 2837 1105 2868 ως
1151 2812 1409 2879 ὂημιουργος,
1455 2838 1522 2863 και

414 2908 464 2940 ως
489 2907 798 2950 γινωσκομενοςτ,
826 2885 882 2934 616
908 2910 976 2934 και
1004 2882 1170 2939 Παυλος
1154 2907 1337 2953 γραφει

412 2978 449 3003 νι
493 2954 536 3004 δε
575 2955 914 3021 &teus-epmsze'vm
946 2954 1022 3006 απὸ
1060 2979 1135 3010 της
1174 2954 1400 3022 ἁμαρτιας,
1434 2960 1524 3005 6:21·-

417 3026 617 3082 λωθὲντες
668 3026 709 3076 66
758 3032 812 3091 τῷ
857 3032 940 3091 Sec}
993 3026 1206 3094 (ὂηλονοτι
1248 3028 1337 3076 κατ’
1385 3049 1524 3092 αρετην

412 3095 480 3144 καὶ
513 3099 693 3162 γνῶσιν)
729 3098 842 3160 ἔχετε
873 3096 941 3148 τᾶν
973 3095 1122 3161 καρπον
1154 3100 1258 3160 ὑμῶν
1297 3100 1352 3152 εἰς
1401 3101 1522 3163 ἁγια-

414 3166 536 3229 σμόν,
565 3166 609 3216 το
635 3166 677 3215 δὲ
702 3166 814 3223 τέλος
849 3168 952 3222 ζωὴν
977 3189 1128 3216 αιωνιον
1148 3188 1190 3211 »·
1224 3190 1255 3215 ει
1284 3166 1325 3215 δὲ
1351 3190 1416 3216 του
1441 3191 1482 3217 το
1486 3191 1522 3216 ι-

414 3259 524 3286 ευτου
566 3236 698 3292 τέλους
735 3261 804 3286 και
843 3260 918 3292 της
949 3257 1126 3303 γνωσεως
1163 3238 1319 3304 ἄμοιρος
1359 3235 1466 3288 ἐστιν
1505 3262 1523 3286 ο

414 3304 562 3374 μυρμηξ
609 3307 682 3355 αλο
666 3330 750 3373 ογος
787 3305 869 3367 ὧν,

414 3398 485 3431 της
516 3375 696 3432 ὂουλειας
736 3376 962 3443 ἐλευθερος·
999 3382 1125 3434 καλῶς
1147 3374 1227 3429 οῧν
1266 3376 1425 3443 λεγεται
1471 3402 1525 3441 μη

415 3469 514 3495 ειναι
563 3450 592 3495 0‘
624 3446 778 3514 μυρμηξ
812 3447 886 3498 unc}
937 3447 1130 3501 δεσπότην
1154 3487 1167 3508 .‚

418 3540 484 3569 την
536 3516 792 3567 ὂεσωοτειαν·

1185 1757 1302 1810 ὕπνος
1332 1776 1408 1818 μεν
1436 1757 1520 1804 ἐστι

912 3310 1088 3359 δῆλον“
1068 3331 1129 3356 οτι
1165 3326 1233 3356 καί
1273 3330 1343 3363 της
1390 3307 1523 3357 τοιαύ-

1235 3471 1339 3498 κατα
1376 3471 1524 3501 ταυτην

844 3514 943 3567 εἶναι
991 3522 1032 3568 ὂὲ
1080 3518 1204 3569 σάλιν
1255 3518 1328 3570 {mci
1380 3523 1526 3569 ὂεσωο-

418 3609 526 3637 τειαν
564 3585 752 3654 λέγεται,
799 3588 872 3639 υπό
921 3588 986 3639 τᾶν
1023 3588 1153 3648 θεὸν,
1192 3590 1242 3645 ὦς
1289 3588 1371 3640 &ab
1409 3593 1526 3653 δημι-

417 3681 509 3727 ουργ
485 3681 569 3724 γον.

489 3725 567 3777 Δια
596 3727 671 3816 μὲν
705 3733 774 3777 τοῧ
802 3753 998 3798 μυρμηκος
1033 3731 1128 3779 έοικε
1130 3754 1149 3778 ν
1182 3733 1201 3779 o‘
1235 3734 1419 3794 Σολομων
1457 3752 1526 3783 την

417 3822 630 3866 πρακτικην
662 3798 750 3851 6662:
782 3803 875 3863 ἧμιν
908 3821 1152 3868 υπογραφειν·
1180 3798 1244 3849 ὂια
1275 3798 1318 3849 δε
1351 3805 1422 3856 τῆς
1456 3823 1527 3864 με·

1357 2885 1395 2915 «κ’
1428 2909 1445 2930 (ι
1457 2907 1539 2933 'du-m

1600 1069 1910 1189 Quicumque
1939 1123 2020 1165 sibi
2050 1124 2230 1166 amicum
2260 1112 2474 1167 Christum
2505 1123 2693 1178 despon-

1597 1193 1698 1246 det,
1731 1198 1948 1249 tamquam
1977 1195 2181 1240 iustitiam
2210 1208 2258 1237 ac
2277 1197 2522 1250 veritatem,
2547 1195 2582 1236 is
2604 1194 2696 1242 ani-

1595 1278 1706 1308 mam
1737 1278 1856 1308 suam
1893 1266 2071 1307 inimicis
2110 1266 2356 1319 contradit,
2398 1268 2472 1322 qui
2502 1266 2695 1308 homines

1597 1347 1849 1391 oppugnare
1869 1336 2009 1378 solent
2025 1340 2206 1391 propter
2226 1337 2416 1390 ipsorum
2435 1349 2532 1391 erga
2550 1337 2695 1379 Salva-

1594 1411 1735 1450 torem
1767 1408 2003 1449 caritatem.
2039 1407 2144 1449 Nam
2175 1408 2324 1449 caritas
2365 1400 2590 1462 spiritalis,
2630 1412 2693 1450 est

1595 1478 1768 1521 scientia
1798 1479 1904 1531 Dei,
1937 1480 2059 1521 euius
2089 1491 2212 1521 causa
2235 1479 2368 1526 sancti
2393 1479 2476 1520 viri
2497 1478 2576 1520 Dei
2597 1482 2696 1533 sunt

1596 1550 1750 1603 amici,
1790 1553 1838 1591 ut
1877 1549 2089 1592 Iohannes
2129 1542 2315 1604 baptista
2346 1549 2507 1591 amicus
2551 1549 2697 1603 sponsi

1597 1625 1709 1675 erat,
1743 1622 1999 1676 Moysesque
2015 1652 2027 1674 ‚
2049 1625 2091 1663 et
2118 1621 2329 1676 apostoli:
2351 1621 2436 1663 iam
2463 1621 2599 1673 enim,
2627 1620 2694 1662 in-

1595 1693 1717 1747 quit,
1747 1703 1836 1734 non
1867 1692 2092 1747 appellabo
2122 1704 2201 1734 vos
2232 1703 2378 1734 servos
2409 1690 2484 1734 sed
2515 1691 2690 1733 amicos.

1657 1762 1803 1806 Viden’
1846 1768 2060 1805 certamen
2099 1768 2142 1805 et
2180 1763 2441 1817 vigilantiam
2457 1763 2479 1804 ἱ)
2519 1762 2695 1805 Animae

1595 1837 1756 1891 quippe
1785 1848 1959 1878 somnus
1979 1840 2041 1878 est
2069 1839 2290 1890 peractum
2323 1839 2569 1890 peceatum:
2592 1833 2695 1876 dor-

1594 1908 1758 1949 mitatio
1782 1911 1925 1949 autem
1954 1906 2163 1949 conflatus
2182 1907 2226 1948 in
2250 1906 2388 1948 anima
2407 1906 2600 1960 impurus
2620 1917 2694 1947 co-

1594 1979 1774 2033 gitatus:
1811 1978 1995 2033 denique
2036 1978 2353 2031 indormitatio,
2387 1976 2614 2030 declinatio
2641 1975 2718 2031 ad*

1595 2051 1823 2093 deteriora.
1854 2052 1982 2093 Vetat
2012 2062 2209 2092 somnum
2230 2049 2298 2091 lex
2313 2082 2325 2103 ‚
2349 2049 2696 2101 dormitationem

1594 2121 1887 2176 evangelium:
1921 2120 1995 2163 illa
2025 2121 2137 2163 enim
2168 2124 2361 2175 amputat
2389 2120 2554 2174 peccati
2585 2130 2694 2160 con-

1594 2193 1916 2234 summationem
1934 2224 1946 2246 ,
1979 2192 2064 2233 hoc
2085 2191 2374 2234 suborientem
2393 2190 2527 2233 menti
2545 2189 2697 2244 nequi-

1593 2265 1712 2305 tiam.
1738 2264 1845 2305 Nam
1866 2262 2027 2304 dictum
2047 2262 2130 2303 fuit
2149 2262 2360 2316 antiquis:
2384 2274 2473 2302 non
2495 2259 2692 2312 occides;

1594 2347 1673 2389 ego
1706 2338 1848 2376 autem
1879 2333 1975 2376 dico
2006 2333 2131 2375 vobis
2152 2366 2164 2387 ‚
2197 2345 2285 2374 non
2315 2333 2522 2374 irascaris.

1653 2478 1769 2520 Heic
1788 2474 2207 2519 animadvertendum
2243 2478 2306 2516 est
2326 2504 2338 2526 ,
2378 2473 2582 2514 formicae
2619 2484 2695 2515 na—

1593 2550 1772 2592 turalem
1790 2549 2048 2591 concinnum
2069 2550 2250 2600 motum,
2273 2546 2421 2588 vocari
2441 2544 2494 2586 ab
2518 2548 2695 2586 auctore

1575 2621 1857 2677 sapientiam.
1891 2608 2008 2661 Nam'
2029 2618 2103 2672 qui
2133 2621 2195 2658 est
2225 2616 2414 2671 sapiente
2435 2612 2666 2670 sapientior
2682 2644 2694 2665 ‚

1594 2692 1631 2734 is
1653 2691 1808 2734 dicitur
1838 2689 2086 2744 sapientior.
2112 2686 2340 2740 Quomodo
2361 2690 2500 2728 autem
2519 2685 2698 2727 formica

1595 2764 1675 2806 sub
1716 2763 1892 2806 domino
1932 2774 2020 2803 non
2052 2764 2114 2802 est
2132 2791 2142 2814 ,
2177 2757 2525 2814 quandoquidem
2556 2756 2697 2798 omnia

1595 2837 1686 2877 Deo
1717 2834 1977 2877 famulantur
1992 2833 2022 2878 ‘3
2044 2832 2127 2873 nisi
2168 2830 2287 2885 quod
2325 2831 2439 2871 Deus
2470 2827 2699 2883 dupliciter

1597 2906 1751 2949 dicitur
1782 2905 2001 2957 dominus,
2036 2907 2078 2944 et
2100 2902 2198 2956 quia
2218 2905 2408 2953 creator,
2435 2904 2478 2941 et
2501 2899 2601 2953 quia
2622 2910 2698 2939 co-

1597 2978 1754 3032 gnitus.
1789 2976 1928 3028 Quare
1960 2979 2003 3016 et
2026 2974 2183 3015 Paulus
2206 2972 2378 3014 scribit:
2421 2989 2437 3005 «ε
2455 2982 2569 3011 nunc
2594 2980 2698 3010 vero

1595 3048 1761 3090 liberati
1779 3060 1802 3088 a
1818 3050 1994 3101 peccato
2012 3078 2024 3099 ,
2043 3046 2154 3087 servi
2176 3049 2318 3086 autem
2333 3042 2434 3085 facti
2455 3042 2542 3083 Deo
2566 3039 2699 3092 (idest

1597 3119 1830 3162 secundum
1859 3119 2058 3160 virtutem
2080 3130 2129 3158 ac
2151 3116 2393 3167 scientiam)
2415 3113 2583 3172 habetis
2606 3111 2699 3153 fru-

1598 3195 1713 3232 ctum
1733 3194 1921 3231 vestrum
1943 3189 1989 3231 in
2012 3187 2386 3231 sanctificationem
2401 3218 2412 3239 ,
2438 3185 2566 3226 finem
2589 3194 2693 3229 vero

1597 3263 1729 3304 vitam
1747 3265 1961 3303 aeternam
1975 3279 1990 3295 »
2003 3292 2012 3301 .
2034 3261 2125 3301 Iam
2143 3259 2180 3300 si
2191 3258 2287 3299 finis
2303 3255 2553 3299 huiusmodi
2570 3258 2700 3307 atque

1597 3333 1792 3375 scientiae
1809 3344 1958 3387 expers
1974 3335 2037 3373 est
2052 3331 2230 3372 formica
2251 3331 2404 3383 utpote
2421 3323 2695 3375 irrationalis,

1598 3408 1764 3446 constat
1777 3416 1871 3445 eam
1889 3415 1977 3445 esse
1993 3399 2288 3444 huiuscemodi
2305 3409 2478 3454 quoque
2491 3393 2699 3437 famulatu

1597 3475 1790 3517 liberam.
1825 3476 1938 3516 Bene
1968 3485 2070 3527 ergo
2103 3472 2259 3514 dicitur
2282 3469 2461 3512 formica
2486 3468 2574 3508 non
2609 3475 2698 3505 esse

1599 3545 1678 3588 sub
1700 3545 1900 3597 domino,
1928 3543 2159 3586 secundum
2181 3537 2475 3584 huiuscemodi
2501 3535 2697 3577 domina-

1600 3622 1707 3658 tum.
1735 3618 1932 3658 Attamen
1964 3615 2042 3658 sub
2073 3602 2151 3656 Dei
2173 3613 2393 3656 dominatu
2422 3607 2606 3657 vicissim
2632 3605 2698 3647 di-

1601 3690 1712 3731 citur
1728 3718 1739 3740 ‚
1766 3687 1846 3729 sub
1866 3700 1917 3730 eo
1950 3687 2108 3729 scilicet
2137 3692 2354 3738 tamquam
2385 3684 2592 3722 creatore.

1659 3760 1876 3801 Formicae
1892 3757 2163 3801 similitudine
2179 3754 2346 3797 videtur
2360 3751 2485 3793 nobis
2500 3748 2699 3801 Salomon

1602 3831 1711 3872 viam
1735 3829 1889 3884 agendi
1912 3827 2177 3871 describere:
2210 3837 2289 3880 ape
2321 3827 2459 3866 autem
2490 3820 2700 3863 theoriam
2731 3860 2734 3863 .
