2996 4432
486 258 508 302 1
522 256 577 300 26
1318 265 1478 295 mmmm
1510 265 1556 295 m

476 352 629 402 θέντα·
659 350 816 419 εἴρηται
843 372 942 401 τισιν
972 349 1025 405 ως
1059 349 1124 399 διὰ
1148 347 1194 401 τὸ
1218 350 1390 402 ἄτακτον
1423 354 1493 407 τῆς
1517 373 1592 400 κα-

478 447 602 483 κιας,
637 445 708 491 προ
743 426 814 476 τῆς
852 420 1087 486 συλλήψεως
1125 425 1199 476 τῆς
1236 419 1452 477 &idm-noem<
1490 426 1594 486 λεχ-

481 491 643 548 θεῖσης·
679 491 746 544 ἐπὶ
779 490 856 559 γὰρ
888 497 962 542 τῶν
993 495 1166 542 κυουσῶν
1197 490 1302 554 μετὰ
1333 490 1403 544 τῆν
1440 489 1596 544 συλλη-

480 572 587 629 φιν,
620 586 646 616 η
682 562 809 620 mdiv

485 633 560 723 πρδ
593 637 668 689 τῆς
703 630 941 698 συλλήψεως
972 634 1000 686 τῖ
1023 632 1118 682 ωὸὶν
1150 631 1408 696 ωνὸμασται,
1443 637 1497 697 τῷ
1518 655 1597 695 μη-

486 705 551 755 ὂὲν
585 726 661 756 των
696 707 739 754 ἐν
771 726 888 766 κακιᾳ
921 702 1049 770 ειρμδν
1078 700 1147 753 καὶ
1179 701 1330 759 τάξιν“
1320 724 1440 767 εχειν.
1481 725 1523 751 ευ
1553 701 1596 751 δὲ

486 776 551 826 καὶ
588 772 633 826 τὲ
673 773 956 842 προτεταχὲῒαι
989 780 1060 831 τῆς
1093 771 1253 828 οἱόικιας
1296 794 1365 825 την
1407 771 1596 838 οἷνομῖαν·

489 849 533 895 ἐκ
566 868 719 902 ταυτης
750 843 827 914 γὰρ
858 845 1000 909 ἄνομος
1030 843 1197 913 γεγονώς
1222 866 1313 904 τις,
1338 845 1406 892 οὐκ
1430 866 1489 894 ετι
1522 842 1596 895 ὑπὸ

491 915 558 967 τον
590 917 706 981 νόμον
739 915 852 967 ἐστὶν
886 921 959 972 τῆς
990 914 1252 970 δικαιοσυνης·
1284 915 1333 969 ὥς
1364 912 1499 964 λοιπὸν
1528 911 1596 961 καὶ

488 986 593 1039 κατὰ
626 1010 702 1038 των
734 988 868 1037 ἄλλων
899 986 1120 1053 ἄνθρωπων
1152 983 1422 1036 ‘incubarent
1445 981 1520 1035 »ἐπὶ
1552 980 1598 1034 ‘c3

491 1056 839 1114 οἷόικέῖνιαύτους·
880 1057 1099 1125 εὑρίσκεται
1137 1078 1180 1106 το
1183 1059 1252 1107 iar-o
1288 1053 1472 1119 μάλιστα
1508 1054 1597 1121 περὶ

491 1133 560 1181 τοῧ
589 1128 711 1179 Κάιν·
744 1150 926 1215 προτερον
956 1127 1031 1196 γὰρ
1066 1126 1209 1190 ἄνομος
1240 1147 1434 1191 γεγονως,
1467 1128 1523 1188 τῷ
1546 1146 1601 1186 μη

493 1203 622 1266 ὄρὲως
659 1203 818 1266 ὂιαιρειν
856 1196 883 1248 ἃ
920 1199 997 1248 ἔδει
1035 1201 1121 1261 &esp
1156 1193 1286 1244 θυειν·
1333 1198 1494 1260 ὕστερον
1530 1192 1599 1243 καὶ

494 1269 654 1320 οἷόικιαν
688 1269 854 1327 ἔτεκεν,
888 1292 931 1336 φο
917 1290 1046 1323 νικως
1078 1263 1303 1330 ἐπιθέμενος
1336 1288 1392 1329 τῳ
1421 1266 1599 1332 ἀδελφῷ·

494 1339 654 1404 μάλιςοι
686 1338 727 1388 δὲ
761 1345 816 1404 τῷ
846 1337 1020 1403 διαβόλῳ
1051 1341 1394 1418 προσοικειοῧνται
1407 1335 1448 1385 αἶ
1476 1357 1600 1403 φωναι

498 1408 576 1461 αυτ
562 1435 646 1468 αι,
681 1410 888 1477 οἷρχεκακῳ
922 1431 1030 1468 οντι,
1066 1405 1132 1457 διαὶ
1163 1406 1208 1457 τὸ
1233 1406 1305 1475 πρό
1339 1403 1499 1458 πάντων
1529 1407 1602 1458 ηὖ-

495 1480 657 1545 μηκέναι
700 1479 769 1529 καὶ
813 1477 1002 1534 -ιῖδικὲναι
1043 1476 1112 1527 >toci
1156 1482 1243 1535 πᾶς
1279 1476 1320 1526 δὲ
1364 1473 1601 1545 ἁμαρτάνων

497 1573 646 1617 πρωτον
678 1550 816 1600 ἑαυτὸν
838 1590 851 1610 ,
887 1545 977 1602 εἰτοι
1007 1550 1175 1598 ἄλλον’
1162 1572 1187 1602 η
1218 1549 1368 1604 ἄλλους
1404 1546 1599 1608 βλάπτει·

500 1620 700 1687 ἐπιζήμιον
731 1644 809 1689 γαρ
839 1620 907 1671 καὶ
939 1618 1202 1684 βλαπτικόν
1191 1618 1234 1669 ἓν
1266 1618 1309 1670 το“
1341 1639 1458 1667 κακον
1482 1656 1496 1676 .,
1530 1616 1602 1685 πρὸ

498 1692 657 1743 πάντων
689 1690 756 1742 τᾶν
788 1690 1016 1758 μετέχοντα
1045 1689 1171 1740 αὐτον
1204 1694 1334 1755 ζημιοῖ
1363 1688 1432 1739 καὶ
1463 1686 1604 1750 βλάπ-

499 1785 572 1812 τει.
631 1788 649 1808 α
673 1762 892 1849 Αφροσυνη
932 1784 1008 1829 γαρ
1059 1760 1200 1830 ἀνδρὸς
1249 1757 1490 1825 λαμαινεται
1532 1780 1605 1814 τας

508 1857 526 1877 ¹»
564 1832 677 1889 οδους
720 1836 857 1885 αὐτοῦ·
899 1858 917 1879 »
968 1837 1067 1882 ὅθεν
1104 1853 1316 1915 ωροσφυως
1360 1831 1514 1897 εἴρηται
1557 1828 1603 1880 2¹3

503 1925 537 1951 <t
568 1903 871 1972 ἇμαρτανοντας
895 1901 1182 1958 καταόιῶξεται
1214 1899 1329 1988 κακοὶ.
1359 1923 1384 1950 ³>
1411 1898 1491 1956 Τις
1515 1897 1604 1949 δὲ
1581 1923 1601 1949 ο

505 1973 646 2031 λακκος
683 1974 724 2025 ἓν
756 1975 900 2043 ωρυξεν
934 1976 953 2023 3
992 1972 1238 2040 ψεγομενος,
1279 1972 1304 2026 ἢ
1334 1971 1381 2025 ἦν
1424 1968 1605 2023 ἐποιησεν

495 2043 672 2095 κακίαν·
658 2086 672 2105 .,
711 2068 930 2136 γεγραπται
962 2067 1038 2111 γαρ
1070 2042 1157 2111 περὶ
1190 2040 1492 2110 ἆμαρτανουσης
1527 2047 1606 2106 ψυ-

501 2120 597 2180 χῆς·
634 2141 684 2172 ως
719 2115 836 2183 ψυχει
870 2114 1011 2170 λάκκος
1041 2117 1144 2182 ὕδωρ
1166 2153 1179 2174 ,
1218 2116 1335 2170 οὕτως
1373 2111 1494 2177 ψυχει
1527 2135 1606 2161 κα-

501 2210 569 2235 κιοι
618 2189 767 2243 αὐτης·
815 2186 962 2253 βοθρος
1003 2184 1042 2234 δὲ
1083 2189 1298 2249 πολλαχοῦ
1343 2187 1414 2239 τῆς
1458 2186 1607 2271 γραφῆς

501 2255 593 2306 αντὶ
638 2282 779 2314 κακιας
825 2255 1090 2322 λαμβανεται·
1136 2256 1188 2311 ὧς
1238 2254 1316 2313 τὸ,
1355 2252 1502 2323 τυφλδς
1539 2276 1609 2304 τυ-

503 2327 596 2394 φλόν
635 2327 702 2377 εἀν
738 2329 885 2395 ὁδηγῇ,
910 2325 1125 2410 ἀμφότεροι
1151 2329 1418 2389 ἐμπεσοῦνται
1451 2325 1510 2380 εἰς
1537 2321 1610 2384 βο-

500 2404 614 2466 &po-v·
647 2398 715 2448 καὶ
749 2403 920 2449 ἐνταῦθα
952 2420 1029 2464 γαρ
1063 2420 1151 2451 τους
1178 2396 1240 2447 ὕπ’
1272 2417 1410 2451 ανο-ἰας
1434 2393 1502 2444 καὶ
1527 2394 1609 2443 ἄλ-

501 2473 574 2524 λης
609 2492 755 2526 κακιας
793 2476 894 2537 τυφλ
900 2492 962 2524 ους
1007 2465 1268 2523 διδασκάλους
1303 2465 1370 2516 καὶ
1400 2463 1609 2529 μαθητας

505 2537 732 2592 ἐκληπτὲον.

577 2678 689 2732 Auso
722 2685 788 2732 τοῦ
821 2680 992 2736 ἐλπιζειν
1024 2677 1089 2730 επὶ
1121 2678 1243 2747 κύριον
1276 2676 1343 2728 τὸν
1367 2676 1464 2727 θεὸν
1489 2681 1586 2730 αὐτο
1590 2682 1613 2728 ῧ

459 2759 466 2766 ’
508 2748 721 2819 ἀρξάμενος
759 2774 828 2802 του
863 2754 1056 2815 ψαλμοῦ,
1090 2753 1143 2806 εἰς
1180 2748 1444 2816 εὖχαριστιαν
1479 2771 1612 2801 κατα-

511 2845 629 2873 παυει
651 2860 663 2882 ‚
701 2845 751 2877 ως
787 2820 926 2881 εἰκὸς,
967 2843 1098 2885 τυχων
1141 2824 1217 2872 τῶν
1257 2819 1534 2872 αἰτιαθέντων
1534 2857 1548 2880 ,
1586 2844 1612 2873 η

509 2916 659 2949 πιστως
690 2896 906 2960 προσδοκῶν
943 2890 1064 2943 αὐτά·
1104 2889 1356 2958 ενχαριστὶοιν
1393 2912 1471 2957 γαρ
1502 2893 1612 2943 δηλοῖ

511 2965 692 3013 ἐνταῦθα
717 2961 762 3013 rb
788 2961 1144 3029 ἐξομολογησομαι·
1170 2963 1228 3012 διὸ
1258 2959 1329 3010 καὶ
1358 2961 1612 3017 συνέζευκται

509 3036 616 3097 αὐτῷ
648 3032 692 3084 τό
724 3039 855 3099 ψαλῶ·
892 3037 1179 3099 ἑξομολογέῖται
1203 3032 1246 3081 δὲ
1269 3053 1344 3095 ουχ
1366 3034 1418 3087 ὦς
1444 3031 1613 3097 ἔτυχεν,

509 3102 618 3153 ἀλλα
646 3127 752 3156 κατα
783 3126 856 3158 την
889 3103 1133 3156 δικαιοσῦνην
1165 3126 1238 3187 του
1264 3106 1378 3151 3205·
1412 3100 1479 3151 καὶ
1510 3100 1615 3167 ψαλ-

510 3179 568 3222 λει
601 3196 643 3222 ου
674 3172 876 3242 παρέργως
896 3214 909 3234 ‚
944 3174 1053 3224 ἀλλα
1087 3179 1142 3239 τῷ
1178 3172 1357 3238 ὀνόματι
1377 3195 1508 3240 κυριου
1545 3196 1615 3224 του

511 3242 697 3308 ὑψιστου·
732 3269 780 3300 ως
810 3245 887 3298 ηόη
920 3267 1027 3309 σχων
1060 3240 1352 3309 ἐπικεκλημένον
1384 3243 1513 3307 ἑαυτῷ
1543 3245 1615 3292 αὐ-

514 3312 572 3363 τᾶ·
612 3312 670 3362 313
706 3313 773 3364 καὶ
810 3313 958 3379 ὑψηλὸς
993 3314 1095 3366 κατᾶ
1131 3314 1328 3382 ἆγιὸτητα
1361 3311 1426 3362 καὶ
1471 3311 1615 3381 ἀρετήν

515 3384 642 3435 ἔστιν·
670 3383 805 3440 οὐδεὶς
842 3384 919 3453 γὰρ
955 3384 1139 3443 ταπεινὸς
1177 3383 1288 3436 ἀλλα
1318 3381 1433 3448 μόνος
1464 3384 1485 3435 0‘
1518 3382 1616 3450 νπὲρ

518 3452 720 3511 ευσεβείας
749 3454 1092 3542 μετεωριζόμενος,
1124 3454 1286 3522 μετέχει
1319 3458 1391 3512 τῆς
1423 3477 1492 3505 του
1525 3453 1615 3520 υψί·

515 3548 614 3576 στου
631 3547 909 3595 προσηγοριας.

848 565 943 626 μεθ’
979 585 1027 615 ην
1063 561 1109 614 2¹3
1147 565 1287 613 τεκεῖν·
1327 564 1515 614 ε’νταυΞα
1552 561 1628 630 δὲ.

1589 265 1667 296 Ρ8Α
1672 264 1799 295 LMUM
1831 264 1913 295 VH.

1663 364 1762 395 nem
1780 352 1873 407 ipsa
1892 350 2226 394 suffarcinatum.
2255 350 2385 394 Aiunt
2410 352 2632 407 nonnulli,
2653 365 2760 410 pro-

1663 420 1824 480 proper
1838 423 2052 478 nequitiae
2067 422 2359 478 perturbatam
2373 422 2561 466 indolem
2573 457 2585 479 ‚
2605 424 2762 468 dictam

1667 507 1756 537 esse
1793 493 2120 549 parturitionem
2149 498 2245 537 ante
2281 494 2632 549 conceptionem:
2666 507 2766 538 nam

1669 569 1781 607 certe
1798 565 1843 607 in
1861 564 2046 619 gravidis
2065 568 2166 620 post
2185 565 2511 619 conceptionem
2535 564 2586 607 fit
2615 565 2764 621 dolor,

1670 639 1712 678 et
1741 640 1841 691 post
1864 626 1986 678 *hunc
2011 641 2180 691 partus:
2204 636 2301 678 heic
2331 640 2471 679 autem
2491 640 2589 679 ante
2612 648 2767 678 conce-

1668 706 1861 761 ptionem
1883 703 2011 749 dolor
2031 706 2278 749 nominatur
2297 737 2309 760 ‚
2333 707 2433 762 quia
2453 705 2617 749 nullum
2641 706 2773 750 habet

1670 769 1859 831 nequitia
1879 776 2074 819 ordinem
2089 777 2159 820 vel
2179 777 2409 833 sequelam.
2435 778 2550 820 Bene
2567 778 2671 819 item
2692 777 2773 820 ini-

1673 847 1812 902 quitas
1834 850 1930 890 ante
1950 847 2189 890 anarchiam
2204 849 2462 892 nominatur.
2484 850 2678 904 Namque
2693 848 2774 891 ini·

1673 920 1837 974 quitate
1852 919 1988 963 factus
2006 920 2138 963 homo
2155 925 2460 977 transgressor,
2473 921 2559 964 iam
2577 922 2775 976 deinceps

1671 989 1751 1033 sub
1764 990 1950 1032 iustitiae
1964 990 2058 1045 lege
2072 983 2161 1033 non
2175 995 2253 1034 est:
2271 991 2404 1034 immo
2417 996 2461 1035 et
2476 992 2627 1036 ceteris
2640 992 2775 1035 homi-

1673 1061 1799 1104 nibus
1822 1062 2008 1104 animum
2026 1058 2208 1109 intendit
2221 1092 2234 1116 ,
2252 1066 2301 1104 ut
2316 1075 2390 1105 eos
2405 1063 2561 1106 iniuria
2583 1062 2768 1106 adficiat.

1673 1135 1768 1176 Hoc
1780 1135 1825 1176 in
1841 1134 1942 1176 Cain
1958 1133 2185 1189 praecipue
2197 1137 2466 1188 compertum
2485 1139 2568 1177 est:
2586 1134 2664 1190 qui
2681 1135 2773 1189 pri—

1674 1217 1746 1247 mo
1778 1191 1913 1247 factus
1930 1204 2128 1259 iniquuS‚
2162 1205 2266 1259 quia
2286 1216 2377 1246 non
2397 1209 2513 1247 recte
2542 1217 2652 1260 quae
2681 1205 2773 1246 Deo

1671 1275 1949 1318 sacrificanda
1967 1279 2085 1317 erant
2101 1274 2245 1317 divisit
2260 1287 2273 1328 3
2297 1273 2450 1317 deinde
2470 1274 2594 1317 etiam
2608 1274 2776 1317 iniusti-

1673 1347 1779 1389 tiam
1793 1346 1986 1402 peperit,
2004 1345 2319 1401 parricidialem
2335 1357 2510 1388 manum
2526 1345 2650 1387 fratri
2666 1344 2776 1387 infe-

1675 1430 1787 1460 rens.
1807 1417 1887 1461 Sed
1908 1417 2080 1460 diabolo
2102 1418 2148 1459 in
2167 1417 2318 1472 primis
2337 1405 2597 1459 conveniunt
2619 1415 2778 1458 dictio-

1675 1502 1750 1532 nes
1770 1489 1880 1543 hae‚
1911 1489 2124 1532 malorum
2154 1489 2310 1543 origini
2323 1518 2335 1542 ,
2369 1468 2471 1544 quia
2501 1491 2599 1530 ante
2630 1498 2779 1529 omnes

1675 1559 1849 1615 iniquus
1864 1559 2129 1614 iniustusque
2146 1559 2246 1601 fuit.
2264 1559 2371 1601 Sane
2387 1558 2462 1614 qui
2473 1562 2624 1613 peccat
2638 1558 2779 1612 primo

1677 1643 1721 1673 se
1742 1631 1882 1687 ipsum
1896 1662 1909 1684 ‚
1934 1630 2086 1673 deinde
2119 1631 2247 1673 alium
2266 1630 2336 1672 vel
2364 1630 2470 1672 alios
2488 1628 2636 1672 laedit.
2671 1629 2779 1671 Nam

1677 1714 1776 1745 cum
1805 1701 2060 1745 damnosum
2087 1701 2350 1757 noxiumque
2372 1701 2428 1744 sit
2454 1705 2677 1756 peccatum
2693 1730 2706 1753 ,
2730 1698 2779 1741 id

1677 1763 1869 1829 apprime
1881 1778 2130 1829 peccantem
2144 1773 2276 1816 laedit
2287 1773 2546 1828 mulcetque.
2562 1771 2780 1827 Siquidem

1683 1863 1700 1881 «
1719 1846 1799 1888 viri
1816 1845 1992 1888 stultitia
2012 1845 2103 1887 vias
2125 1844 2316 1888 eiusdem
2335 1843 2595 1900 pessumdat.
2615 1862 2632 1878 »
2655 1841 2777 1886 Unde

1679 1916 1904 1961 commode
1914 1915 2077 1959 dictum
2088 1920 2166 1959 est:
2189 1920 2459 1972 «peccatores
2470 1917 2779 1971 persequentur

1686 2007 1703 2025 υ
1727 1988 1854 2031 mala.
1864 1988 1990 2041 »Quis
2004 2000 2109 2032 vero
2125 1992 2281 2043 puteus
2294 1999 2438 2043 quem,
2447 1986 2529 2030 sibi
2543 1976 2697 2029 effodit
2710 1985 2782 2028 illc

1681 2060 1757 2115 qui
1776 2059 2244 2115 heicreprehenditur‚
2268 2059 2351 2102 nisi
2372 2059 2515 2114 ipsum
2539 2058 2658 2114 quod
2678 2069 2780 2113 per-

1679 2132 1863 2187 petravit
1883 2130 2137 2186 peccatum?
2160 2131 2373 2186 Scriptum
2394 2134 2458 2173 est
2481 2130 2593 2173 enim
2616 2128 2669 2172 de
2690 2129 2784 2171 ani-

1680 2214 1748 2245 ma
1768 2202 2027 2257 peccatrice:
2046 2202 2159 2244 sicut
2176 2201 2386 2256 frigefacit
2414 2204 2569 2255 puteus
2599 2210 2780 2256 aquam,
2844 2242 2845 2245 ,

1680 2273 1741 2315 ita
1754 2272 1964 2327 frigefacit
1983 2272 2167 2315 animam
2183 2272 2376 2327 nequitia
2393 2272 2540 2328 ipsius.
2558 2273 2696 2315 Porro
2711 2270 2781 2312 fo-

1681 2357 1758 2387 vea
1787 2356 1911 2400 saepe
1940 2344 1985 2386 in
2007 2345 2220 2400 scriptura
2250 2356 2330 2399 pro
2362 2344 2552 2399 nequitia
2573 2343 2780 2396 sumitur,

1682 2415 1838 2458 veluti:
1855 2416 1890 2457 si
1906 2427 2056 2457 caecus
2071 2427 2197 2457 caeco
2211 2414 2413 2457 ducatum
2426 2417 2613 2469 praestet
2624 2443 2638 2468 ‚
2653 2412 2782 2455 ambo

1681 2486 1726 2528 in
1747 2485 1915 2527 foveam
1938 2484 2105 2527 cadent.
2127 2486 2320 2540 Namque
2343 2488 2386 2527 et
2404 2483 2606 2527 hocloco
2626 2483 2784 2526 intelli-

1682 2555 1812 2611 gendi
1838 2560 1937 2598 sunt
1962 2554 2156 2610 magistri
2181 2555 2306 2598 simul
2328 2559 2457 2610 atque
2483 2554 2682 2610 discipuli
2715 2566 2787 2596 ve-

1683 2627 1832 2670 cordia
1854 2631 1897 2670 et
1914 2627 2080 2682 reliqua
2096 2627 2287 2682 nequitia
2309 2625 2602 2669 caecutientes*

1742 2698 1824 2751 Qui
1846 2711 1871 2741 a
1890 2710 1965 2754 spe
1985 2709 2085 2752 erga
2103 2697 2325 2740 dominum
2339 2698 2474 2739 Deum
2493 2707 2618 2739 suum
2630 2694 2781 2751 psalmi

1683 2771 1852 2813 initium
1869 2770 2054 2824 fecerat,
2067 2767 2191 2812 ‘nunc
2207 2770 2251 2812 in
2271 2769 2507 2824 gratiarum
2527 2767 2693 2810 actione
2712 2765 2787 2809 de·

1682 2843 1783 2885 sinit
1799 2872 1812 2896 ‚
1837 2846 1886 2884 ut
1908 2854 1988 2897 par
2007 2845 2074 2883 est
2086 2872 2098 2895 ,
2118 2841 2337 2896 postulata
2353 2843 2633 2892 consecutus,
2649 2842 2723 2881 aut
2735 2836 2787 2880 fi-

1682 2913 1907 2957 ducialiter
1927 2913 2209 2969 praestolans.
2247 2910 2353 2956 Nam
2384 2911 2618 2966 gratiarum
2646 2908 2785 2952 actio-

1683 2998 1783 3029 nem
1798 2985 1891 3028 heic
1907 2985 2099 3027 continet
2116 2983 2297 3026 verbum
2315 2981 2578 3035 confitebor-3
2593 2991 2727 3037 quare
2743 2982 2788 3021 et

1685 3056 1863 3113 psallam
1883 3056 1923 3098 ei
1945 3055 2231 3110 connectitur.
2268 3053 2506 3098 Confitetur
2536 3055 2676 3095 autem
2695 3061 2787 3092 non

1686 3127 1883 3184 quolibet
1903 3126 2035 3170 modo
2052 3157 2064 3181 ,
2089 3126 2166 3169 sed
2186 3125 2422 3169 secundum
2441 3122 2648 3167 iustitiam
2674 3120 2755 3163 Dei
2770 3133 2785 3162 ι

1685 3203 1729 3241 et
1751 3197 1895 3254 psallit
1915 3210 2004 3240 non
2024 3197 2318 3253 perfunctorie
2334 3227 2347 3250 ‚
2371 3195 2446 3239 sed
2473 3188 2646 3238 Domini
2664 3191 2789 3235 altis-

1683 3270 1781 3313 simi
1799 3268 1990 3323 nomini,
2012 3280 2093 3311 ceu
2115 3268 2152 3310 si
2174 3267 2281 3311 illud
2299 3268 2544 3310 invocatum
2560 3295 2573 3319 ‚
2597 3264 2683 3307 iam
2703 3261 2784 3304 sibi

1685 3340 1973 3396 impetraverit
1989 3371 2001 3395 ,
2037 3340 2140 3395 quia
2175 3340 2310 3383 celsus
2338 3351 2418 3394 per
2446 3336 2712 3380 sanctitatem
2740 3336 2784 3374 et

1687 3411 1890 3454 virtutem
1910 3413 1991 3453 est.
2014 3410 2152 3453 Nemo
2175 3410 2289 3453 enim
2310 3408 2520 3463 abiectus,
2535 3404 2620 3450 sed
2639 3405 2785 3470 istan-

1685 3480 1909 3525 tummodo
1932 3481 2008 3537 qui
2037 3481 2194 3537 pietate
2224 3481 2271 3524 in
2300 3481 2435 3526 altum
2463 3477 2596 3522 clatus
2623 3473 2750 3518 fuerit
2764 3502 2780 3526 ,

1686 3549 1878 3597 altissimi
1896 3551 2228 3608 appellationem
2258 3552 2503 3608 participat.
