2996 4432
181 1434 272 1463 cord.
292 1440 322 1469 p.
346 1436 404 1461 199.

259 3815 293 3845 B.

277 2178 309 2207 B.
330 2178 354 2207 s.
373 2181 417 2206 3¹).

302 3780 338 3808 A.

308 3815 330 3845 f.

361 3750 392 3772 v.

355 3779 377 3808 f.

347 3818 391 3845 38.

395 3747 429 3843 σέω

439 248 528 293 156

432 350 530 394 Ξεοῧ
575 340 818 393 ωανοπλιαν.
862 338 936 391 Διὸ
980 363 1070 396 τους
1111 340 1348 408 ὀφθαλμοὺς
1389 345 1444 398 εἰς
1481 366 1533 398 ως

435 412 629 464 εὐάλωτον
663 412 748 478 ἔχει
781 409 847 462 του
879 410 1029 464 πένητα
1049 450 1063 470 .‚
1100 409 1167 461 τὸν
1198 410 1319 462 αὐτὸν
1350 412 1449 462 ὅντα
1480 418 1536 478 τῷ
1578 419 1582 422 ’

436 479 715 550 ἐνπυριζομενῳ
739 486 887 547 πτωχῷ
918 480 980 533 ἐπι
1014 486 1064 547 τῇ
1095 487 1159 533 τοῦ
1191 484 1362 544 ἀσεβοῦς
1393 486 1535 549 ὑπερη-

437 553 571 624 φανῖᾳ·
608 551 674 604 τὶν
708 556 878 603 τοιοῦτον
910 551 952 601 δὲ
984 550 1148 621 ἆρπαζει
1181 551 1246 602 διὰ
1259 553 1393 637 λόγων
1427 557 1537 604 ἀπα-

437 628 608 679 τηλῶυ
593 648 619 676 η
648 646 712 672 και
746 622 944 690 πράξεων,
978 622 1074 691 πρὸς
1107 644 1180 676 την
1213 621 1319 673 ἰὂὶαν
1352 622 1534 690 παγιόα,

432 699 680 763 καταφαγεῖν
726 692 847 744 αὐτὸν
891 718 940 750 ως
986 693 1082 773 λεων
1130 691 1306 743 ἐθέλων·
1350 695 1537 782 ἐνεδρεύει

407 764 514 824 δὲ,
553 764 670 818 vivax-x
707 787 790 832 περι
829 762 1050 828 οἷκονομιας
1089 762 1212 828 τυχὸν
1249 768 1393 828 ὅμιλων
1415 804 1430 823 ,,
1469 762 1538 814 τόν

438 860 523 904 περι
557 840 627 891 τῆς
660 835 931 922 φυλαργυρὶας
963 834 1075 900 λόγον
1110 832 1356 901 ἐγκρυψῃ,’
1340 858 1367 884 γι
1390 858 1456 885 και
1482 840 1538 900 τῷ

441 928 648 995 σωφρονειν
680 905 910 969 βουλομένῳ
945 903 1161 965 ὑποβάλλει
1198 925 1349 971 τροωον
1386 907 1540 954 ἀκολα-

443 998 551 1033 σιας·
590 1000 641 1032 ως
676 999 743 1026 και
783 999 832 1042 τῃ
860 976 966 1038 Ἐυᾳ
1002 974 1068 1024 δια
1109 979 1179 1030 ’τ’-ἧς
1222 973 1404 1030 ὶσοὲεἱας
1455 972 1541 1024 ἐνε-

443 1052 547 1109 βαλε
585 1069 658 1100 την
690 1045 937 1113 παράβασιν.
981 1044 1041 1095 T3
1078 1045 1117 1094 δὲ
1155 1042 1301 1109 κυψει
1340 1048 1451 1097 δηλοῖ
1487 1045 1541 1100 ὦς

442 1117 550 1168 κάτω
559 1115 756 1184 στρέψας
801 1115 867 1167 τὸν
904 1113 1152 1200 ὄφθαλμόν,
1191 1115 1328 1165 ε’ωέσε·
1369 1137 1456 1170 ωως
1494 1113 1542 1166 dn

445 1193 488 1238 οὐ
517 1187 623 1240 κάτω
658 1186 796 1255 βλέπει
833 1186 956 1252 λέγων
979 1225 991 1245 ,
1041 1182 1304 1270 ἐσιλελησται
1341 1185 1359 1234 ὃ
1407 1183 1540 1245 θεὸς,

448 1283 514 1309 και
548 1281 618 1312 την
649 1279 828 1325 προνοιαν
864 1260 1047 1316 ἀθετωνς

515 1404 586 1449 Ἐν
621 1405 669 1465 τῇ
705 1402 842 1464 ἐντολῇ
874 1402 924 1462 τῇ
959 1394 1122 1463 ὂοθεισῃ
1153 1400 1194 1446 ἐν
1230 1401 1287 1462 τῷ
1318 1396 1547 1464 παραδεισῳ

447 1475 601 1537 ἥρπασε
631 1468 815 1556 πτωχὸν]
841 1493 908 1518 και
941 1471 1118 1517 εἵλκυσεν
1152 1470 1191 1516 ἐν
1223 1472 1274 1534 τῇ
1302 1466 1439 1534 παγῖὂι
1470 1471 1544 1518 αὗ-

456 1546 544 1602 τοῧ,
568 1544 670 1591 ὥστε
699 1543 738 1589 ἐν
762 1542 864 1606 αυτ-ᾖ
896 1544 1134 1590 ταπεινῶσαι
1168 1535 1234 1589 τὸν
1266 1536 1541 1606 αρπασθεντα·

450 1610 570 1665 πάλιν
606 1609 835 1678 ἐνεδρευσας
868 1612 905 1658 ἐν
931 1607 1164 1697 ἁποκρυφῳ,
1195 1611 1350 1675 ἥρπασε
1381 1607 1548 1674 ωτωχόυ

451 1704 656 1749 γενομευον
691 1680 756 1731 τᾶν
787 1678 941 1730 Ἰουόαν
980 1678 1047 1729 &aa
1052 1677 1342 1760 φυραργυρίας
1363 1718 1378 1737 ,
1411 1678 1454 1729 ἓν
1484 1702 1550 1729 και

453 1752 619 1808 ἕλκυσας
649 1750 771 1836 πρὸς
776 1749 944 1810 ἑαυτὸν,
982 1753 1019 1799 ἐν
1050 1748 1077 1816 ᾖ
1109 1750 1249 1818 ἔκρυψε
1282 1747 1421 1816 παγιδι
1460 1753 1555 1801 ἑτα-

453 1845 638 1875 πεινωσευ
674 1820 810 1873 αὐτον.

1488 258 1649 289 mnnn

1607 347 1757 391 oculos
1769 349 1815 391 in
1827 360 2073 403 pauperem,
2089 352 2139 390 ut
2156 351 2286 402 captu
2297 347 2463 391 facilem
2473 378 2486 401 ,
2501 349 2674 393 coniicit
2686 381 2700 405 ‚

1607 418 1682 472 qui
1700 417 1814 461 idem
1838 424 1901 461 est
1919 431 2018 462 cum
2046 419 2130 462 isto
2152 419 2560 475 paupere‘superbia
2580 421 2704 476 impii

1606 488 1802 531 incenso:
1832 489 2074 533 istiusmodi
2106 494 2247 533 autem
2276 490 2442 544 verbis,
2470 496 2543 533 aut
2577 493 2705 534 etiam

1609 551 1811 612 operibus
1829 559 1989 602 dolosis
2008 560 2138 603 trahit
2157 561 2204 603 in
2224 550 2314 603 rete
2330 573 2476 615 suum,
2497 566 2546 604 ut
2566 563 2707 617 ipsum

1607 632 1826 686 tamquam
1852 630 1922 673 leo
1943 629 2132 674 devoret.
2156 631 2388 674 Insidiatur
2418 644 2575 687 porr0,
2608 646 2708 676 cum

1609 698 1663 741 de
1688 701 1775 754 rei,
1799 705 1930 755 puta,
1963 701 2220 745 domesticae
2241 703 2606 746 administratione
2634 704 2708 747 lo-

1610 782 1776 825 quens,
1810 773 2011 814 avaritiae
2038 773 2170 816 verba
2203 774 2382 817 latenter
2415 776 2597 829 ingerit:
2638 777 2709 818 vel

1612 843 1738 883 etiam
1764 841 1827 883 illi
1853 842 1930 897 qui
1959 848 2072 886 caste
2099 845 2241 887 vivere
2259 850 2463 888 statuerat
2477 878 2489 901 ,
2520 847 2710 891 lasciviae

1611 911 1787 954 modum
1807 914 2022 968 suggerit:
2038 915 2147 957 sieut
2161 916 2285 958 etiam
2302 918 2433 960 Evam
2444 948 2456 970 ‚
2475 917 2554 959 sub
2571 918 2712 972 specie

1614 982 1783 1025 divinae
1807 983 2094 1038 aequalitatis,
2110 985 2166 1028 ad
2186 987 2560 1041 praevaricandum
2580 975 2712 1031 indu—

1613 1054 1690 1096 xit.
1704 1053 1817 1096 Illud
1831 1058 1989 1107 autem,
2003 1054 2226 1098 inclinabit
2240 1069 2302 1109 se,
2319 1057 2544 1111 significat,
2562 1070 2714 1115 quem-

1615 1124 1848 1167 admodum
1875 1124 2076 1167 deorsum
2104 1130 2357 1169 convertens
2385 1128 2578 1182 oculum,
2613 1141 2712 1171 cor-

1615 1195 1764 1238 ruerit.
1805 1194 2035 1249 Quomodo
2066 1196 2180 1238 enim
2210 1208 2300 1238 non
2337 1196 2537 1239 deorsum
2567 1199 2715 1241 oculos

1615 1267 1768 1319 vertit,
1789 1267 1866 1321 qui
1883 1266 2012 1309 dicit:
2039 1266 2200 1309 oblitus
2222 1271 2286 1310 est
2308 1268 2444 1322 Deus,
2463 1269 2592 1311 etiam
2608 1282 2715 1324 pro·—

1617 1337 1845 1380 videntiam
1875 1341 2181 1380 contemnens.
2165 1337 2188 1369 9

1676 1408 1727 1449 In
1757 1411 1988 1463 praecepto
2020 1407 2142 1463 quod
2169 1407 2217 1450 in
2245 1407 2441 1463 paradiso
2463 1407 2608 1451 datum
2625 1408 2720 1451 fue-

1615 1482 1683 1521 rat
1698 1509 1710 1532 ,
1742 1479 1887 1534 rapuit
1915 1490 2146 1534 pauperem
2167 1509 2180 1532 ‚
2212 1483 2255 1521 et
2283 1480 2412 1521 traxit
2446 1479 2494 1521 in
2522 1479 2721 1534 laqueum
2764 1485 2773 1493 ‘

1616 1562 1738 1592 suum
1755 1580 1768 1603 ,
1799 1554 1849 1592 ut
1876 1549 1922 1592 in
1951 1549 2026 1592 illo
2056 1554 2230 1605 raptum
2258 1549 2519 1592 humiliaret.
2561 1551 2722 1593 Rursus

1619 1620 1841 1664 insidiatus
1879 1621 1925 1663 in
1966 1620 2138 1663 occulto
2185 1621 2331 1676 rapuit
2370 1620 2521 1663 Iudam
2557 1621 2716 1663 factum

1621 1704 1851 1748 pauperem
1880 1705 1958 1748 per
1987 1692 2231 1746 avaritiam3
2265 1704 2392 1746 quem
2429 1692 2553 1734 etiam
2590 1691 2644 1734 ad
2679 1704 2724 1734 se

1623 1763 1817 1818 trahens,
1851 1762 2090 1806 humiliavit
2121 1763 2168 1805 in
2194 1762 2348 1818 laqueo
2380 1774 2509 1818 quem
2530 1762 2722 1805 abscon-

1627 1833 1770 1878 derat

572 1945 780 1997 (Psalmus
810 1945 862 1984 X.
894 1942 1106 1983 secundum
1146 1943 1371 1994 Hebraeos,
1407 1941 1479 1982 sed
1506 1941 1636 1983 adhuc
1664 1942 1743 1984 IX.
1775 1940 1992 1983 secundum
2027 1943 2183 1982 Latinos
2213 1945 2252 1982 et
2285 1941 2425 1982 Graec.
2459 1941 2605 1992 vatic.)

498 2071 516 2086 d

338 2150 367 2171 v.
390 2147 417 2171 1.
465 2144 483 2165 tt
521 2081 612 2170 Ινα
649 2144 687 2171 τι
718 2142 840 2205 κυριε
861 2117 1086 2203 ἀφεστηκας
1130 2116 1330 2185 μακρόθεν
1352 2156 1365 2179 ,
1404 2120 1552 2184 ὑωερο-

471 2215 489 2235 »
525 2195 594 2256 ρᾷς
627 2194 665 2239 ἐν
698 2187 933 2256 εὐκαιρίαις,
960 2193 998 2238 ἐν
1024 2187 1231 2253 ewam,
1260 2191 1300 2238 ἐν
1332 2192 1388 2253 τῷ
1415 2210 1557 2255 υπερη-

473 2284 489 2304 n
529 2260 763 2327 φανεῦεσθαι
807 2259 875 2311 τὸν
918 2263 1070 2321 ἀσεβῆ,
1109 2260 1363 2327 ἑμπυριζεται
1403 2262 1422 2307 ὃ
1448 2280 1559 2309 πτω-

473 2355 491 2375 »
531 2330 621 2394 χός.
644 2356 661 2376 »
688 2335 741 2381 ‘O
767 2353 964 2397 προφητης
998 2354 1051 2386 ως
1083 2329 1281 2396 ἄνθρωπος
1313 2332 1463 2396 ἐρωτᾷ,
1492 2351 1559 2377 και

464 2401 715 2452 πυνθανεται
748 2406 815 2450 τοῦ
845 2405 942 2449 Secu
972 2399 1115 2467 λέγων·
1144 2402 1214 2449 ινα
1251 2423 1307 2450 τι
1326 2420 1426 2465 κυριε
1463 2397 1563 2467 ἀφέ-

469 2495 616 2528 στηκας
648 2470 859 2538 μακρόθενς
897 2467 1002 2521 εἰπευ
1034 2473 1067 2519 δ’
1099 2468 1147 2519 ἂν
1181 2473 1201 2519 3
1234 2469 1349 2535 λόγος
1374 2467 1466 2535 πρός
1490 2470 1564 2517 αὐ-

468 2541 536 2591 τὸν
580 2540 911 2609 ἀπικρινόμενος,
958 2564 1018 2591 οτι
1057 2538 1101 2590 τὸ
1146 2539 1321 2607 χρηστὸν
1358 2543 1426 2590 τοῦ
1467 2543 1567 2588 θεοῦ

468 2615 525 2667 εἰς
557 2634 765 2676 μετανοιαν
798 2612 886 2677 ἄγει
921 2608 1008 2666 τοὺς
1041 2610 1359 2676 αμαρτάνουτας·
1395 2606 1565 2676 ἀφέστη-

470 2704 532 2731 κεν
571 2681 612 2732 δὲ
662 2687 737 2732 τῶν
781 2682 1026 2747 αμαρτωλων
1070 2703 1224 2747 μακραν
1269 2684 1287 2729 o‘
1325 2678 1455 2741 θεὸς,
1493 2702 1566 2735 της

469 2774 665 2841 αμαρτιας
698 2755 824 2808 αὐτῆς
858 2750 1087 2818 διοριζουσης
1117 2774 1184 2801 και
1208 2750 1362 2818 μακρὰν
1385 2747 1546 2799 ἐλαυυο’
1508 2773 1569 2798 υ·

470 2845 543 2879 σης
576 2847 615 2874 το
617 2846 663 2878 υς
690 2821 1004 2890 ἁμαρτάνοντας,
1028 2844 1134 2872 κατα
1163 2819 1228 2872 to*
1241 2819 1450 2888 εἷρημενεν·
1490 2844 1508 2866 u
1526 2820 1568 2869 αἱ
1608 2836 1609 2839 ’

481 2917 498 2937 »
536 2891 725 2961 ἁμαρτιαι
768 2894 873 2956 ὖμων
918 2893 1120 2942 διὶστῶσιν
1168 2889 1322 2956 μεταξυ
1365 2895 1459 2954 ἐμοῦ
1500 2914 1569 2940 και

481 2988 498 3008 »
536 2967 656 3028 ὑμῶν.
672 2988 688 3008 »ι
715 2965 878 3019 Ἀλλως
899 2985 975 3030 γαρ
996 2963 1019 3012 o‘
1042 2960 1130 3018 θεός
1155 2962 1216 3011 ἀει
1242 2985 1325 3017 τοις
1349 2966 1448 3013 πᾶσι
1471 2983 1571 3028 παρ-

472 3056 614 3095 εστιν,
651 3057 715 3083 και
754 3057 808 3083 τα
846 3033 988 3084 ωάυτα
1034 3038 1179 3107 ωληροι
1223 3054 1441 3096 ωανταχου
1475 3053 1572 3098 τυγ-

474 3125 619 3168 χανων·
654 3102 711 3153 ὂιό
743 3104 927 3155 λελεκται
959 3105 998 3152 ἐν
1031 3123 1302 3191 προφητειαις·
1343 3102 1468 3158 «θεὶς
1501 3105 1572 3168 ἐγ-

478 3195 503 3222 »
538 3173 655 3239 γίζωυ
681 3173 755 3240 ἐγω
777 3179 877 3238 εἰμι,
903 3173 1007 3240 λέγει
1015 3196 1181 3261 κυριος,
1206 3197 1275 3223 και
1299 3174 1342 3221 οὗ
1366 3173 1452 3228 θεὸς
1474 3171 1574 3239 πόρ’-

478 3247 622 3310 ῥωθεν.
643 3269 660 3289 n
699 3248 826 3305 Θλιβο
829 3243 952 3306 με’νων
984 3241 1026 3291 δε
1048 3266 1153 3293 κατα
1184 3242 1251 3293 τον
1285 3246 1459 3300 ἑνεςωτοι
1488 3240 1574 3303 βιον

476 3335 550 3363 των
585 3314 740 3364 ὄικαιων
771 3313 838 3367 καὶ
869 3314 941 3365 υπό
973 3336 1048 3364 των
1085 3316 1237 3375 ἀσεβων
1272 3311 1575 3376 καταπονουμέ-

476 3406 548 3433 νων
570 3423 583 3445 ,
618 3386 752 3449 ὥσπερ
783 3382 939 3461 μακρὰν
972 3384 1175 3452 ἀφεστὼς,
1208 3381 1474 3439 καταλειωεις
1499 3385 1577 3432 αὗ-

477 3477 568 3509 τους
589 3493 603 3514 .,
641 3475 790 3537 φησιν,
822 3460 851 3504 ὠ
881 3478 1007 3521 κυριε,
1039 3477 1106 3503 και
1137 3457 1343 3543 ὑπερορᾷς·
1375 3452 1431 3504 διὸ
1466 3453 1576 3510 αὔξει

477 3525 505 3578 ἦ
533 3522 779 3613 ὑπερηφανια
816 3546 890 3573 των
926 3529 1094 3587 ἀσεβωυ·
1135 3522 1203 3574 τὸν
1240 3523 1283 3574 δὲ
1321 3522 1390 3575 σὸν
1427 3521 1578 3577 πένητα

477 3619 546 3645 και
584 3593 746 3659 πτωχὸν
783 3594 1037 3661 ἐμπυρίζεις,
1077 3599 1271 3652 ζηλουντα
1306 3596 1375 3646 τὸν
1405 3598 1580 3656 θεοσεβη

482 3670 637 3727 ζῆλον,
670 3688 734 3714 και
768 3664 928 3714 ἔνδοθεν
960 3663 1194 3732 φλεγέμενον
1225 3687 1296 3717 την
1327 3664 1478 3730 ψυχήν.

552 3734 638 3788 Και
675 3734 852 3799 μάλιστα
888 3757 921 3784 οι
958 3735 1071 3785 θείου
1107 3733 1281 3786 πλούτου
1324 3758 1390 3785 και
1435 3757 1580 3820 σοφιας

433 3828 726 3873 ςερουμευοῃ
759 3829 825 3855 και
856 3803 912 3869 μῆ
944 3807 1118 3872 ακριβεις
1149 3806 1263 3861 ὄντες
1292 3827 1380 3872 περι
1414 3828 1466 3856 τα
1491 3803 1579 3870 δέγ-

1628 2138 1645 2155 «
1667 2076 1766 2164 Ut
1802 2119 1910 2176 quid
1925 2151 1938 2175 ‚
1980 2120 2161 2163 Domine
2178 2150 2191 2174 ,
2231 2119 2440 2163 recessisti
2476 2119 2605 2174 longe
2628 2150 2640 2173 ,
2674 2117 2728 2162 de

1634 2211 1652 2230 ι
1687 2193 1815 2248 spicis
1830 2193 1876 2234 in
1894 2190 2287 2247 opportunitatibus
2303 2221 2315 2245 ‚
2338 2191 2384 2233 in
2411 2190 2688 2234 tribulatione
2705 2189 2728 2232 ’.Ρ

1636 2283 1653 2301 υ
1689 2266 1802 2307 Dum
1832 2263 2024 2320 superbit
2043 2263 2198 2318 impius
2216 2293 2229 2316 ,
2253 2261 2496 2305 incenditur
2517 2274 2724 2317 pauper.»

1629 2335 1845 2390 Propheta
1860 2339 2080 2389 tamquam
2094 2333 2226 2377 homo
2241 2333 2494 2387 interrogat,
2510 2336 2554 2374 et
2569 2344 2619 2373 ex
2637 2332 2727 2374 Deo

1632 2408 1869 2450 sciscitatur
1902 2405 2069 2448 dicens:
2107 2417 2185 2447 cur
2213 2404 2393 2446 Domine
2414 2403 2566 2458 procul
2592 2414 2731 2445 reces-

1634 2478 1757 2521 sisti?
1775 2477 1857 2520 Sed
1872 2478 1984 2519 enim
2000 2476 2099 2519 huic
2114 2476 2324 2530 scriptura
2343 2473 2599 2529 respondet,
2613 2485 2734 2515 nem-

1633 2562 1690 2604 pe
1719 2548 1840 2604 quod
1862 2549 1939 2590 Dei
1961 2548 2130 2590 bonitas
2158 2545 2213 2589 ad
2233 2545 2532 2601 paenitentiam
2560 2543 2735 2587 adducit

1634 2624 1901 2674 peccatores.
1931 2620 2078 2673 Longe
2112 2621 2252 2659 autem
2276 2616 2450 2659 recessit
2477 2628 2502 2658 a
2529 2618 2735 2670 peccato-

1635 2690 1754 2732 ribus
1787 2691 1901 2732 Deus
1920 2720 1932 2743 ,
1965 2693 2140 2744 peccato
2172 2689 2268 2743 ipso
2303 2686 2552 2740 dirimente,
2574 2689 2617 2728 et
2637 2697 2738 2740 pec-

1638 2765 1803 2803 catores
1825 2756 1980 2815 'procul
2010 2758 2242 2814 expellente
2260 2790 2273 2812 ,
2298 2761 2430 2813 prout
2462 2756 2623 2800 dictum
2646 2759 2733 2797 est:

1643 2850 1659 2867 «
1684 2836 1861 2887 peccata
1886 2835 2024 2873 vestra
2038 2828 2312 2872 intervallum
2340 2827 2452 2870 inter
2477 2838 2545 2868 me
2564 2836 2738 2880 vosque

1646 2922 1662 2939 ι)
1699 2902 1904 2947 efficiunt.
1915 2920 1933 2938 »
1946 2903 2054 2944 Nam
2066 2899 2284 2955 ceteroqui
2297 2900 2408 2942 Deus
2424 2897 2586 2940 cunctis
2597 2896 2736 2951 adest,

1640 2978 1769 3029 atque
1808 2973 1951 3015 omnia
1987 2971 2136 3026 implet
2154 3003 2167 3027 ,
2210 2970 2370 3025 ubique
2404 2969 2598 3011 existens.
2633 2966 2738 3010 Ideo

1641 3046 1686 3088 in
1701 3045 1939 3101 prophetiis
1955 3044 2112 3087 dicitur
2131 3057 2141 3084 :
2173 3061 2190 3078 α
2210 3043 2325 3084 Deus
2347 3040 2641 3096 propinquans
2658 3050 2739 3093 ego

1630 3136 1666 3174 „u
1701 3128 1821 3167 sum,
1847 3114 1952 3157 dicit
1971 3114 2206 3167 Dominus,
2231 3116 2276 3155 et
2304 3123 2392 3154 non
2421 3111 2536 3153 Deus
2564 3109 2738 3162 longin-

1650 3205 1666 3222 »
1702 3198 1827 3241 quus.
1853 3205 1869 3222 »
1905 3185 2104 3227 Attamen
2125 3196 2224 3226 cum
2242 3184 2287 3225 in
2307 3180 2521 3238 praesenti
2538 3180 2626 3222 vita
2645 3191 2742 3234 pre-

1643 3261 1817 3300 muntur
1845 3256 1946 3299 iusti
1975 3260 2018 3298 et
2048 3254 2102 3297 ab
2131 3253 2273 3310 impiis
2301 3252 2561 3306 adfliguntur
2579 3242 2741 3305 ,quasi

1644 3328 1798 3384 procul
1827 3326 2056 3370 abscedens
2088 3325 2352 3380 derelinquis
2381 3336 2476 3378 eos,
2497 3323 2581 3376 ait,
2602 3334 2629 3364 o
2646 3322 2741 3364 Do-

1645 3401 1757 3442 mine
1776 3430 1788 3452 ,
1807 3440 1814 3447 K
1831 3403 1959 3454 atque
1998 3397 2194 3453 despicis.
2241 3397 2474 3451 Propterea
2511 3393 2742 3448 impiorum

1646 3469 1846 3526 superbia
1882 3467 2138 3523 augebitur:
2177 3467 2354 3522 inopem
2394 3475 2497 3507 vero
2538 3453 2661 3505 tuum
2694 3472 2743 3503 ae

1647 3552 1876 3596 pauperem
1897 3551 1997 3582 cura
2025 3539 2112 3582 urit
2127 3570 2140 3592 ,
2172 3537 2261 3579 zelo
2290 3535 2490 3591 religioso
2519 3532 2740 3584 zelantem,

1650 3617 1693 3654 et
1720 3612 1870 3654 intimo
1900 3610 2040 3654 animo
2068 3608 2388 3651 inflammatum.

1708 3752 1928 3797 Eiusmodi
1958 3751 2181 3808 praecipue
2209 3751 2308 3792 sunt
2322 3779 2335 3802 ,
2369 3745 2443 3801 qui
2472 3743 2625 3818 divinis
2645 3742 2746 3797 opi-

1651 3826 1731 3869 bus
1759 3830 1802 3868 et
1823 3825 2030 3880 sapientia
2052 3825 2195 3866 carent
2209 3852 2221 3876 ,
2246 3830 2385 3875 neque
2405 3814 2621 3872 religionis
2641 3813 2749 3870 dog-
