2996 4432
1159 257 1205 288 m
1236 255 1446 287 PSALMUM
1478 256 1581 287 xm.

235 345 344 396 sire,
374 343 420 387 id
449 344 576 399 digna
603 343 695 386 Deo
711 340 876 384 ratione
894 338 1220 395 intelligendum
1238 344 1302 383 est
1316 370 1329 393 ,

234 415 343 459 sicut
364 419 408 458 et
437 415 519 458 alia
547 413 642 469 pari
669 410 806 455 modo
832 409 887 453 de
916 409 1068 452 eodem
1089 409 1227 465 dicta3
1258 423 1332 454 ve-

233 485 315 527 luti
344 485 464 540 quod
492 483 623 540 pedes
650 480 806 525 habeat
834 484 878 523 et
905 492 1056 524 manus
1084 485 1128 523 et
1148 481 1298 525 oculos
1313 513 1326 538 ,

234 560 279 598 et
308 556 428 612 qnod
456 556 683 608 consurgat
710 556 754 595 et
774 550 931 595 sedeat.
961 552 1167 605 Quoniam
1188 554 1331 610 itaque

235 626 344 668 haec
373 624 589 669 conclusio
618 621 817 677 religiosa
847 627 910 665 est
927 653 941 676 ,
972 623 1108 665 Deum
1138 623 1331 667 habitare

230 697 276 739 in
306 697 424 740 caelo
453 695 748 749 intelligemus,
782 698 993 748 quatenus
1013 695 1146 737 veluti
1166 695 1328 751 templo

230 780 310 811 suo
330 767 466 810 utitur
487 764 978 821 augustispotestatibus
991 796 1003 819 ,
1034 778 1142 821 quae
1164 766 1210 809 in
1233 778 1330 809 cae-

227 839 274 882 lo
303 838 631 894 appellationem
645 867 658 892 ,
677 836 784 880 locis
803 837 849 879 in
871 835 1029 892 quihus
1049 842 1147 881 sunt
1168 838 1326 881 homo-

228 924 416 968 nymam,
442 911 617 954 habent.
639 911 707 954 Sic
726 911 837 953 enim
856 912 982 954 etiam
1003 911 1195 956 homines
1215 916 1330 956 terra

232 982 364 1026 ve‘luti
379 987 502 1037 sunt,
521 987 571 1025 nt
588 994 684 1025 cum
700 982 872 1026 dicitur:
890 983 1082 1027 universa
1092 988 1203 1027 terra
1220 983 1328 1027 ado-

220 1058 287 1098 ret
299 1058 355 1097 te.
373 1055 425 1096 Et
437 1085 450 1106 ‚
467 1054 605 1096 omnis
622 1054 904 1097 terra‘clamat
921 1067 1018 1097 cum
1033 1055 1206 1098 laetitia.
1221 1057 1329 1099 Tum

226 1125 331 1180 quia
360 1125 474 1168 Deus
503 1125 547 1167 in
576 1125 822 1168 hominibus
843 1126 971 1169 etiam
999 1130 1220 1180 versatur,
1253 1126 1328 1181 qui

224 1196 447 1239 caelestem
464 1196 692 1251 imaginem
704 1186 885 1240 retinent
897 1227 909 1251 ‚
925 1196 1009 1239 dici
1021 1201 1164 1252 potest
1177 1197 1221 1240 in
1233 1209 1328 1240 cae-

222 1267 275 1309 lis
293 1266 502 1309 habitare.
537 1269 780 1321 Praeterea,
813 1268 940 1310 tertia
973 1280 1147 1323 quoque
1165 1268 1225 1311 ita
1253 1268 1324 1311 lo-

225 1337 384 1392 quendi
414 1350 542 1380 causa
572 1337 753 1398 dicetur.
781 1338 992 1391 Quoniam
1009 1350 1119 1394 opus
1137 1339 1226 1381 eius
1248 1351 1325 1381 or·—

221 1409 291 1452 bis
307 1414 515 1452 terrarum
534 1414 598 1452 est
613 1423 625 1464 3
642 1396 737 1465 ipse
752 1414 894 1453 autem
913 1410 1136 1453 creationis
1154 1423 1204 1453 ac
1220 1423 1327 1467 pro-

222 1480 435 1523 videntiae
459 1482 622 1523 ratione
652 1481 698 1523 i'n
733 1482 851 1523 omni
886 1486 1078 1524 creatura
1101 1486 1323 1536 versatur3

223 1564 250 1594 a
264 1551 551 1606 pulcherrima
566 1551 713 1594 muudi
729 1557 848 1608 parte
864 1584 877 1607 ,
910 1565 1018 1608 quae
1041 1553 1205 1595 caelum
1233 1558 1296 1596 est
1309 1585 1323 1608 ,

223 1622 538 1665 demonstratur
573 1624 710 1665 Deum
740 1635 830 1666 esse
859 1624 905 1666 in
942 1622 1121 1666 mundo.
1155 1623 1320 1666 Veluti:

220 1697 344 1747 pater
362 1698 508 1735 noster
520 1724 532 1747 ‚
549 1694 624 1748 qui
641 1707 686 1736 es
702 1694 745 1736 iu
763 1694 904 1736 caelis.
924 1695 993 1749 Et,
1013 1695 1125 1737 Deus
1142 1695 1188 1737 in
1206 1695 1322 1738 caelo

221 1776 422 1820 superne.
446 1767 618 1807 Praeter
635 1764 838 1807 hactenus
856 1765 993 1820 dicta,
1013 1765 1134 1808 aliter
1150 1778 1324 1822 quoque

223 1835 267 1876 in
285 1835 428 1901 multis
451 1834 617 1876 divinae
640 1834 860 1877 doctrinae
876 1836 980 1878 locis
995 1841 1197 1892 apparet,
1219 1838 1323 1881 caeli

221 1889 504 1961 appellatione
544 1905 735 1948 denotari
766 1907 1096 1950 intellectualem
1123 1907 1322 1951 substan-

218 1978 347 2029 tiam,
373 1977 417 2018 in
447 1989 533 2031 qua
554 1977 823 2032 potissimum
841 1979 976 2020 Deum
999 1979 1220 2034 exquirere
1243 1980 1320 2022 de-

195 2036 199 2038 *
219 2052 303 2090 cet.
327 2049 494 2091 Caelum
526 2049 686 2104 quippe
711 2049 813 2091 caeli
841 2050 1045 2113 Qomino.
1069 2052 1131 2092 Ex
1152 2051 1236 2093 hoc
1252 2051 1322 2093 in-

219 2119 441 2174 dulgenter
455 2124 728 2175 prospectat,
761 2120 992 2163 observans
1008 2122 1218 2165 inferioris
1239 2134 1319 2165 na-

216 2194 339 2231 turae
370 2190 585 2241 homines,
621 2194 669 2232 ut
690 2190 832 2233 videat
852 2192 1024 2246 quinam
1048 2205 1099 2235 ex
1121 2192 1186 2235 his
1209 2205 1318 2248 pru-

217 2261 341 2312 dente
361 2274 486 2304 sensu
504 2262 686 2317 praediti
704 2263 842 2305 Deum
860 2259 1085 2318 exquirant
1098 2297 1109 2318 ‚
1132 2265 1320 2308 invenire

199 2383 201 2386 Α
216 2345 311 2374 eum
328 2333 545 2375 studentes
556 2364 567 2386 ,
586 2338 634 2376 ut
649 2334 835 2376 eiusdem
854 2334 1055 2377 beneficia
1074 2336 1314 2390 impetrent.

215 2406 332 2446 Tunc
363 2410 504 2447 autem
525 2405 569 2447 id
590 2406 814 2460 praecipue
835 2406 885 2447 fit
903 2436 915 2456 ‚
934 2419 1029 2448 cum
1050 2407 1159 2448 inter
1174 2407 1317 2449 homi-

215 2487 291 2516 nes
308 2476 470 2517 malitia
483 2476 633 2529 multa,
647 2488 736 2518 non
753 2477 842 2518 sine
856 2477 1090 2531 impietate,
1107 2483 1315 2533 versatur,

216 2549 264 2586 ut
285 2545 369 2587 iam
390 2546 578 2587 dicatur:
611 2565 627 2582 α
644 2558 733 2588 non
752 2539 819 2588 est'
835 2547 1125 2590 misericordia
1142 2579 1154 2601 ,
1178 2561 1318 2604 neque

223 2634 239 2650 υ
274 2617 426 2658 veritas
442 2647 454 2668 ,
475 2629 614 2671 neque
628 2617 706 2659 Dei
725 2619 912 2671 cognitio
930 2619 973 2660 in
989 2623 1125 2661 terra:
1150 2621 1319 2663 maledi-

224 2707 239 2720 ιι
277 2687 361 2728 ctio
384 2692 426 2728 et
456 2688 723 2730 mendacium
743 2693 786 2730 et
808 2689 972 2731 furtum
994 2695 1037 2732 et
1064 2690 1318 2734 adulterium

223 2777 238 2791 υ
275 2757 590 2805 inundaverunt
618 2759 662 2800 in
685 2763 825 2810 terra,
859 2764 903 2800 et
929 2762 1100 2814 sanguis
1123 2763 1318 2816 sanguini

224 2847 241 2863 υ
278 2829 494 2870 miscetur.
522 2828 625 2870 ›Ad
643 2829 837 2871 homines
854 2833 1078 2884 tantopere
1096 2832 1317 2875 calamito-

218 2904 287 2940 sos
303 2912 445 2941 nonne
465 2899 696 2954 oportebat
711 2900 875 2942 bonum
902 2902 1160 2944 Salvatorem
1179 2904 1317 2958 respi-

215 2983 332 3022 cere,
365 2974 413 3011 ut
439 2971 474 3011 si
503 2971 546 3011 in
579 2970 720 3025 aliquo
755 2971 1058 3025 intelligentiae
1090 2974 1315 3027 vestigium

215 3042 497 3095 comperiret,
531 3040 575 3082 id
598 3045 770 3096 augeret
789 3042 857 3084 vel
876 3043 1020 3097 potius
1044 3044 1315 3098 compleret?

213 3113 267 3154 Et
296 3112 332 3165 si
365 3113 459 3166 quis
490 3112 603 3153 foret
633 3113 710 3154 Dei
743 3113 985 3167 studiosus,
1021 3115 1086 3156 illi
1119 3127 1164 3157 se
1198 3117 1315 3158 inve-

215 3181 419 3224 niendum
450 3182 710 3236 praeberet?
749 3184 942 3238 Apparet
974 3185 1089 3227 euim
1124 3186 1206 3238 iis,
1239 3188 1315 3242 qui

212 3252 295 3294 sihi
318 3252 446 3294 fidem
475 3265 564 3293 non
605 3252 831 3307 denegant.

272 3324 389 3365 Sicut
419 3325 459 3364 in
492 3323 740 3366 malitiosam
770 3326 950 3368 animam
979 3339 1067 3369 non
1097 3327 1310 3382 ingredie-

213 3399 284 3436 tur
314 3394 546 3448 sapientia,
581 3407 719 3449 neque
750 3394 915 3438 habitat
943 3397 986 3438 in
1009 3410 1191 3452 corpore
1210 3411 1312 3453 pee-

212 3465 315 3507 catis
347 3465 534 3506 obnoxio
551 3496 564 3516 ,
600 3465 658 3507 ita
686 3477 774 3507 nou
804 3467 957 3521 recipit
985 3468 1066 3509 Dei
1094 3467 1312 3511 scientiam

212 3537 248 3577 is
272 3537 347 3590 qui
369 3535 510 3584 adhuc
530 3536 772 3590 iniquitates
791 3542 1008 3592 operatur.
1029 3538 1179 3581 Nullus
1199 3540 1312 3582 enim

210 3610 413 3660 peccator
446 3605 559 3648 videt
588 3611 661 3649 aut
689 3608 881 3662 agnoscit
909 3609 1073 3661 Deum,
1106 3614 1238 3664 prout
1266 3610 1311 3653 in

212 3677 412 3719 Iohannis
442 3677 622 3732 epistola
651 3678 873 3722 scribitur:
915 3680 1197 3734 quamobrem
1236 3683 1311 3737 qui

212 3748 374 3808 sapiens
403 3748 494 3791 fieri
525 3749 644 3804 cupit
660 3780 672 3802 ‚
698 3750 906 3793 iustitiam
935 3752 1062 3806 serit,
1094 3754 1221 3795 metit·
1242 3753 1308 3795 vi-

211 3821 279 3860 tae
309 3818 516 3872 fructum,
563 3824 610 3862 ut
645 3820 704 3862 ita
740 3819 820 3863 sibi
853 3825 1072 3877 comparet
1107 3822 1305 3866 scientiae

2417 244 2509 293 169

1401 342 1528 405 χῶρον
1552 338 1884 403 μεταβαινοντος,
1916 347 2138 414 θεοπρεπιις
2169 366 2350 412 προσῆκει
2381 350 2509 407 νοεῖν,

1402 411 1532 476 ὥσπερ
1563 432 1628 458 και
1663 432 1717 459 τα
1747 411 1859 460 ἄλλα
1891 434 1966 464 των
1999 413 2288 482 παραπλησιως
2318 415 2406 505 περὶ
2437 419 2510 466 αὖ·

1404 483 1475 528 τοῦ
1504 477 1875 545 ἐπαγγελλομένων·
1914 506 1965 539 ως
2003 484 2061 537 εἴη
2099 483 2227 542 πέδας
2262 510 2328 536 και
2367 491 2508 554 χεῖρας

1401 571 1467 598 και
1507 549 1743 635 ὂφΞ-αλμους
1780 551 1884 616 ἔχων
1906 592 1920 612 ,
1960 553 2223 617 ἀνισταμενός
2260 579 2301 608 τε
2335 580 2404 606 και
2434 581 2509 606 κα-

1401 617 1592 684 ἓῆμενος·
1631 643 1782 678 ταυτης
1820 627 1892 678 τῆς
1930 626 1999 673 ἀκο
2003 623 2175 682 Acus-1053
2214 627 2377 688 ευσεβο
2355 651 2399 682 υς
2437 651 2508 677 ου-

1401 712 1510 750 σης,
1549 714 1594 742 το
1631 695 1823 743 κατοικεῖν
1860 715 1982 743 αυτον
2020 697 2060 743 ἐν
2097 698 2268 782 οὐρανοις
2310 698 2508 758 νοηὲειη,

1399 783 1452 816 ως
1503 760 1565 814 εἵη
1615 784 1815 829 χρωμενος
1864 785 1948 828 ναῳ
1997 768 2083 819 ταῖς
2128 763 2262 822 θείαις
2300 765 2507 832 δυνάμεσιν

1402 852 1494 887 ταις
1521 834 1562 880 ἐν
1585 835 1733 898 οὐρανῷ
1755 833 1978 898 ὄμωνυμως
1989 834 2248 899 καλουμεναις
2273 842 2356 892 τοῖς
2382 842 2421 887 ἐν
2445 863 2506 896 οις
2548 881 2552 884 .

1401 899 1479 950 εἱσι
1511 899 1658 959 τόποις·
1696 907 1796 954 οὕτω
1831 926 1906 971 γαρ
1941 927 2006 954 και
2045 908 2079 954 οἱ
2112 905 2372 992 ἅνθρωποιχ
2343 931 2506 975 χρημα-

1401 969 1486 1026 τιζο
1490 995 1574 1023 υσιν
1611 996 1697 1039 yn,
1738 975 1787 1031 ὦς
1824 980 1862 1024 ὲν
1901 979 1983 1039 τῷ,
2024 980 2141 1026 πᾶσα
2176 1001 2202 1030 η
2241 1000 2294 1042 γη
2331 1001 2401 1044 προ
2385 1002 2504 1030 σκυ-

1399 1040 1633 1094 νησοέτωσαν
1671 1065 1746 1095 σοι’
1777 1069 1850 1094 -και
1888 1069 2008 1097 σασα
2044 1050 2071 1099 ⁷3
2108 1053 2160 1112 yffi
2197 1049 2275 1108 βοᾷ
2310 1052 2392 1110 μετ’
2438 1068 2505 1100 ευ-’

1400 1111 1607 1179 φροσῦνης·
1634 1115 1780 1202 ρηΞ-ειη
1814 1116 1855 1166 δὲ
1887 1140 1953 1166 και
1987 1120 2027 1166 ἐν
2065 1121 2149 1172 τοῖς
2187 1117 2314 1182 ἀγιοις
2350 1118 2506 1186 ἀνθρώ-

1398 1206 1483 1239 ποις
1515 1186 1746 1251 τυγχάνων,
1780 1190 1828 1236 δι’
1858 1209 1907 1240 ην
1932 1192 2107 1255 φοροῦσιν
2132 1187 2264 1237 εικὲνα
2289 1211 2331 1238 το
2336 1213 2358 1237 υ
2389 1192 2505 1241 ἐπου-

1397 1275 1506 1340 patu:
1510 1278 1566 1317 U,
1598 1279 1792 1308 καῖίῐκῖιν
1825 1278 1864 1306 ἓν
1895 1278 2084 1324 ουρανίις.
2117 1282 2213 1326 ⁷2⁷ssss
2252 1281 2295 1308 TC
2299 1282 2366 1309 UT:
2370 1284 2404 1315 ις
2434 1285 2501 1311 γα(

1399 1323 1532 1390 τρίτον
1570 1349 1606 1375 τι
1643 1329 1866 1385 λελέξεται·
1904 1329 2005 1379 εἶπει
2043 1352 2096 1378 σο
2079 1328 2198 1392 ἴημα
2234 1331 2357 1378 αὐτοῦ
2386 1334 2408 1380 o‘
2438 1330 2506 1381 κᾶ-

1397 1416 1503 1458 σμος
1522 1397 1694 1481 ὖπαρχε
1679 1418 1725 1448 ι·
1766 1399 1877 1450 ἔστιν
1910 1397 1952 1448 δε
1976 1404 2096 1463 ὂημιο
2082 1423 2238 1468 υργιας
2275 1422 2404 1466 τροπῳ
2433 1425 2499 1452 και

1398 1465 1579 1533 προνοίας
1626 1473 1667 1518 ἐν
1709 1492 1824 1536 mac-41
1863 1467 1915 1536 τῇ
1950 1469 2111 1528 κτίσει,
2158 1474 2197 1518 ἐκ
2234 1491 2309 1520 των
2353 1471 2503 1521 καλλι-

1399 1558 1506 1587 στων
1552 1562 1676 1606 μερων
1722 1545 1790 1590 τοῧ
1832 1539 2012 1605 κὲσμου,
2057 1549 2189 1591 ταύτα
2233 1528 2276 1590 δὲ
2320 1564 2422 1591 εισιν
2466 1545 2502 1592 οἶ

1397 1607 1550 1673 οὗρανοι
1574 1648 1586 1669 ‚
1621 1614 1808 1662 δηλοῦται
1839 1609 1890 1660 ὧν
1923 1614 1963 1660 ἐν
1996 1617 2052 1675 τῷ
2080 1610 2226 1699 κόσμῳ·
2259 1613 2311 1666 ὧς
2343 1636 2387 1663 το
2419 1613 2502 1664 πά-

1397 1699 1464 1744 τερ
1498 1702 1608 1743 ημων
1646 1685 1665 1729 ὂ
1704 1685 1742 1729 ἐν
1780 1704 1863 1737 τοις
1901 1684 2091 1750 οὖρανοις·
2129 1705 2194 1732 και
2231 1682 2326 1732 Secu
2369 1686 2407 1731 ἓν
2446 1689 2501 1749 τῷ

1395 1749 1543 1815 οὐρανῷ
1579 1751 1674 1800 ἀνω·
1713 1774 1810 1818 προς
1847 1775 1928 1806 τοις
1966 1751 2209 1819 εἰρημένοις,
2247 1753 2314 1801 καὶ
2360 1753 2500 1820 ἑτερως

1394 1820 1621 1888 θεωρηθείη
1647 1827 1854 1886 πολλαχοΝ
1833 1847 1855 1871 υ
1889 1828 1956 1878 τ-ἧς
1987 1823 2110 1876 ἓειας
2136 1821 2458 1882 παιδευσεως,”
2439 1848 2500 1875 οτι

1393 1889 1419 1940 ἦ
1451 1895 1520 1940 τοῦ
1549 1890 1707 1956 οὐρανου
1737 1915 1902 1961 προσνγ
1888 1916 1973 1960 ρια
2005 1898 2115 1945 δῆλοι
2150 1917 2224 1946 την
2260 1916 2398 1947 νοητην
2431 1895 2500 1944 οὗ-

1374 1958 1522 2022 ’σιἀν,
1562 1965 1602 2010 ἐν
1638 1987 1663 2029 ῃ
1701 1963 1886 2026 μάλιστα
1922 1962 2018 2014 ,θεον
2063 1969 2193 2019 ζητειν
2237 1965 2438 2031 προσήκει·
2479 1967 2498 2014 ὃ

1394 2029 1553 2098 οὐρανος
1589 2056 1666 2100 γαρ
1712 2039 1780 2085 τοῦ,
1821 2054 1978 2100 ουρανου
2017 2059 2071 2099 τῳ
2106 2033 2237 2101 κυρίῳ·
2278 2038 2317 2084 ἐκ
2362 2058 2403 2084 το
2406 2059 2499 2087 υτου

1395 2108 1754 2167 συγκαταβατικως
1792 2104 1992 2156 ὂιακυπτει
2032 2109 2267 2155 ἐτεισκοωων
2301 2129 2392 2161 τους
2430 2110 2500 2162 τῆς

1394 2174 1679 2241 υποόεεστέρας
1712 2174 2026 2244 καταστάσεως,
2054 2199 2095 2225 το
2100 2180 2124 2225 ὕ
2157 2180 2254 2241 ἱόέῖν
2288 2175 2392 2232 τινες
2426 2201 2499 2226 αυ-

1394 2264 1469 2291 των
1513 2267 1668 2295 συνεσιν
1712 2245 1932 2309 κεκτημένοι
1985 2248 2101 2302 ἐκζη·
2106 2269 2210 2297 ουσιν
2256 2267 2322 2295 τον
2341 2246 2499 2335 ἓεονῖ

1394 2335 1522 2379 ευρειν
1547 2316 1671 2365 αὐτον
1695 2315 1826 2379 βουλε
1821 2340 1910 2366 usu:
1916 2341 1950 2378 ι,
1979 2316 2041 2368 ἐπι
2068 2340 2123 2382 τῳ
2147 2339 2283 2381 τυχειν
2309 2340 2384 2367 των
2409 2321 2499 2384 παρ’

1393 2388 1516 2470 aare?
1548 2388 1673 2454 ὁωρε
1645 2407 1712 2436 ων·
1747 2387 1836 2438 το’τε
1870 2387 1913 2436 δὲ
1943 2387 2122 2451 μάλιστα
2154 2410 2308 2455 yart-:rat
2346 2396 2497 2446 τουτο,

1390 2455 1449 2502 στ’
1481 2478 1529 2503 αν
1562 2459 1600 2505 ἐν
1639 2456 1859 2523 ἁνυρῶποις
1898 2457 2029 2511 aon-n
2064 2482 2187 2508 κακια
2223 2482 2295 2509 συν
2332 2458 2472 2520 ἀσεβε]
2459 2483 2500 2521 ιᾳ

1391 2546 1566 2589 γενηται·
1607 2529 1659 2585 ὦς
1700 2534 1901 2591 Azy-&mou
1948 2554 2055 2578 «ουν.
2100 2530 2210 2579 ἔστιν
2243 2530 2375 2589 ἕλεος,
2409 2529 2495 2578 οὐδὲ

1397 2614 1421 2641 »
1458 2595 1674 2658 ἀλήθεια,
1709 2600 1793 2648 οὐδὲ
1835 2599 2044 2666 ἐπίγνωσις
2075 2607 2172 2649 82:23
2203 2598 2267 2650 ἐπὶ
2302 2603 2377 2655 r-E3‘
2402 2604 2494 2665 γῆς·

1401 2689 1419 2709 n
1459 2666 1536 2735 ἀρὰ
1570 2668 1637 2718 και1
1674 2673 1816 2733 ψεῧόος
1853 2671 1920 2720 καὶ
1957 2669 2088 2723 ademi
2125 2670 2192 2720 καὶ
2229 2669 2392 2734 μοιχεία
2427 2669 2497 2718 κε’-

1396 2757 1420 2784 »
1457 2760 1582 2800 χυται
1622 2739 1685 2790 ἐπὶ
1726 2745 1796 2794 τῆς
1814 2749 1942 2826 ,My-k,
1975 2740 2041 2791 καὶ
2080 2743 2241 2805 αἵματα
2283 2744 2339 2806 ἐφ’
2371 2743 2493 2803 αἷμα-

1395 2827 1420 2854 »
1458 2828 1537 2856 σιν·
1566 2830 1589 2856 »
1638 2833 1703 2859 ου.
1707 2834 1737 2859 ω
1782 2833 1858 2860 των
1901 2810 2124 2878 o’wapmnxmv
2161 2833 2267 2877 αγαν
2310 2810 2495 2873 βλαβεν-

1391 2899 1490 2936 των,
1525 2884 1606 2934 πῶς
1639 2883 1704 2929 οὐκ
1737 2880 1817 2929 ἔδει
1851 2904 1894 2930 το
1901 2904 1919 2930 ν
1952 2880 2114 2947 ἀγαθον
2147 2885 2303 2948 σωτῆρα
2335 2879 2495 2966 ἐπιβλέ-

1389 2954 1498 3011 ψαι,
1533 2952 1585 2997 ιν’
1623 2972 1657 2998 ει
1702 2973 1802 3016 ευρ.ι
1841 2952 1881 3000 ἕν
1926 2975 2001 3002 τινι
2046 2955 2118 3018 ἀφο
2120 2973 2219 3017 ρμην
2267 2949 2493 3011 συνέσεως,

1389 3039 1541 3070 ταυτην
1578 3019 1805 3086 ῶληθιῖνῃ,
1843 3027 1998 3084 μᾶλλον
2036 3020 2077 3070 δὲ
2116 3019 2338 3087 σληρωσῃς
2378 3043 2413 3069 ει
2449 3019 2492 3069 δὲ

1386 3110 1453 3136 και
1503 3091 1743 3145 ἐκζητοῧντα
1791 3114 1859 3140 τον
1909 3090 2044 3149 Ξεὲν,
2094 3094 2147 3141 ιν’
2193 3094 2340 3159 supe-9:4⁹1
2389 3088 2494 3140 ἐκεί-

1386 3180 1460 3221 νῳ;
1494 3158 1679 3228 ἐμφανιζε
1684 3183 1750 3211 ται
1782 3185 1858 3230 γαρ
1891 3186 1976 3219 τοις
2007 3187 2064 3227 μη
2097 3166 2335 3215 ἀπιστουσιν
2367 3164 2491 3226 αὐτῷ.

1454 3305 1528 3359 Ως
1566 3304 1626 3358 εἰς
1662 3325 1899 3368 κακοτεχνον
1936 3302 2072 3368 ψυχην
2109 3328 2176 3353 ουκ
2220 3302 2487 3356 εἱσελευσεται
2546 3334 2562 3355 ⁷.

1384 3395 1529 3439 σοφια,
1562 3396 1651 3424 ουτε
1676 3379 1844 3424 κατοικεῖ
1872 3377 1909 3423 ἐν
1935 3373 2094 3438 σώματι
2124 3397 2337 3440 καταχρεῳ
2361 3377 2489 3443 ἆμαρ-

1385 3440 1502 3504 τῖας,
1535 3467 1656 3498 ουτως
1689 3447 1733 3492 οὐ
1765 3444 1928 3509 δέχεται
1962 3467 2101 3511 γνωσιν
2131 3443 2292 3494 Secav‘
2273 3469 2292 3494 ο
2319 3446 2375 3495 ἔτι
2400 3449 2488 3494 ἀνο-

1382 3511 1480 3576 μίας
1513 3513 1784 3580 ἔργαζέμενος
1820 3514 1947 3571 ουδεις
1979 3538 2055 3582 γαρ
2085 3537 2322 3582 αμαρτανων
2354 3519 2427 3582 ὅρᾳ
2461 3515 2489 3566 η’

1382 3581 1558 3648 γινώσκει
1588 3582 1713 3641 θεον,
1745 3607 1852 3635 κατα
1881 3609 1924 3636 το
1957 3586 2226 3675 γεγραμμένον
2258 3587 2299 3634 ἐν
2332 3589 2379 3651 τῇ
2403 3588 2489 3634 Ἰω-

1383 3675 1498 3703 αννου
1531 3656 1739 3720 ἐπιστολῇ·
1770 3655 1917 3704 ἱῖἓὲὲενζ
1898 3677 1918 3704 ο
1950 3678 2164 3722 γνωστικος
2196 3652 2297 3706 εἶναι
2335 3679 2381 3706 πο
2386 3659 2486 3746 θωνῖ

1382 3721 1530 3793 σπείρει
1563 3747 1621 3780 εις
1647 3724 1914 3785 δικαιοσυνην,
1942 3731 2067 3795 τρυγᾷ
2096 3749 2266 3813 καρπον
2277 3729 2402 3784 ζωῆς,
2432 3727 2486 3773 ιν’

1383 3816 1483 3846 ουτω
1513 3794 1668 3864 φωτῖσῃ
1701 3796 1827 3860 ἔαυτῳ
1860 3801 1937 3866 φῶς
1973 3796 2165 3866 γνώσεως·
2204 3820 2271 3846 και
2303 3794 2388 3872 ἐπει
2424 3798 2485 3862 ἐρ-

2334 3901 2381 3934 22
