2944 4426
1177 241 1224 273 m
1256 239 1523 272 novenam.
2422 223 2484 270 73

217 348 342 385 gnere.
370 339 472 376 Haec
495 337 632 385 igitur,
657 333 802 384 inquit,
825 336 950 369 tecum
971 328 1022 367 sit
1041 326 1149 376 quasi
1173 325 1319 374 pullus,

220 403 265 434 ut
294 408 444 435 omnem
475 398 647 435 virtutem
675 394 836 432 innovet.
865 391 914 427 Et
938 389 1028 438 quia
1053 396 1132 424 non
1157 390 1216 424 est
1239 395 1322 422 mu-

217 456 299 493 lieri
325 456 459 494 similis
484 454 687 504 sapientia,
715 451 806 488 haec
831 448 953 497 potius
978 447 1030 484 sit
1045 445 1116 483 tibi
1143 443 1230 482 dux.
1251 444 1314 481 Sic

218 516 319 552 enim
349 514 467 552 bonas
494 511 703 563 procreabis
731 508 988 557 cogitationes.

267 576 322 612 Ne
338 574 434 612 forte
450 573 575 611 dieas:
600 581 668 609 cur
683 572 844 607 noceant
857 566 984 612 oculi,
1003 575 1091 603 cum
1117 563 1227 612 plane
1243 572 1322 600 non

222 633 273 671 sit
306 643 454 670 necesse
483 641 568 670 eum
599 628 757 678 perverti
788 627 856 677 qui
885 625 1032 663 cernit?
1057 621 1223 662 ostendit
1254 620 1322 658 tibi

222 690 560 740 concupiscentiam
575 698 656 726 esse
671 687 820 736 ignem3
841 694 1012 730 earnem,
1035 675 1321 720 vestimentum·
1311 707 1322 724 ,

223 751 320 788 hane
348 748 499 798 quidem
522 747 634 785 facile
661 746 770 795 capi,
798 745 904 784 illam
934 753 1020 782 vero
1047 752 1130 780 esse
1155 740 1324 791 tyranni·

223 820 318 848 cam.
333 807 441 856 Quod
454 817 537 845 vero
552 817 631 844 non
647 805 758 845 modo
769 810 826 844 est
840 803 1031 843 inclusum
1043 829 1055 848 ,
1067 811 1198 840 verum
1211 799 1324 838 etiam

224 868 438 915 eouigatum
453 893 465 911 ‚
491 865 593 904 haud
617 871 705 903 ante
727 863 941 912 egredietur
961 871 1075 911 quam
1093 860 1165 899 sibi
1184 859 1326 898 exitum

223 927 360 965 fecerit.
387 927 466 964 lam
485 927 549 975 qui
566 931 707 974 spectat
725 925 919 963 mulierem
932 951 943 969 ‚
966 923 1112 961 etiamsi
1131 919 1328 968 diffugiat,

225 996 302 1022 non
330 990 455 1022 tamen
480 996 595 1033 purus
622 983 923 1032 concupiscentia
950 980 1126 1019 discedet.
1156 981 1232 1018 Cur
1258 988 1327 1016 au-

224 1048 298 1080 tem
326 1054 419 1091 opus
439 1049 497 1081 est
513 1045 660 1091 negotia
690 1043 847 1087 habere,
867 1042 898 1079 si
925 1041 1064 1088 absque
1086 1039 1175 1088 ipsis
1203 1047 1331 1086 possu-

224 1113 309 1139 mus
329 1113 409 1140 esse
438 1102 590 1151 pudici?
611 1103 773 1140 Observa
797 1101 889 1150 quid
911 1100 1012 1138 dicat
1039 1098 1174 1137 Iobus:
1197 1095 1333 1135 foedus

226 1162 349 1209 pepigi
373 1171 458 1199 cum
484 1163 604 1200 oculis
629 1163 744 1207 meis,
773 1173 822 1199 ne
855 1161 903 1198 de
932 1159 1088 1197 muliere
1117 1157 1239 1195 aliena
1270 1165 1333 1192 co·

225 1221 394 1268 gitarem.
431 1222 503 1259 Hic
531 1222 712 1259 nimirum
751 1221 937 1258 illusionis
957 1214 1048 1256 ‘vim
1092 1214 1330 1266 agnoscebat.

227 1281 367 1318 Paulus
392 1281 504 1318 etiam
537 1281 634 1318 lianc
659 1281 707 1318 ob
735 1290 885 1318 causam
917 1277 1122 1326 castigabat
1145 1285 1280 1323 corpus
1297 1279 1336 1311 et

229 1339 271 1375 in
297 1340 512 1377 servitutem
538 1339 742 1388 redigebat.
771 1338 938 1387 spiritali
964 1341 1087 1375 autem
1113 1345 1250 1380 sensu,
1269 1332 1336 1370 ille

228 1398 358 1446 alligat
371 1400 409 1435 in
424 1400 509 1437 sinu
528 1399 651 1446 ignem
665 1428 676 1445 ‚
696 1399 764 1448 qui
786 1398 970 1445 impuram
983 1395 1246 1443 cogitationem
1261 1393 1334 1429 im-

229 1458 366 1494 morari
391 1458 429 1494 in
447 1457 557 1496 corde
581 1458 694 1496 sinit:
712 1455 855 1495 incedit
877 1461 1000 1494 autem
1025 1464 1136 1501 super
1158 1451 1338 1490 carbones

230 1516 263 1552 is
288 1517 354 1564 qui
378 1522 570 1564 peccatum
597 1515 784 1564 operando
806 1515 992 1563 propriam
1019 1513 1183 1566 animam
1200 1510 1333 1560 perdit.

278 1575 466 1622 cemphus
484 1581 541 1612 est
558 1575 628 1612 lari
653 1575 819 1622 species:
848 1575 916 1623 qui
937 1580 1011 1625 tam
1038 1572 1189 1611 effrenis
1206 1570 1255 1609 ad
1273 1581 1336 1608 vo-

231 1634 412 1681 luptatem
435 1639 511 1679 est,
531 1639 574 1671 ut
601 1634 729 1672 oculos
755 1635 938 1683 sanguine
963 1633 1118 1681 implere
1139 1632 1179 1669 in
1202 1629 1339 1668 cocun-

234 1693 283 1730 do
309 1693 499 1739 videntum
531 1699 568 1731 et
592 1694 766 1732 incautus
790 1703 899 1742 saepe
928 1694 970 1730 in
994 1693 1148 1740 laqueos
1178 1695 1246 1728 aut
1273 1690 1339 1727 ho-

232 1752 376 1790 minum
413 1764 548 1791 manus
574 1754 719 1791 incidit.
753 1754 852 1792 Huic
886 1763 975 1800 ergo
1002 1753 1123 1789 virum
1157 1750 1340 1788 meretrici

237 1811 406 1849 deditum
422 1818 612 1861 comparat
629 1813 677 1850 ob
692 1812 903 1851 libidinem.
921 1812 987 1850 Vel
1001 1811 1050 1849 ob
1063 1813 1144 1849 eius
1157 1810 1234 1848 avis
1249 1809 1342 1847 stul-

179 1881 180 1884 *
236 1871 385 1918 titiam,
411 1873 548 1909 etenim
577 1878 615 1910 et
641 1872 732 1910 haec
764 1878 956 1920 tamquam
984 1870 1121 1908 stolida
1155 1878 1341 1918 quemque

237 1935 414 1968 sectatur.
431 1932 552 1969 Aiunt
567 1932 678 1969 etiam
699 1929 898 1979 cemphum
919 1936 1111 1978 tantopere
1134 1939 1266 1981 spuma
1280 1927 1342 1965 de-

238 1989 388 2034 lectari,
416 1996 459 2027 ut
481 1991 512 2027 si
539 1991 623 2038 quis
650 1990 831 2038 navigans
857 2000 1028 2038 spumam
1054 1999 1168 2027 manu
1195 1992 1341 2034 teneat,

239 2048 303 2085 ille
335 2049 463 2086 manui
491 2049 664 2086 insideat.
695 2049 798 2087 Parit
821 2049 934 2086 etiam
962 2059 1047 2086 cum
1075 2048 1215 2085 dolore.

283 2108 423 2145 Novisti
456 2108 535 2146 eius
570 2100 778 2153 damnum;
814 2119 900 2146 cave
926 2110 1053 2156 itaque
1084 2119 1132 2146 ne
1165 2107 1345 2155 concupi·

238 2168 421 2203 scentiam
452 2166 649 2211 admittas,
677 2177 778 2204 mors
798 2168 898 2204 enim
927 2168 1007 2204 eius
1034 2166 1255 2204 immortalis
1273 2172 1344 2203 est.

237 2227 434 2274 Ceteroqui
449 2227 619 2264 vulnerat
643 2225 797 2275 quidem
822 2226 1077 2272 sermonibus,
1100 2226 1237 2264 occidit
1263 2237 1346 2276 vero

206 2302 209 2303 ⁷
239 2286 398 2332 peccatis
425 2296 489 2323 eos
514 2286 577 2333 qui
602 2285 672 2322 sibi
697 2284 906 2333 indulgent.
945 2287 1041 2323 Nam
1071 2286 1188 2323 multa
1213 2284 1347 2333 nequi-

239 2345 314 2380 tiae
344 2354 478 2391 genera
505 2344 641 2382 stultos
665 2342 714 2382 ad
737 2343 883 2382 inferna
911 2343 1117 2381 deducunt.
1151 2344 1346 2382 conclavia

240 2404 392 2448 mortis,
416 2403 470 2441 vel
500 2402 753 2451 profunditas,
775 2403 833 2441 vel
852 2403 1016 2445 divitiae.
1048 2404 1142 2452 Quis
1175 2414 1263 2452 ergo
1291 2403 1346 2442 ef·

243 2461 383 2510 fugiet?

290 2584 430 2621 Novam
463 2585 724 2631 Hierusalem,
757 2591 924 2623 sanctam
955 2597 1104 2624 carnem
1141 2586 1246 2625 dicit.
1280 2589 1349 2625 Co·

248 2643 399 2680 lumnas
423 2650 588 2692 septem,
616 2645 876 2692 septenarium·
894 2646 1016 2683 sancti
1048 2646 1209 2693 Spiritus
1237 2647 1285 2684 in‘
1306 2658 1349 2684 ea

246 2701 485 2747 quiescenti&
509 2703 634 2740 Veluti
659 2699 818 2741 'testatur
845 2704 974 2742 Esaias
1000 2703 1146 2743 dicens:
1177 2705 1348 2743 immola-

245 2761 299 2797 vit
323 2759 492 2797 victimas
515 2771 615 2799 suas.

297 2817 583 2864 Animadverte,
605 2826 772 2868 oportere
796 2822 1002 2870 sapientem
1029 2821 1158 2860 multis
1175 2833 1256 2861 esse
1278 2824 1353 2861 uti-

247 2878 348 2922 lem;
368 2876 461 2915 adeo
477 2882 523 2914 ut
539 2877 603 2925 qui
618 2879 725 2916 utilis
738 2880 810 2917 sibi
827 2880 897 2918 soli
919 2886 977 2918 est
989 2909 1000 2926 ,
1015 2891 1092 2918 non
1116 2882 1166 2919 sit
1188 2882 1349 2930 sapiens.

247 2936 365 2974 Valde
391 2937 492 2973 enim
523 2936 756 2984 improbatur
780 2939 962 2986 sapientia
978 2967 989 2984 ,
1019 2940 1053 2978 si
1076 2941 1150 2978 vim
1177 2952 1284 2978 suam
1304 2941 1352 2979 ad

246 3007 369 3034 unum
395 2996 457 3033 sui
480 2994 733 3043 possidentem
762 2997 917 3045 redigat.
941 3000 1047 3037 Sicut
1069 3001 1251 3038 venenum
1276 3012 1354 3039 non

246 3061 306 3093 est
327 3055 478 3093 noxium
500 3055 608 3092 alteri
631 3055 800 3102 corpori,
821 3056 888 3094 sed
910 3059 1103 3106 recipienti
1126 3065 1355 3098 tantummo-

249 3115 318 3159 d03
335 3115 386 3152 ita
403 3114 466 3162 qui
483 3114 527 3151 fit
542 3113 733 3161 improbus
746 3141 757 3159 ‚
773 3124 812 3151 se
833 3114 954 3162 ipsum
970 3117 1107 3163 laedit,
1127 3129 1205 3156 non
1221 3120 1353 3157 alium.

251 3175 370 3210 Nemo
382 3174 520 3221 quippe
538 3174 674 3210 virtute
693 3172 901 3220 praeditus,
921 3174 967 3212 ab
985 3176 1154 3224 improbo
1177 3178 1354 3217 laeditur.

298 3231 458 3268 Fructus
482 3231 646 3270 iustitiae
669 3237 708 3268 et
724 3231 834 3268 arbor
857 3233 952 3270 vitae
966 3261 978 3278 ,
994 3235 1166 3273 Christus
1190 3242 1271 3283 est3
1290 3238 1358 3286 qui

249 3295 440 3337 quatenus
467 3290 580 3328 bomo
594 3290 879 3336 tantummodo,
897 3301 1047 3329 omnem
1074 3292 1254 3334 iustitiam
1285 3297 1357 3334 im-

254 3349 391 3396 plevit3
416 3354 454 3385 et
477 3353 669 3397 tamquam
695 3355 825 3397 suapte
851 3350 949 3395 vita,
974 3351 1150 3390 scientiae
1177 3359 1215 3391 et
1240 3355 1358 3392 virtu-

251 3408 302 3445 tis
327 3407 473 3444 fructus
501 3407 609 3456 quasi
646 3408 756 3447 arbor
786 3410 964 3457 protulit,
991 3410 1094 3448 unde
1125 3411 1360 3451 comedentes

254 3467 367 3504 vitam
402 3473 592 3504 aeternam
616 3466 816 3515 adquirent
830 3495 842 3514 ,
867 3474 906 3506 et
936 3469 1087 3507 vitalem
1112 3470 1274 3518 paradisi
1301 3483 1362 3510 ar-

253 3524 382 3562 borem
409 3524 616 3573 gustabunt
630 3552 642 3571 ‚
678 3536 766 3563 cum
792 3525 938 3564 Adamo
969 3529 1209 3567 etomnibus
1234 3530 1358 3568 iustis.

255 3585 307 3620 At
333 3583 483 3622 animae
512 3590 751 3632 peccatorum
774 3584 1010 3634 abripiuntur
1034 3588 1255 3626 immaturae
1270 3599 1292 3626 a
1308 3588 1362 3626 fa-

254 3642 314 3679 cie
337 3643 435 3688 Dei,
459 3643 525 3690 qui
546 3653 608 3681 eas
630 3643 877 3682 derelicturus
900 3650 956 3682 est
977 3645 1018 3682 in
1040 3647 1214 3684 tormenti
1236 3647 1337 3696 igne.

303 3701 608 3749 Non2hominum
636 3702 702 3740 sed
729 3702 797 3740 Dei
824 3703 949 3751 potius
975 3705 1131 3752 gratiam
1159 3706 1336 3746 inveniat.

306 3759 378 3797 Hic
413 3761 618 3810 interrogat
654 3761 875 3810 sapientiam
890 3790 900 3810 ,
930 3763 995 3812 qui
1015 3800 1017 3804 ,
1037 3763 1264 3804 voluntatem
1292 3766 1375 3812 Dei,

1391 326 1541 362 συνέστω
1567 338 1620 360 σοι
1647 326 1758 366 vnvm
1785 324 1873 361 οὖσα
1899 328 1943 372 τῷ
1966 325 2092 374 νεάζειν
2118 325 2257 361 ἅπασαν
2279 325 2410 375 αἱρετήν·
2436 326 2494 360 καὶ

1393 387 1468 423 ἐπεῖ
1495 386 1543 434 μη
1571 386 1685 434 ὅμοιον
1710 387 1794 433 γυνή
1822 387 1878 421 καιι
1913 387 2035 434 σοφία,
2061 386 2149 426 αὕτη
2185 387 2371 434 τούναντίον
2401 386 2495 434 η’γεί·

1393 448 1467 485 σθω
1493 458 1557 484 σοι·
1584 447 1668 484 οὕτω
1692 449 1760 496 γάρ
1784 448 1990 490 ἀποκυήσεις
2016 450 2204 498 λογισμούς
2229 448 2396 497 ἀγαθούς.

1434 571 1510 607 Ἵνα
1533 571 1583 619 μή
1614 570 1730 619 λέγῃς·
1766 571 1799 606 τί
1832 572 1898 619 γάρ
1932 569 2063 613 βλάβος
2097 586 2169 613 τοις
2203 570 2421 620 ὀφθαλμοῖς,
2444 574 2493 621 μή
2532 568 2615 633 (ἐθᾯῒ
2627 568 2678 633 ξξ-
2697 572 2744 632 {⁷-

1394 627 1524 674 πάντως
1551 632 1656 674 οὔσης
1681 632 1834 680 ἀνάγκης
1859 633 1915 668 τὸν
1941 631 2102 681 ἐνορῶντα
2134 637 2322 681 τραπῆναι;
2350 635 2496 671 δείκνυσί

1396 709 1474 738 σοι,
1498 694 1542 736 ὥς
1567 694 1589 734 ἦ
1614 694 1676 742 μὲν
1707 692 1896 742 ἐπιθυμία,
1929 696 1996 742 πῦρ
2028 693 2131 730 ἔστιν
2156 695 2179 734 ἦ
2205 697 2239 731 δὲ
2276 697 2382 746 σάρξ,
2414 695 2496 745 ἱμά-

1397 766 1474 792 τιον·
1507 757 1546 792 τὸ
1579 756 1666 804 μὲν,
1697 755 1870 792 εὐάλωτον·
1901 755 1925 796 ἦ
1957 756 1991 791 δὲ
2025 756 2209 804 τυραννική·
2241 755 2320 792 ὅταν
2360 758 2395 794 δι’
2427 757 2496 807 οὐχ

1396 819 1512 860 άπλῶς
1538 817 1728 878 ἔγκείμῇνον
1753 816 1797 866 ᾖ,
1822 817 1915 852 ἀλλά
1941 818 1999 853 καὶ
2025 816 2289 866 άποδεδεμένον,
2313 818 2351 854 οὗ
2378 822 2498 868 πρότε-

1398 896 1454 931 ρον
1480 880 1716 926 ἐξελεύσεται,
1740 880 1801 923 ἕως
1827 880 1934 927 ἑαυτῷ
1958 879 2092 921 ποιήσει
2117 879 2272 924 διέξοδον·
2294 881 2311 916 ὁ
2332 881 2399 929 γάρ
2425 881 2499 918 ι’δών

1399 946 1569 993 γυναῖκα,
1594 943 1624 980 εἴ
1651 944 1710 980 καὶ
1739 943 1914 992 διέφυγεν,
1939 943 2015 978 ἀλλ’
2040 942 2099 979 οὐκ
2131 941 2318 990 ἐπιθυμίας
2350 941 2501 992 καθαρὸς

1400 1005 1605 1055 ἀνεχώρησε·
1626 1004 1660 1040 τί
1680 1005 1715 1041 δέ
1737 1008 1788 1040 δεῖ
1812 1004 2038 1054 πραγμάτων,
2063 1004 2170 1053 παρὸν
2196 1004 2418 1053 ἀπραγμόνως
2441 1007 2503 1039 σω-

1401 1070 1550 1115 φρονεῖν;
1574 1066 1639 1116 ὅρα
1662 1066 1696 1102 τί
1719 1066 1823 1114 φησὶν
1846 1066 1864 1102 ό
1877 1065 1966 1110 Ἰοίβ·
1985 1064 2150 1105 διαθήκην
2172 1064 2329 1114 διεθέμην
2350 1068 2423 1109 τοῖς
2444 1066 2504 1114 ὄφ·

1402 1129 1553 1178 θαλμοῖς
1577 1144 1644 1178 μου
1657 1156 1666 1172 ,
1686 1132 1745 1165 τοῦ
1763 1129 1813 1177 μη
1840 1131 2049 1169 κατανοῆσαι
2071 1131 2219 1176 γυναῖκα
2237 1127 2428 1176 ἀλλοτρίαν·
2448 1127 2505 1165 οὔ·

1403 1205 1466 1233 τως
1491 1190 1559 1228 οἶδε
1586 1192 1644 1231 τήν
1671 1193 1731 1233 τῆς
1756 1189 1915 1240 ἐπηρείας
1942 1190 2055 1239 ἶσχόν·
2081 1191 2138 1226 καὶ
2165 1190 2184 1226 ὁ
2209 1193 2345 1233 Παῦλος
2369 1191 2403 1226 δὲ
2431 1191 2507 1226 τού-

1404 1268 1463 1289 του
1490 1253 1596 1290 ἕνεκεν
1622 1252 1783 1302 ὑπεπίεζε
1809 1254 1848 1290 τό
1875 1255 1974 1302 σῶμα
1998 1254 2055 1289 καὶ
2088 1252 2324 1301 ἐδουλαγῶγει·
2356 1254 2446 1289 κατά
2469 1255 2504 1289 δὲ

1404 1313 1563 1364 θεωρίαν,
1587 1315 1811 1364 ἅποδεσμεόει
1835 1316 1900 1363 πῦρ
1923 1314 1958 1351 ἐν
1983 1315 2096 1361 κόλπῳ
2117 1315 2134 1350 ὁ
2156 1317 2337 1364 συγχωρῶν
2357 1315 2506 1363 ἀκάθαρ-

1406 1392 1461 1413 τον
1485 1379 1655 1426 λογισμὸν
1681 1376 1888 1428 ἐγχρονίζειν
1913 1381 1956 1425 τῇ
1980 1377 2110 1426 καρδίᾳ·
2135 1379 2315 1426 περιπατεῖ
2335 1378 2370 1413 δὲ
2396 1377 2505 1414 ε’πάνω

1406 1439 1599 1488 ἀνθράκων,
1625 1441 1642 1477 ὁ
1667 1441 1723 1477 διά
1747 1443 1808 1482 τῆς
1833 1440 1904 1476 κατ’
1932 1439 2097 1488 ἐνέργειαν
2131 1439 2302 1488 ἁμαρτίας
2334 1440 2392 1479 τήν
2418 1438 2504 1475 ι’διάν

1406 1501 1580 1538 ἀπολλύων
1603 1501 1733 1549 ψυχήν.

2542 1557 2617 1595 cap.
2635 1558 2701 1588 Vll.
2721 1562 2767 1587 22.

1458 1566 1596 1612 Κέμφος
1628 1564 1723 1600 ἐστὶν
1756 1562 1844 1606 εἶδος
1882 1563 2008 1614 λάρου,
2041 1561 2078 1607 ὃς
2110 1564 2213 1606 οὕτως
2245 1564 2397 1613 ἀκρατῶς
2429 1563 2504 1613 ἔχει
2543 1595 2580 1624 Δ.
2599 1593 2623 1624 f.
2642 1595 2733 1624 37.b.

1408 1629 1493 1676 πρὸς
1517 1627 1652 1671 ἡδονήν,
1676 1628 1719 1668 ὥς
1742 1626 1892 1675 αἵματος
1917 1625 2135 1676 πληροῦσθαι
2155 1628 2263 1662 δοκεῖν
2284 1627 2361 1668 τούς
2382 1625 2508 1675 ὀφθαλ-

1408 1691 1496 1738 μούς
1529 1689 1564 1724 ἑν
1597 1692 1642 1736 τῷ
1673 1689 1815 1739 ὀχεύειν·
1848 1690 1907 1725 καὶ
1939 1687 2094 1725 λανθάνει
2120 1687 2332 1727 ἀναισθητῶν
2368 1687 2508 1737 βρόχοις

1410 1752 1576 1794 πολλάκις
1608 1751 1632 1792 ἢ
1660 1753 1765 1801 χερσὶ
1798 1750 1999 1798 περιπίπτων
2031 1750 2216 1799 ἀνθρώπων·
2245 1750 2348 1797 τούτῳ
2373 1748 2428 1786 οὖν
2453 1750 2510 1787 τόν

1410 1812 1675 1862 προστιθέμενον
1700 1817 1744 1861 τῇ
1766 1813 1888 1861 πόρνῃ,
1913 1812 1949 1848 δι’
1975 1811 2162 1848 ἀκολασίαν
2186 1810 2382 1848 ἀπείκασεν·
2405 1809 2430 1852 ἦ
2454 1813 2512 1848 &ot

1412 1878 1472 1911 τοῦ
1496 1874 1582 1924 ζῴου
1604 1873 1735 1917 εὔηθες·
1755 1875 1811 1910 καί
1837 1876 1903 1922 γάρ
1929 1875 1988 1910 κοιι1
2013 1872 2111 1915 οὗτος
2132 1874 2173 1916 ὥς
2197 1873 2307 1922 ἄφρων
2327 1874 2513 1912 ἐπηκολού-

1412 1936 1515 1976 θησε·
1540 1938 1627 1986 φασὶ
1652 1938 1686 1973 δὲ
1712 1936 1814 1974 αὐτόν
1833 1939 1992 1972 τοσοῦτον
2014 1934 2147 1985 χαίρειν
2171 1935 2281 1984 ἀφρῷ,
2301 1935 2385 1971 ὥστε
2407 1935 2510 1977 εἴτις
2550 1950 2553 1951 ’

1412 1992 1520 2036 πλέων
1545 1999 1649 2049 ἀφρόν
1675 1999 1731 2035 ἐπὶ
1749 2000 1868 2048 χειρὸς
1888 1998 1975 2043 ἔξει,
1995 1996 2203 2038 ἐπικάθηται
2225 2000 2268 2047 τῇ
2283 1997 2384 2047 χειρί·
2406 1997 2510 2034 τίκτει

1365 2063 1369 2068 ’
1415 2063 1449 2098 δὲ
1476 2062 1534 2098 καὶ
1560 2062 1593 2098 ἐν
1620 2061 1728 2108 ὀδύνῃ.

2547 2121 2579 2143 V.
2597 2117 2643 2143 26.

1465 2121 1565 2166 Εἶδες
1589 2124 1695 2166 azir-ris·
1719 2124 1778 2163 τήν
1805 2122 1948 2167 ΒλάβηΫ
1973 2124 2021 2171 μή
2046 2122 2226 2172 ἀναμένῃς
2260 2121 2426 2166 δέξασθαι
2452 2122 2510 2161 ⁷⁷5⁷
2549 2150 2585 2178 A.
2606 2149 2628 2179 f.
2648 2152 2691 2179 38.
2710 2155 2738 2177 a.

1415 2186 1611 2235 ἐπιθυμίαν·
1636 2185 1806 2228 ἀθάνατος
1830 2187 1899 2234 γάρ
1924 2185 2030 2227 αὐτῆς
2054 2185 2076 2225 ἦ
2102 2184 2252 2224 τελέω-η’·
2278 2185 2390 2225 ἄλλως
2411 2185 2445 2220 δὲ
2466 2199 2515 2219 τι-

1416 2249 1554 2297 τρώσκει
1589 2249 1650 2298 μὲν
1682 2250 1818 2297 λόγοις,
1852 2247 1926 2287 ἦτοι
1967 2250 2173 2295 λογισμοῖς,
2207 2246 2333 2294 φονεύει
2368 2247 2402 2282 δὲ
2437 2248 2514 2289 ταῖς

1416 2310 1601 2362 ἁμαρτίαις
1640 2311 1718 2352 τούς
1760 2309 1989 2358 πειθομένους·
2026 2309 2141 2358 πολλοὶ
2172 2308 2239 2356 γάρ
2281 2307 2352 2347 εἴδη
2395 2307 2514 2350 κακίας

1417 2374 1495 2415 τούς
1521 2373 1682 2415 ἀνοήτους
1709 2371 1759 2415 εἷς
1783 2373 1866 2418 ᾅδου
1892 2371 2093 2420 κατάγοντα·
2119 2373 2249 2419 ταμεῖα
2281 2372 2317 2406 δέ
2350 2369 2516 2414 θανάτου,

1417 2436 1440 2476 ἢ
1473 2438 1511 2473 το“
1545 2435 1656 2480 βάθος
1688 2433 1712 2475 ἦ
1743 2435 1761 2471 ὁ
1792 2437 1938 2476 πλοῦτος
1971 2433 2085 2470 αὐτοῦ·
2111 2435 2179 2475 πῶς
2212 2431 2268 2469 οὖν
2300 2432 2374 2468 ἐστι
2401 2435 2518 2480 διαφυ·

1418 2501 1514 2547 γεῖν;
2200 2532 2217 2535 -

1467 2561 1536 2600 Τήν
1563 2559 1636 2596 νέαν
1650 2559 1879 2608 Ἰερουσαλήμ
1899 2573 1956 2594 και
1980 2557 2082 2606 ἁγίαν
2103 2556 2224 2606 σάρκα·
2247 2556 2392 2598 στύλους
2413 2555 2521 2600 επτοὶ,
2554 2551 2632 2616 ξθῑί
2648 2550 2700 2616 ἑξ·
2715 2557 2744 2615 ἑ·

1421 2637 1481 2662 την
1507 2621 1683 2671 ἑβδομάδα
1708 2623 1768 2656 τοῦ
1790 2620 1891 2668 ἁγίου
1917 2620 2106 2667 πνεύματος
2130 2617 2180 2654 ἐπ’
2199 2617 2286 2667 αὐτῇ
2303 2616 2520 2664 ἀναπαυομέ-

1419 2688 1493 2727 νου,
1519 2683 1678 2732 ἐσήμαινε·
1698 2682 1810 2724 καθώς
1826 2681 1976 2723 Ἡσαΐας
1994 2682 2171 2730 μαρτυρεῖ·
2189 2680 2303 2728 λέγων·
2326 2679 2454 2727 ἔσφαξε
2475 2679 2519 2714 τοὶ

1419 2749 1544 2789 ἑαυτῆς
1567 2746 1717 2794 θύματα.

1470 2807 1665 2856 Σημείωσαι
1687 2807 1738 2843 ὅτι
1760 2807 1815 2842 τόν
1837 2806 1941 2854 σοφόν
1961 2807 2102 2847 πολλοῖς
2122 2802 2207 2840 εἶναι
2224 2802 2397 2852 χρήσιμον
2416 2801 2520 2850 οἷναγ-
2553 2807 2628 2845 cap.
2645 2808 2698 2838 IX.
2718 2811 2761 2837 12.

1422 2874 1527 2907 καῖον·
1551 2870 1593 2912 ὦς
1627 2869 1647 2906 ὅ
1670 2883 1710 2917 γε
1734 2863 1852 2914 ’ἑαυτῷ
1880 2868 2056 2916 χρήσιμος
2080 2866 2198 2914 μόνον,
2223 2865 2282 2902 οὐκ
2318 2865 2371 2903 εἴη
2406 2863 2520 2911 σοφός·
2572 2880 2574 2882 >

1422 2934 1534 2974 πολλή
1560 2934 1628 2982 γάρ
1653 2935 1716 2974 τῆς
1741 2930 1864 2979 σοφίας
1897 2928 2104 2978 κατηγορία,
2129 2928 2159 2964 εἶ
2183 2921 2287 2977 μέχρι
2311 2916 2374 2963 τοῦ
2404 2941 2521 2966 κεκτη-

1422 2996 1523 3044 μένου
1549 2995 1609 3034 τνὶν
1634 2994 1771 3042 δύναμιν
1794 2992 1875 3039 ἕξει·
1899 2991 2009 3040 ὥσπερ
2035 2993 2070 3027 δὲ
2097 2990 2147 3033 ι’ὀς
2169 2989 2228 3027 οὐκ
2253 2989 2294 3027 οἷν
2319 2989 2373 3028 εἴη
2396 2988 2522 3033 βλαβε-

1424 3061 1480 3108 ρός
1505 3058 1604 3104 ἑτέρῳ
1630 3056 1785 3105 σώματι,
1808 3054 1902 3090 ἀλλά
1926 3056 1971 3101 τῷ
1994 3054 2161 3103 δεχομένῳ
2193 3054 2291 3101 μόνῳ·
2327 3051 2429 3094 οὕτως
2461 3053 2519 3088 καὶ

1426 3122 1443 3156 ὁ
1468 3118 1609 3163 ἀποβάς
1635 3119 1756 3161 κακὸς,
1779 3117 1897 3154 ἑαυτὸν
1923 3113 2076 3163 βλάψει,
2100 3115 2161 3152 οὐκ
2180 3115 2295 3166 ἄλλον·
2323 3114 2433 3157 οὐδεὶς
2452 3116 2521 3164 γάρ

1424 3181 1578 3231 ἐνάρετος
1603 3180 1698 3228 παρὰ
1719 3181 1826 3215 κακοῦ
1849 3177 2050 3222 βλάπτεται.

1475 3244 1614 3293 Καρπός
1635 3241 1844 3283 δικαιοσύνης
1865 3241 1922 3276 καιΙ
1945 3240 2072 3289 δένδρον
2092 3237 2196 3287 ζωῆς,
2215 3238 2234 3274 ὁ
2254 3238 2401 3288 Χριστός
2422 3239 2522 3275 ἐστιν·

1426 3307 1444 3343 ὁ
1470 3306 1571 3354 μόνος
1596 3302 1805 3352 ἀνθρωπίνως
1824 3305 1938 3339 πᾶσαν
1959 3302 2168 3341 δικαιοσύνην
2188 3302 2382 3351 πληρώσας·
2404 3303 2464 3337 και1
2482 3301 2523 3344 ὦς

1428 3366 1583 3416 αὖτοζωή
1609 3367 1689 3407 τοὺς
1715 3368 1775 3407 τῆς
1799 3365 1950 3412 γνώσεως
1975 3365 2035 3399 καί
2065 3363 2188 3412 ἀρετῆς
2217 3364 2367 3413 καρπούς
2392 3364 2434 3406 ῶς
2458 3363 2526 3400 δέν-

1430 3432 1503 3478 δρον
1529 3427 1768 3471 ἐβλάστησεν,
1791 3425 1832 3471 ἐξ
1854 3423 1894 3462 οὗ
1919 3425 1953 3461 οἷ
1978 3423 2127 3467 ἐθίοντες
2151 3424 2310 3473 ἀειζωΐαν
2334 3425 2527 3471 λήψονται,

1430 3491 1490 3526 καὶ
1516 3493 1577 3526 τοῦ
1600 3488 1807 3538 παραδείσου
1834 3490 1894 3524 τοῦ
1913 3487 2044 3536 δένδρου
2065 3490 2126 3530 τῆς
2147 3486 2234 3535 ζωῆς
2253 3486 2525 3530 ἀπολαύσονται,

2030 3547 2290 3565 00000

2558 3236 2699 3302 <ri-..2
2717 3239 2765 3300 κ’

1431 3612 1551 3661 ψυχαὶ
1583 3613 1801 3660 ἀφαιροῦνται
1832 3610 1896 3659 μέν
1927 3609 2026 3659 οἷωροι
2059 3610 2097 3647 ἐκ
2128 3610 2307 3659 προσώπου
2340 3612 2400 3646 τοῦ
2424 3608 2528 3652 θεοῦ,

1430 3675 1528 3730 παρα
1548 3675 1586 3711 τό
1606 3675 1754 3724 παρορᾷν
1774 3671 1878 3714 αυτὸς
1898 3670 2022 3714 αὖτοῦς
2044 3671 2077 3709 ἐν
2098 3677 2142 3721 τῇ
2159 3674 2263 3720 φλογὶ
2284 3675 2344 3713 τῆς
2364 3670 2526 3714 βασάνου.

1481 3737 1534 3774 Οὖ
1558 3736 1654 3785 παρά
1676 3733 1873 3783 ἀνθρώπων,
1892 3734 1987 3770 ἀλλὰ
2010 3734 2106 3782 παραὶ
2124 3748 2167 3769 τω
2192 3733 2260 3780 θεῷ
2278 3734 2413 3780 δύναμιν
2437 3745 2526 3781 ευρη.
2561 3726 2770 3794 Α.1)Ῑ,;5(,1)··ΧῙῘ3.·5
2820 3740 2825 3744 ·

1481 3796 1592 3841 Ουτος
1613 3798 1718 3847 ἔρωτα
1739 3796 1878 3845 σοφίαν,
1898 3796 1917 3835 o‘
1936 3811 2052 3846 γνωναι
2073 3795 2180 3845 ζητῶν
2200 3796 2234 3832 τί
2253 3797 2290 3832 τό
2311 3794 2452 3842 θέλημα
2471 3808 2529 3831 του
2562 3799 2642 3866 gapx
2648 3767 2760 3862 Χῖξῑῐᾶ.
2758 3800 2804 3826 26.

2382 3912 2406 3946 9
