2996 4432
240 797 313 827 cod.
333 798 354 828 f.
376 800 420 828 34.
439 797 473 829 b.

199 2136 257 2165 'AL
266 2135 334 2167 cod.
341 2134 476 2165 sabinio.

519 263 583 312 142
1497 281 1555 313 nx
1587 280 1718 317 muno
1752 279 1817 315 ιν.

519 362 767 416 introitus
783 400 797 424 ,
825 360 895 414 ad
920 357 1222 414 mulcendm
1249 362 1576 418 audientium
1602 367 1833 420 animos:
1864 364 2059 422 deinde
2081 368 2238 442 kyrie
2264 371 2459 427 eleison
2479 395 2509 428 a
2530 376 2669 431 clero
2687 398 2788 433 no-

518 447 628 499 vies
655 444 954 509 decantari,
992 455 1048 497 et
1080 457 1204 516 post
1236 448 1536 519 apostolum
1565 448 1846 520 graduale,
1882 462 1934 503 et
1957 453 2195 518 alleluia,
2234 469 2457 529 excepto
2486 460 2544 511 in
2580 474 2785 533 septua-

520 531 664 601 ginta
681 528 869 581 diebus
886 570 898 594 ,
929 527 988 580 in
1014 529 1218 600 quibus
1248 542 1445 584 tractus
1464 533 1692 586 instituit
1709 531 2097 589 decantandos:
2126 550 2249 609 post
2277 543 2609 612 evangelium
2633 564 2782 612 vero,

522 613 650 665 dum
684 612 982 665 oblationes
1017 612 1324 666 offeruntur
1341 656 1354 681 ,
1394 613 1727 670 offertorium
1760 615 2063 683 decantari,
2099 632 2153 673 et
2181 635 2304 692 post
2343 623 2655 679 fractionem
2691 646 2787 680 eu-

521 695 798 748 charistiae
824 706 1109 766 postquam
1135 698 1656 751 communicaverint.
1689 699 1792 752 Hic
1823 699 1965 752 idem
1994 701 2200 756 addidit
2217 706 2527 760 in'canone:
2559 708 2789 783 diesque-

522 790 735 831 nostros
765 779 823 829 in
851 789 945 829 tua
981 797 1115 850 pace
1151 779 1432 851 disponas:
1469 792 1522 834 et
1551 792 1611 834 ut
1638 783 1808 835 oratio
1845 781 2107 837 dominica
2135 805 2166 839 a
2198 790 2468 843 sacerdote
2498 810 2659 863 super
2695 813 2787 855 eu·-

522 862 820 915 charistiam
855 862 960 914 alta
1005 882 1134 915 voce
1177 864 1566 917 decantaretur.
1620 865 1721 917 Hic
1757 861 1897 918 idem
1932 867 2160 920 instituit
2195 871 2442 925 stationes
2483 875 2595 927 fieri
2632 877 2783 947 apud.

521 957 759 1026 sanctum
792 947 1007 999 Petrum
1041 948 1097 999 in
1122 948 1296 1000 natale
1327 947 1571 1012 Domini,
1602 947 1661 999 in
1686 948 2002 1020 epiphania,
2036 950 2094 1002 in
2121 936 2383 1006 dominica
2409 955 2477 1008 de
2506 959 2775 1028 passione,

522 1032 581 1082 in
613 1030 798 1082 maiori
834 1029 1054 1082 sabbato
1093 1031 1497 1095 scrutiniorum,
1546 1030 1603 1082 in
1639 1030 1872 1084 secunda
1912 1033 2137 1103 paschae
2175 1034 2335 1101 feria,
2375 1038 2433 1089 in
2469 1042 2781 1095 ascensione

523 1114 737 1166 Domini
759 1153 774 1177 ,
811 1114 869 1164 in
899 1112 984 1165 die
1017 1124 1199 1166 sancto
1232 1123 1564 1185 pentecostes
1582 1154 1595 1178 ,
1630 1113 1687 1166 in
1714 1115 1875 1167 natali
1915 1116 2276 1188 apostolorum
2295 1159 2310 1183 ,
2345 1121 2403 1172 in
2429 1120 2585 1176 vtertia
2615 1124 2780 1178 domi-

523 1198 643 1249 nica
679 1195 746 1249 de
779 1195 1039 1260 adventu,
1078 1208 1130 1249 et
1163 1197 1221 1248 in
1255 1189 1596 1250 dedicatione'
1623 1197 1857 1252 eiusdem
1893 1201 2168 1267 ecclesiae,
2209 1221 2347 1274 quae
2380 1217 2458 1257 est
2493 1206 2550 1258 in
2586 1220 2777 1263 octavo

525 1285 611 1338 die
641 1285 805 1338 sancti
836 1285 1077 1348 Martini,
1106 1295 1158 1337 et
1186 1284 1240 1336 in
1271 1284 1432 1337 natali
1462 1285 1628 1338 sancti
1659 1285 1933 1348 Andreae,
1967 1295 2020 1337 et
2051 1284 2108 1337 in
2135 1286 2383 1339 cathedra
2410 1290 2576 1341 sancti
2602 1291 2769 1358 Petri,

525 1381 577 1422 et
612 1369 669 1420 in
697 1368 879 1420 litania
911 1368 1137 1430 maiore,
1178 1377 1231 1419 et
1268 1368 1413 1419 omni
1448 1367 1669 1421 sabbato
1700 1379 1958 1440 quattuor
1988 1379 2304 1440 temporum.
2343 1368 2596 1424 Similiter
2627 1374 2776 1427 insti-

524 1452 627 1504 tuit
659 1452 716 1503 in
749 1451 998 1503 omnibus
1030 1449 1220 1511 diebus
1243 1450 1672 1526 quadragesimae
1699 1452 1954 1504 stationes
1976 1450 2090 1502 fieri
2118 1468 2216 1522 per
2239 1450 2472 1506 diversas
2501 1455 2771 1522 ecclesias,

525 1548 578 1588 et
613 1536 671 1588 in
706 1535 838 1587 albis
874 1535 1211 1607 paschalibus
1230 1575 1245 1599 ,
1284 1546 1336 1588 et
1365 1546 1426 1587 ut
1450 1553 1480 1588 a
1512 1536 1895 1607 septuagesima
1928 1551 2098 1604 usque
2134 1533 2195 1608 in
2228 1536 2423 1605 pascha
2455 1555 2567 1589 non
2597 1550 2775 1592 cante-

496 1688 498 1691 ,
523 1630 612 1670 tur
646 1618 882 1682 alleluia3
918 1629 970 1670 et
1002 1629 1063 1670 ut
1088 1618 1145 1669 in
1169 1619 1461 1671 matutinali
1490 1618 1680 1690 synaxi
1708 1618 1892 1670 festiva
1923 1624 2045 1669 octo
2077 1627 2282 1669 tantum
2318 1630 2660 1673 cantarentur
2688 1641 2774 1674 re—

523 1701 825 1772 sponsoria,
862 1711 914 1752 et
947 1711 1257 1772 sequeretur
1286 1701 1710 1767 ambrosianum;
1747 1712 1801 1754 et
1828 1702 1886 1753 in
1915 1698 2205 1753 cottidiana
2240 1699 2349 1754 duo
2382 1713 2619 1767 tautum,
2655 1717 2708 1758 et
2743 1726 2775 1760 a

523 1784 835 1856 presbytero
869 1783 1162 1836 diceretur:
1195 1786 1339 1837 Deus
1375 1785 1433 1836 in
1469 1784 1793 1837 adiutorium
1830 1802 2003 1837 meum
2035 1782 2103 1852 ι).
2133 1784 2234 1836 Hic
2271 1784 2507 1838 litaniam
2543 1788 2774 1840 instituit

523 1869 800 1933 maiorem3
842 1878 894 1920 et
927 1868 1201 1937 Anglicam
1240 1879 1449 1939 gentem
1491 1869 1686 1921 Christi
1721 1868 1967 1922 ecclesiae
1998 1868 2247 1932 sociavit3
2285 1880 2338 1920 et
2368 1870 2676 1940 angelorum
2701 1872 2774 1924 in-

523 1963 693 2004 sertus
730 1951 905 2004 choris
942 1952 1088 2005 caelo
1130 1953 1376 2024 spiritum
1402 1951 1667 2017 reddidit,
1699 1961 1752 2003 et
1776 1950 2015 2022 sepultus
2041 1961 2118 2003 est
2142 1951 2200 2002 in
2229 1951 2441 2005 basilica
2465 1951 2772 2008 beati'Petri

525 2046 647 2088 ante
683 2046 1037 2086 secretarium.

593 2122 599 2127 ’
638 2118 755 2170 103.
795 2116 942 2183 Quid
977 2117 1198 2170 referam
1231 2116 1297 2171 de
1328 2116 1780 2170 Sabiniano'eius
1806 2130 2124 2179 successore,
2155 2117 2250 2187 qui
2275 2116 2552 2171 luminaria
2569 2118 2773 2172 addidit

523 2202 580 2253 in
617 2200 831 2254 ecclesia
867 2201 1006 2253 beati
1043 2201 1221 2253 Petri?
1255 2203 1320 2253 Et
1355 2200 1424 2254 de
1459 2201 1728 2254 Bonifacio
1747 2241 1761 2264 ,
1797 2201 1893 2271 qui
1929 2218 1959 2252 a
1994 2199 2173 2251 Phoca
2208 2217 2413 2252 caesare
2441 2202 2633 2254 meruit
2667 2204 2773 2273 pri-

521 2285 768 2355 vilegium
788 2325 802 2347 ,
833 2294 894 2336 ut
926 2303 1173 2336 romanae
1204 2285 1451 2337 ecclesiae
1482 2282 2059 2355 constantinopolitana
2082 2280 2435 2334 subiceretur?
2457 2284 2522 2334 Et
2547 2283 2679 2354 quid
2704 2283 2772 2336 de

522 2368 626 2420 alio
662 2367 931 2419 Bonifacio
956 2409 968 2432 ,
1010 2368 1104 2438 qui
1140 2367 1373 2420 obtinuit
1408 2387 1439 2420 a
1474 2369 1652 2420 Phoca
1689 2385 1894 2421 caesare
1925 2364 2041 2418 dari
2071 2364 2317 2417 ecclesiae
2350 2366 2449 2417 Dei
2482 2367 2775 2419 catholicae

519 2451 773 2522 templum
804 2451 1000 2502 Romae
1023 2492 1035 2515 ,
1071 2449 1219 2522 quod
1252 2450 1319 2502 ab
1347 2451 1579 2522 antiquis
1618 2450 1895 2517 Pantheon
1929 2448 2239 2502 dicebatur?
2264 2449 2329 2500 Et
2356 2447 2422 2500 de
2451 2449 2770 2514 Deusdedit,

525 2535 775 2606 episcopo
799 2574 812 2596 ‚
854 2533 949 2604 qui
979 2534 1146 2603 legem
1176 2533 1354 2604 posuit
1384 2533 1439 2585 in
1471 2534 1688 2586 ecclesia
1712 2533 1812 2586 sub
1847 2532 2272 2584 interminatione
2308 2532 2682 2603 separationiS,
2711 2545 2772 2585 ut

520 2617 668 2670 nulla
691 2617 879 2668 mulier
906 2615 1072 2667 filium
1095 2634 1247 2667 suum
1267 2615 1333 2668 de
1360 2615 1508 2668 fonte
1526 2617 1832 2687 susciperet,
1860 2616 2095 2669 similiter
2113 2616 2239 2668 etin
2257 2615 2775 2668 confirmationibus?

521 2703 588 2754 Et
624 2701 690 2754 de
725 2701 881 2754 tertio
917 2711 1037 2772 post
1068 2700 1282 2753 beatum
1313 2700 1631 2771 Gregorium
1660 2699 1931 2752 Bonifacio
1952 2739 1967 2763 ‚
2007 2700 2104 2771 qui
2127 2698 2229 2751 sub
2256 2699 2582 2751 anathemate
2618 2700 2774 2752 inter·

522 2784 683 2850 dixit,
718 2795 777 2836 ut
803 2784 981 2836 nullus
1009 2783 1200 2837 audeat
1229 2782 1431 2854 aliquid
1463 2801 1650 2855 rapere
1680 2781 1748 2835 de
1778 2783 2030 2835 ecclesia?
2062 2783 2128 2835 Et
2152 2781 2219 2853 de
2251 2782 2495 2847 Honorio
2524 2782 2637 2834 eius
2660 2801 2772 2835 suc-

520 2887 724 2923 cessore
747 2910 760 2931 ,
802 2869 898 2940 qui
934 2868 1157 2919 instituit
1193 2868 1337 2920 omni
1374 2867 1595 2920 sabbato
1626 2886 1657 2919 a
1699 2877 1884 2919 sancto
1921 2866 2219 2937 Apollinari
2254 2865 2461 2917 litanias
2499 2883 2667 2937 usque
2703 2864 2771 2917 ad

518 2964 756 3006 sanctum
794 2954 1008 3004 Petrum
1043 2950 1370 3022 procedere?
1404 2952 1470 3003 Et
1506 2950 1573 3003 de
1595 2949 1879 3013 severine,
1918 2950 2070 3002 cuius
2098 2948 2430 3019 temporibus
2466 2948 2569 3000 fuit
2605 2948 2774 3000 Hera-

518 3038 647 3089 clius
665 3035 1129 3097 christianissimus·
1147 3035 1450 3106 imperator,
1478 3034 1573 3105 qui
1602 3034 1837 3086 extincto
1855 3033 2092 3086 Chosroe
2110 3048 2324 3097 crucem
2352 3030 2771 3102 Hierosolymam

518 3119 844 3191 reportavit?
876 3118 942 3170 Et
967 3117 1033 3170 de
1056 3118 1293 3171 iohanne
1320 3118 1433 3170 eius
1468 3135 1766 3170 successore
1782 3156 1796 3179 ,
1837 3117 1933 3187 qui
1958 3114 2219 3168 distractis
2241 3115 2497 3167 thesauris
2522 3115 2771 3167 ecclesiae

518 3202 680 3254 multa
721 3202 862 3253 milia
897 3202 1171 3253 hominum
1215 3220 1312 3273 per
1355 3201 1559 3254 Istriam
1601 3211 1652 3253 et
1688 3199 1999 3252 Dalmatiam
2031 3217 2061 3250 a
2102 3197 2454 3250 barbarorum
2495 3196 2770 3249 dominatu

518 3285 788 3337 liberavit?
812 3285 878 3336 Et
913 3283 978 3336 de
1002 3284 1287 3337 Theodoro
1312 3283 1582 3356 pontifice,
1612 3284 1706 3355 qui
1732 3280 2119 3355 paenitentialis
2141 3280 2336 3332 librum
2360 3279 2657 3360 composuit
2682 3278 2771 3348 2)?

440 3457 442 3459 ,
518 3416 559 3453 in
575 3425 641 3453 sua
659 3414 801 3452 inedita
820 3414 973 3452 historia
994 3415 1236 3453 ecclesiastica
1257 3415 1339 3454 cod.
1364 3420 1437 3453 vat.
1464 3419 1572 3453 6104.
1594 3415 1730 3468 ἱ.,9ο9.
1753 3414 1791 3452 b.
1812 3418 1939 3451 narrat
1956 3412 2109 3461 periisse
2124 3412 2243 3450 saneti
2264 3410 2376 3448 huius
2400 3409 2586 3458 pontificis
2605 3420 2714 3458 opera
2732 3414 2767 3447 1.

519 3476 823 3513 Commentarios
837 3476 879 3511 in
896 3485 1023 3511 omnes
1041 3474 1157 3512 libros
1171 3486 1317 3523 requm.
1338 3479 1373 3512 2.
1393 3476 1700 3513 Commentarios
1715 3476 1757 3512 in
1764 3473 1992 3523 proverbia.
2008 3476 2045 3510 3.
2060 3471 2367 3509 Commentarios
2381 3470 2422 3506 in
2438 3463 2530 3507 XII.
2542 3469 2768 3516 prophetas.

517 3540 553 3572 4.
576 3539 632 3572 De
659 3534 866 3582 heptatico.
893 3534 971 3570 Iam
996 3533 1213 3581 heptaticus
1236 3534 1505 3582 intelligendus
1531 3539 1587 3572 est
1603 3533 1905 3582 heptateuchas,
1929 3540 1997 3580 pro
2022 3541 2122 3580 quo,
2146 3529 2256 3578 'quasi
2275 3539 2319 3567 ex
2342 3527 2485 3576 vulgari
2509 3532 2574 3565 aut
2596 3531 2768 3577 corrupta

512 3592 821 3642 pronunciatione
836 3621 847 3639 ‚
875 3592 1048 3630 scribitur
1071 3603 1198 3641 reapse
1219 3593 1438 3641 heptaticus
1461 3603 1484 3631 a
1508 3593 1688 3642 Gregorio
1714 3592 1755 3630 in
1780 3591 1936 3640 registro
1959 3590 2028 3629 lib.
2055 3591 2104 3626 11.
2123 3592 2184 3627 32.
2201 3593 2239 3626 et
2253 3587 2336 3625 Vll.
2356 3590 2419 3625 19.

601 3657 635 3698 1)
660 3652 752 3690 Heio
770 3651 890 3690 brevis
913 3650 1069 3689 adiectio
1092 3652 1150 3690 vel
1171 3652 1407 3701 interpolatio
1429 3657 1510 3691 erat
1531 3653 1572 3690 in
1596 3651 1723 3690 codice
1741 3656 1831 3697 vat,
1857 3660 1970 3697 quam
1993 3648 2075 3687 vide
2093 3648 2147 3687 als
2163 3647 2207 3685 in
2222 3646 2532 3695 Spicilegiorom.
2546 3645 2610 3683 cit.
2629 3655 2666 3693 p.
2680 3646 2767 3681 275.

519 3712 649 3759 Ibique
670 3711 812 3759 corrige
828 3710 878 3748 sis
902 3709 1138 3758 apostolum,
1164 3711 1281 3755 (idest
1297 3711 1383 3748 lect.
1402 3717 1475 3749 act.
1493 3716 1612 3759 apost.
1631 3709 1688 3748 vel
1703 3711 1811 3759 epist.
1830 3711 1973 3759 apost.)
1989 3719 2057 3758 pro
2082 3707 2260 3754 amplum
2269 3704 2529 3754 5fiactionem
2540 3714 2608 3753 pro
2620 3701 2766 3750 sactio-

514 3783 626 3817 nem;
648 3776 685 3808 et
711 3769 871 3818 denique
894 3779 932 3817 p.
958 3771 1040 3805 281.
1073 3768 1179 3817 leqat
1214 3780 1282 3817 pro
1307 3770 1440 3818 gripho
1467 3769 1734 3820 typographico
1759 3769 1881 3817 aleqt⁸¹

598 3832 634 3875 2)
659 3829 715 3867 De
741 3829 853 3866 huius
876 3827 1150 3877 paenitentialis
1163 3827 1252 3865 libri
1268 3829 1514 3877 ambiguitate
1526 3858 1536 3876 ‚
1564 3828 1684 3867 recole
1699 3838 1793 3877 quae
1809 3831 1880 3866 nos
1897 3827 2059 3865 diximus
2074 3826 2115 3864 in
2129 3823 2329 3874 Spicilegio
2343 3833 2438 3861 rom.
2451 3822 2497 3859 T.
2512 3821 2576 3859 vl.
2597 3829 2659 3868 pp.
2678 3821 2760 3879 138.

517 3894 554 3926 et
577 3892 661 3928 276.
687 3887 759 3928 Sed
783 3893 880 3927 certe
906 3885 1090 3926 Theodori
1107 3887 1138 3924 Ι.
1164 3897 1280 3936 papae
1305 3896 1438 3928 novam
1463 3888 1726 3944 epistolam-ex
1749 3886 1876 3928 codice
1900 3887 2045 3937 syriaco
2067 3890 2141 3924 vat.
2168 3882 2352 3924 edidimus
2379 3891 2448 3921 nos
2474 3881 2515 3920 in
2544 3878 2612 3918 hae
2635 3881 2763 3917 nostra
