2996 4432
538 239 596 283 10
1505 247 1564 279 nx
1600 239 1729 280 mano
1763 249 1814 280 n.

537 352 711 395 erasa,
755 343 814 385 ut
850 330 1067 384 ecclesia
1103 331 1260 383 variis
1295 331 1517 409 picturis
1552 334 1618 386 sit
1662 333 1938 395 decorata,
1979 344 2042 386 ut
2084 334 2267 406 lychni
2313 336 2656 407 laquearibus
2707 341 2800 395 de-

540 417 838 490 pendeant,
879 427 938 467 ut
974 414 1151 467 trabes
1188 433 1326 486 quae
1370 415 1617 486 imagines
1636 416 1924 469 sustinent
1970 417 2076 470 sint
2123 416 2397 489 depictae,
2438 431 2490 472 et
2533 433 2592 473 ut
2639 423 2805 476 altare

540 498 902 571 resplendeat,
953 510 1005 550 et
1049 509 1110 550 ut
1146 499 1411 569 evangelia
1447 518 1578 551 auro
1625 511 1679 551 et
1715 499 1927 569 gemmis
1971 500 2076 552 sint
2111 500 2399 565 radiantia,
2427 514 2492 578 et
2528 515 2589 555 ut
2626 506 2803 575 pallae

539 594 595 635 et
631 581 808 634 altaris
846 581 1152 633 linteamina
1192 581 1298 634 sint
1337 580 1593 644 candida,
1635 592 1687 633 et
1728 593 1789 633 ut
1829 580 2092 635 dominica
2128 602 2250 636 vasa
2288 585 2393 637 sint
2429 587 2678 656 pretiosa.

1345 666 1424 717 De
1459 665 1627 718 choro
1664 664 2000 717 clericorum.

660 750 738 801 18.
768 750 847 800 De
873 749 1037 800 choro
1064 747 1371 801 clericorum
1399 748 1470 799 ita
1494 748 1747 818 episcopo
1771 746 2065 810 curandum
2090 759 2168 800 est
2184 788 2198 810 ,
2226 760 2289 801 ut
2312 750 2369 801 in
2395 750 2559 803 choro
2586 770 2696 804 non
2723 770 2805 803 as-

544 834 692 884 sistat
727 832 823 903 qui
860 842 951 882 aut
986 830 1123 883 bene
1159 829 1382 901 legendo
1420 840 1513 881 aut
1549 829 1684 881 bene
1730 828 2006 900 psallendo
2050 847 2160 881 non
2207 830 2444 885 aedificet
2485 833 2791 886 audientes:

548 934 686 986 quos
722 914 867 966 victu
905 924 957 965 et
992 913 1182 965 vestitu
1221 931 1333 964 non
1377 913 1610 983 patiatur
1651 930 1834 983 egere,
1875 911 1968 965 sed
2003 931 2100 983 per
2143 931 2492 968 oeconomum
2539 918 2682 989 larga
2728 919 2808 970 eis

547 997 807 1070 stipendia
844 996 1220 1049 subministret.
1249 996 1430 1066 Turpe
1468 1007 1545 1048 est
1580 995 1719 1048 enim
1745 995 2055 1067 episcopum
2087 994 2284 1050 divitiis
2319 999 2568 1064 affluere,
2606 1013 2657 1053 et
2694 1002 2797 1053 cle-

552 1102 664 1134 rum
703 1100 955 1133 miserum
993 1099 1162 1151 egere.

783 1163 945 1229 Quod
981 1164 1259 1234 episcopus
1293 1161 1560 1213 sacculum
1597 1161 1664 1214 de
1699 1161 1949 1233 turpibus
1986 1162 2145 1215 lucris
2181 1181 2292 1215 non
2329 1163 2560 1235 impleat.

663 1269 739 1319 ¹9·
771 1248 1000 1299 Caveant
1025 1265 1149 1317 ergo
1174 1245 1407 1316 episcopi·
1429 1263 1497 1297 ne
1520 1244 1768 1316 turpibus
1793 1245 1954 1297 lucris
1978 1245 2243 1297 sacculum
2269 1245 2369 1297 sibi
2393 1247 2556 1299 velint
2577 1247 2797 1313 ,farcire3

550 1332 681 1383 illud
706 1330 976 1383 audientes
1001 1329 1155 1400 primi
1180 1329 1371 1381 Leonis
1395 1329 1713 1400 capitulum:
1752 1347 1861 1381 non
1894 1328 2015 1382 licet
2050 1329 2303 1401 episcopo
2333 1348 2363 1382 a
2388 1332 2716 1384 monasteriis
2753 1345 2811 1385 et

550 1435 579 1466 a
605 1415 704 1485 piis
729 1413 855 1465 locis
887 1430 984 1464 nec
1021 1431 1051 1463 a
1088 1411 1336 1463 subiectis
1374 1411 1574 1464 clericis
1610 1413 1910 1466 exactiones
1947 1412 2228 1483 exquirere
2265 1414 2415 1484 quasi
2452 1414 2553 1466 sub
2591 1417 2811 1468 nomine·
2867 1411 2894 1442 ”

554 1497 900 1568 pensionum,
930 1513 1028 1547 nec
1065 1496 1120 1547 in
1157 1495 1381 1565 angariis
1416 1495 1723 1561 sollicitare;
1753 1494 1844 1548 sed
1880 1495 2024 1548 velut
2059 1495 2180 1567 pius
2208 1507 2389 1567 pastor
2415 1516 2514 1568 pro
2552 1498 2808 1550 omnibus

553 1600 664 1632 esse
701 1580 1010 1642 sollicitum,
1052 1591 1112 1631 ut
1136 1598 1261 1631 oves
1286 1579 1386 1631 sibi
1410 1580 1710 1632 commissae
1736 1580 1803 1631 ab
1829 1579 1919 1632 illo
1944 1590 2228 1651 pascantur
2253 1590 2305 1632 et
2335 1599 2447 1633 non
2477 1580 2802 1652 depraeden-

549 1678 668 1727 tur3
709 1661 840 1714 illud
877 1660 1083 1713 assidue
1115 1662 1466 1732 recogitantes
1495 1663 1856 1735 apostolorum
1900 1663 2151 1735 principis
2183 1661 2251 1715 ad
2284 1663 2561 1756 episcopos
2591 1684 2804 1736 praece·
2880 1729 2882 1731 ,

552 1760 730 1819 ptum:
761 1746 969 1817 pascite
1003 1746 1099 1817 qai
1136 1746 1195 1797 in
1233 1746 1369 1797 vobis
1405 1756 1480 1796 est
1510 1764 1711 1816 gregem
1736 1746 1998 1807 Domini,
2033 1765 2144 1800 non
2169 1746 2329 1817 quasi
2352 1745 2758 1799 dominatores
2738 1768 2818 1817 ιηΥ

552 1832 715 1893 clerc,
760 1829 852 1881 sed
864 1831 1056 1898 forma
1073 1830 1224 1899 faeti
1254 1844 1369 1900 gre„
1348 1829 1438 1881 is.
1483 1829 1548 1879 Et
1583 1827 1776 1879 Paulus
1806 1828 2016 1881 divinus
2048 1829 2316 1899 apostolus
2349 1830 2487 1882 inter
2523 1842 2693 1883 cetera
2723 1832 2798 1884 sic

555 1914 763 1966 scribit.
804 1932 913 1964 non
947 1912 1132 1963 debent
1170 1912 1529 1964 thesaurizare
1549 1910 1674 1981 filii
1700 1912 2048 1982 parentibus,
2086 1912 2180 1964 sed
2206 1925 2528 1984 parentesc
2473 1914 2642 1984 filiis.
2681 1913 2807 1966 Scio

555 1996 841 2048 nonnullos
867 1995 1032 2047 nostri
1058 1994 1260 2046 ordinis
1277 2035 1290 2058 ‚
1318 1995 1413 2065 qui
1438 1995 1537 2047 sub
1563 2005 1840 2066 praetextu
1867 1994 2133 2064 religionis
2162 1995 2233 2047 ita
2259 1996 2505 2066 affligunt
2533 1995 2797 2062 subditos,

555 2092 615 2130 ut
653 2098 819 2150 paene
852 2078 1077 2130 nudatos
1111 2078 1473 2141 facultatibus,
1506 2077 1572 2130 ad
1604 2077 1791 2149 stipem
1819 2076 2084 2148 publicam
2118 2079 2402 2147 petendam
2438 2092 2709 2149 oporteat,
2745 2081 2798 2132 li-

555 2175 637 2214 cet
673 2162 983 2214 erubescant
1003 2202 1017 2224 ,
1048 2162 1289 2213 transire.
1330 2162 1400 2213 Hi
1437 2161 1599 2213 veluti
1632 2160 1748 2231 lupi
1782 2159 2008 2212 Arabiae
2044 2179 2156 2212 non
2185 2161 2494 2231 aspicientes
2526 2162 2594 2215 ad
2624 2175 2804 2216 ortum·

556 2246 702 2304 solis,
725 2245 1171 2316 possessiunculas
1194 2243 1440 2296 ecclesiae
1465 2256 1515 2297 et
1540 2244 1732 2296 Christi
1762 2242 1929 2306 dona,
1959 2242 2191 2296 fidelium
2217 2255 2339 2297 vota
2364 2245 2681 2310 animarum,
2711 2247 2809 2300 cle·

555 2330 675 2380 ricis
709 2328 982 2392 auferunt,
1020 2347 1116 2398 per
1141 2326 1395 2400 quasdam
1424 2328 1717 2380 novitatum
1744 2328 1996 2381 vanitates
2013 2369 2026 2393 ,
2061 2346 2192 2399 quas
2218 2328 2430 2399 palliata
2454 2330 2647 2382 iustitia
2673 2350 2807 2383 com·
2861 2395 2866 2402 Ι

555 2422 885 2473 mentantur,
915 2411 1167 2462 laicorum
1198 2410 1316 2462 freti
1346 2403 1613 2462 adiutorio
1632 2452 1644 2474 ‚
1674 2430 1792 2463 cum
1819 2410 2015 2481 quibus
2045 2411 2187 2463 velut
2217 2411 2617 2482 triumphantes
2635 2414 2802 2484 spolia

511 2499 513 2501 ’
556 2494 814 2546 dividunt.
855 2495 921 2545 Et
954 2492 1130 2546 videas
1169 2512 1259 2546 eos
1294 2492 1509 2546 tumidis
1544 2493 1763 2547 vocibus
1805 2493 2109 2565 rabidisque
2153 2494 2406 2549 conviciis
2447 2495 2504 2546 in
2540 2495 2811 2550 subiectos

555 2579 655 2629 sibi
687 2579 903 2630 clericos
937 2578 1081 2629 velut
1111 2578 1299 2650 lupum
1330 2577 1465 2630 inter
1495 2576 1727 2630 oviculas
1754 2577 2005 2641 fremere,
2039 2587 2096 2628 ut
2128 2576 2271 2630 dicas
2301 2596 2416 2641 eOS,
2451 2579 2494 2630 si
2526 2597 2637 2631 non
2682 2598 2803 2651 cog-

557 2680 826 2724 noscereS,
866 2661 1053 2712 thracii
1086 2662 1220 2730 regis
1257 2679 1365 2713 esse
1402 2679 1697 2731 germanOS.

913 2743 1075 2809 Quod
1111 2744 1363 2815 episcopo
1400 2743 1606 2796 assidue
1643 2744 1709 2795 sit
1745 2741 2005 2795 orandum
2041 2753 2093 2794 et
2128 2741 2426 2812 legendum.

661 2847 743 2879 20.
777 2829 854 2879 De
886 2827 1092 2879 assidua
1124 2846 1250 2880 vero
1287 2827 1526 2879 oratione
1557 2825 1690 2898 quid
1725 2826 1870 2879 aliud
1907 2826 2167 2898 episcopis
2195 2824 2526 2878 sentiendum
2556 2839 2633 2879 est
2652 2867 2666 2890 ‚
2703 2828 2804 2880 nisi

555 2911 702 2980 quod
734 2911 990 2962 Dominus
1021 2911 1077 2962 in
1111 2912 1379 2982 evangelio
1406 2903 1693 2982 discipulos
1717 2909 1966 2962 admonet
1990 2908 2198 2974 dicens:
2234 2909 2442 2981 vigilate
2466 2920 2515 2961 et
2544 2921 2713 2972 orate,
2745 2923 2806 2963 at

557 3014 665 3045 non
706 2993 911 3047 intretis
949 2995 1007 3045 in
1035 2995 1454 3065 temptationem.
1485 2994 1592 3060 Qui
1619 2995 1761 3047 enim
1786 2994 1904 3046 vult
1928 2992 2296 3064 temptationes
2327 2991 2547 3046 evadere
2573 2993 2801 3056 inimici,

556 3077 759 3145 vigilet,
794 3088 844 3128 et
885 3078 1027 3129 velut
1064 3078 1120 3128 in
1162 3078 1341 3129 castris
1375 3078 1594 3149 positus
1621 3077 1874 3129 orationis
1909 3076 2072 3128 fultus
2106 3074 2402 3141 adiutoriO,
2442 3076 2802 3147 municipatus

557 3160 637 3209 sui
664 3160 777 3216 iura
803 3158 1064 3211 defendat.
1096 3160 1233 3225 Quis
1263 3161 1404 3212 enim
1435 3179 1689 3231 umquam
1714 3160 1820 3213 suis
1850 3159 2078 3224 viribus,
2112 3159 2214 3211 nisi
2246 3159 2409 3229 gratia
2440 3159 2538 3211 Dei
2561 3157 2799 3222 adiutus,

557 3242 727 3316 callidi
764 3244 929 3295 hostis
960 3245 1214 3297 sustinere
1241 3245 1437 3315 poterit
1461 3243 1714 3297 insidias?
1738 3243 1892 3296 Unde
1918 3246 2068 3295 iuxta
2091 3241 2222 3295 illud
2247 3242 2472 3313 apostoli
2507 3242 2619 3295 sine
2648 3243 2804 3295 inter-

284 3342 505 3372 co‹l.s.1-'1.'b.
555 3325 798 3376 missione
836 3326 1094 3378 orandum
1127 3339 1222 3380 est.
1265 3328 1329 3380 Et
1359 3328 1492 3399 quid
1531 3328 1718 3380 diebus
1758 3347 1818 3380 ac
1848 3328 2094 3386 noctibus
2129 3325 2392 3379 orandum
2422 3337 2530 3389 est,
2573 3326 2673 3379 nisi
2703 3338 2797 3390 ut,

556 3408 675 3477 fuga
701 3419 878 3459 nostra
902 3428 1011 3460 non
1036 3409 1125 3462 fiat
1151 3411 1318 3463 hieme
1337 3411 1419 3463 vel
1444 3411 1702 3464 sabbato?
1728 3412 1787 3462 Et
1810 3411 1932 3463 licet
1955 3409 2203 3462 omnibus
2226 3409 2372 3461 horis
2405 3407 2666 3462 orandum
2700 3409 2798 3472 sit,

559 3503 681 3542 sunt
706 3503 880 3543 tamen
906 3493 1066 3545 horae
1102 3492 1169 3546 ad
1202 3493 1463 3547 orandum
1499 3487 1900 3557 determinatae,
1934 3486 2071 3564 quae
2101 3511 2212 3544 non
2243 3491 2411 3544 solum
2443 3491 2511 3543 ab
2540 3491 2805 3563 episcopis

558 3573 647 3625 sed
683 3575 835 3626 etiam
864 3575 928 3626 ab
959 3576 1203 3628 omnibus
1230 3578 1523 3631 christianis
1556 3588 1680 3629 sunt
1708 3574 2101 3647 suscipiendae,
2130 3586 2192 3627 ut
2224 3585 2302 3627 est
2329 3573 2699 3645 vespertinalis¹
2716 3591 2803 3644 sy-

556 3657 730 3719 naxis,
760 3658 908 3709 iuxta
937 3658 1069 3708 illud
1094 3660 1406 3728 psalmistae:
1435 3660 1649 3713 elevatio
1676 3678 1940 3712 manuam
1967 3678 2229 3722 mearam,
2261 3658 2587 3727 sacrficium
2611 3650 2802 3727 vesper·

559 3741 754 3791 tineam.
796 3742 861 3792 Et
897 3752 1184 3793 nocturnae
1210 3743 1440 3814 vigiliae,
1481 3745 1627 3796 iuxta
1657 3742 1818 3796 illud:
1857 3742 2032 3796 media
2068 3753 2219 3795 nocte
2251 3741 2524 3814 surgebam
2549 3739 2625 3799 ad
2643 3740 2805 3809 confi·

559 3824 774 3875 twedam
804 3823 918 3875 tibi.
950 3823 1013 3874 Et
1036 3824 1355 3878 matutinalis
1383 3827 1627 3897 synaxi5‚
1669 3827 1725 3877 in
1762 3845 1869 3896 qua
1901 3825 2146 3879 dominus
2180 3826 2326 3878 Iesus
2357 3823 2598 3877 Christus
2626 3839 2814 3875 Γιὶειπ»ι
