2996 4432
242 1582 275 1610 B.
298 1581 318 1611 r.
335 1549 434 1611 ⁵:2²1).

421 3658 438 3667 -v

304 3690 339 3718 A.
360 3690 381 3719 f.
395 3668 451 3719 ’752

480 235 572 283 1722

478 334 650 398 ματων,
703 327 812 395 ἐκχὲε
800 350 907 387 ντες
959 325 1086 383 αὐτας
1139 326 1206 377 δια
1258 332 1326 378 τοῦ
1372 325 1578 390 βλάπτειν

438 427 441 430 ’
473 426 563 459 τους
606 421 931 469 συναγομενους,
975 421 1095 454 αντος
1130 400 1295 468 ὦφιλῶν
1332 404 1488 465 μᾶλλον
1531 397 1575 448 δε

473 477 672 546 ζωοσςοιῶν
710 494 801 528 τους
841 466 1189 556 ωροκαλουμενους
1194 508 1209 528 ,
1255 493 1320 519 ουκ
1356 470 1400 527 ἐξ
1445 468 1594 533 αἷμοέ·-·γ

474 565 553 596 των
591 545 685 593 ἀλλ’
730 544 771 600 ἐξ
813 538 1048 598 ἀθανασίας
1088 537 1251 607 συνάγει
1290 538 1431 596 αὐτοὺς
1451 578 1466 601 .,
1501 560 1577 590 των

474 619 762 682 προσηγοριῶν
786 615 915 665 αὐτῶν
959 609 1202 677 μεμνημένος
1223 649 1237 670 .,
1283 614 1358 676 οὐχ
1400 613 1443 668 ἐξ
1487 612 1578 660 ε’ωι-

473 689 599 742 πολῆς
619 723 634 744 .,
666 687 758 735 ἀλλ’
791 686 831 732 ἐκ
862 681 1078 738 διαθέσεως
1108 679 1286 744 βάθος
1272 702 1461 746 εχουσης;
1494 685 1578 730 Λε-

474 753 635 811 λέξεται
677 779 745 806 και
782 756 919 811 ουτως·
959 754 994 804 εἷ
1029 776 1112 803 και.
1136 750 1278 805 πολλοι
1322 750 1580 803 ἀπεκτάνθη-

476 846 554 878 σαν
591 848 791 896 ωροφηται
834 848 899 875 και
941 822 1196 883 ἀσὸστολοι,
1237 819 1476 911 1ἐκχυθέντος
1513 825 1582 872 τοῦ

474 901 651 962 αἵματος
682 900 848 956 αὐτων,
881 897 969 947 ἀλλ
1000 898 1066 945 οὐκ
1103 898 1142 944 ἐν
1179 916 1326 949 τουτοις
1357 897 1440 948 τοῖς
1477 898 1580 943 πολ-

475 972 560 1025 λοῖς
601 990 772 1033 αιμασιν
813 965 988 1059 συναξωη
1011 988 1086 1022 τας
1130 962 1392 1045 συναγωγὰς
1412 965 1579 1022 αὐτων,

476 1041 570 1089 ἀλλ
617 1039 643 1092 ἦ
682 1038 785 1104 μόνῳ
837 1036 893 1088 ἔνι
945 1039 1089 1100 αιματι
1137 1040 1261 1100 ἀμνοῦ
1307 1031 1468 1098 ἀμωμου
1515 1055 1580 1081 και

475 1104 647 1163 ασπιλου
679 1113 869 1178 Χριστοῦ·
907 1112 1020 1160 τοῦτο
1049 1129 1126 1174 γαρ
1157 1127 1252 1171 τιμη
1282 1102 1474 1163 δέδοται,
1513 1125 1582 1153 ινα

477 1185 732 1250 λυτρωθῶσιν
771 1185 811 1229 ἐκ
854 1203 931 1236 της
951 1200 1161 1269 Ηματαιοις
1214 1170 1583 1261 σατροωαραόἇτου

477 1256 605 1304 αὐτων
628 1255 894 1319 ἀναστροφῆς
921 1267 997 1299 των
1029 1250 1127 1297 οὕτω
1151 1243 1455 1334 λελυτρωμένων
1477 1267 1583 1310 μεμ-

477 1344 639 1375 νησεται
684 1325 728 1371 οὐ
774 1324 950 1389 ωροφορᾷ
990 1316 1097 1384 μένῃ
1145 1314 1255 1367 ἀλλα
1297 1314 1453 1380 βαθείᾳ
1489 1338 1582 1367 νοη-

481 1417 559 1445 σει.

548 1538 600 1586 Ὁ
631 1533 728 1584 θεον
762 1535 900 1598 ἔχων,
932 1529 1125 1619 ἅρμονιως
1156 1553 1220 1580 και
1255 1552 1310 1580 τα
1339 1533 1472 1618 αὐτοῦ’,
1487 1532 1579 1587 ἕξει·

478 1609 621 1655 οθεν”
600 1630 619 1655 ο
654 1627 720 1656 τον
750 1624 872 1673 κυριον
903 1600 1047 1691 μεριδα
1073 1606 1148 1657 τῆς
1171 1608 1285 1669 κληρε
1289 1623 1428 1665 νομιας
1454 1600 1583 1666 ἔχων,
1613 1626 1618 1635 ’

476 1701 544 1726 και
580 1698 655 1727 των
687 1676 810 1726 αντοῧ
841 1671 1061 1727 ἀπολαυσει
1098 1671 1239 1739 λέγων·
1274 1670 1325 1722 σὺ
1356 1677 1390 1722 εἰ
1421 1672 1442 1721 o‘
1475 1676 1586 1723 ἆωο-

476 1751 686 1799 καθιστῶν
719 1768 790 1799 την
821 1742 1078 1829 κληρονομιαν
1110 1767 1184 1808 μου
1219 1740 1317 1807 ἐμοι·
1343 1766 1370 1795 η
1391 1746 1455 1791 οὐκ
1488 1746 1585 1795 ἀπο-

477 1809 700 1876 καθῖςησιν
732 1840 884 1869 ταυτην
914 1837 1096 1884 φασκων,
1130 1818 1242 1864 ὂεῧτε
1271 1812 1587 1901 κληρονομήσατε

479 1910 549 1941 την
573 1886 864 1954 ητοιμασμένην
895 1891 990 1952 υμῖν
1010 1883 1209 1954 (μεριδα).·,
1230 1881 1360 1952 Μερις
1385 1908 1460 1948 μου
1485 1908 1517 1934 ει
1546 1887 1586 1934 ἐν

478 1965 530 2025 γῇ
562 1959 730 2017 ζωντων·
770 1964 845 2014 τῆς
878 1961 1001 2013 οὕτως
1025 1959 1299 2020 πνευματικῆς
1331 1954 1587 2022 κληρονομιας

434 2097 439 2099 ξ
481 2052 577 2096 προς
604 2034 723 2081 ἀνοιλε
711 2027 822 2097 γῖαν
847 2051 997 2085 πιςεως
1028 2050 1092 2077 και
1120 2027 1282 2094 οἷριστου
1312 2023 1403 2086 βιου
1434 2025 1587 2092 διδομε-

481 2123 549 2158 νης
589 2125 670 2159 τοις
705 2099 988 2188 κληρονόμοις,
1028 2095 1182 2154 εἰκότως
1218 2095 1474 2150 εἰσενήνεκται
1507 2122 1585 2157 το,

483 2196 643 2236 σχοινια
676 2170 866 2224 ἐπεπεσεν
897 2193 960 2234 μοι
987 2173 1026 2219 ἐν
1051 2193 1092 2220 τε
1099 2193 1136 2225 ις
1168 2167 1401 2234 κρατίστοις·
1437 2156 1590 2233 συμβο-

482 2249 549 2293 λον
574 2242 616 2293 ὂε
640 2242 779 2309 με’τρου
802 2265 870 2290 και
894 2238 1036 2309 κληρου
1061 2263 1104 2291 το
1133 2261 1280 2303 σχοινιο
1286 2259 1319 2287 ν·
1345 2239 1479 2302 ἀμέλει
1499 2245 1589 2330 γοῦν

482 2337 546 2362 κοιι
587 2337 660 2368 της
693 2317 894 2367 οιισθητῆς
926 2334 1024 2377 γης..
1060 2313 1112 2365 εἷς
1141 2332 1188 2363 ην
1222 2306 1475 2374 εισηχθησαν
1515 2309 1588 2362 ὑπο

483 2386 615 2436 Ιησοῧ
648 2406 717 2432 του
747 2387 873 2434 Now-n
905 2383 938 2431 οἶ
964 2385 1167 2448 Ἑβραιοι,
1192 2378 1459 2448 μεριζομενης
1494 2405 1542 2432 πο
1527 2387 1590 2430 λ-

483 2454 598 2510 λακις
635 2452 953 2541 ἀναγέγραπται·
996 2453 1140 2504 ἐ’πεσεν
1178 2449 1219 2499 δὲ
1257 2472 1325 2499 το
1335 2473 1508 2515 σχοινιον
1542 2456 1591 2519 τῇ

485 2529 586 2592 (ρυλῃ
618 2522 798 2574 Ἰουόοι
783 2548 808 2576 η
843 2520 1048 2585 Ῥουβιν’
1030 2546 1055 2575 η
1088 2519 1191 2590 ἑτερο
1175 2544 1217 2570 υ
1254 2543 1360 2577 τινος
1397 2544 1474 2573 των
1511 2522 1591 2572 δώ-

485 2600 578 2645 δεκα
611 2593 679 2647 ἐπι
717 2593 805 2646 τάδε
845 2617 887 2644 το
924 2591 1051 2658 κλίμα
1088 2615 1132 2642 το
1171 2589 1406 2643 οἷνατολικον
1422 2589 1590 2677 φέρε
1564 2619 1591 2647 η

482 2666 585 2716 ἄλλο
617 2687 725 2732 παρα
757 2670 887 2717 τουτο·
923 2686 1067 2715 τουτων
1098 2661 1175 2714 ὡόε
1209 2661 1536 2730 τεθεωρημενων,
1571 2665 1590 2714 ὅ

482 2735 607 2802 λεγων
641 2758 802 2800 σχοινιοι
836 2732 1035 2787 ἐπέπεσεν
1058 2758 1124 2798 μοι
1156 2755 1199 2783 εν
1232 2758 1271 2785 το
1270 2738 1314 2790 ’ῖς
1339 2757 1588 2802 κρατιστοις,

484 2830 723 2890 παριστησιν
755 2808 806 2862 ὧς
840 2804 988 2872 οἷγαθᾶ
1025 2806 1136 2871 αυτῷ
1171 2805 1368 2886 ε’μερισθη
1389 2844 1402 2862 ,
1443 2808 1502 2862 εἷς
1539 2828 1593 2858 τοι

470 2876 678 2943 ’κρατιστα
712 2882 783 2933 τῆς
814 2874 1076 2944 κληρονομιας
1110 2857 1283 2926 ε’λθοντο
1268 2901 1308 2932 ς
1346 2899 1386 2926 τε
1392 2901 1414 2925 υ
1449 2876 1593 2944 κλῆρου

484 2951 624 2999 αὐτοῦ·
663 2971 706 2998 ον
745 2952 858 3001 δηλοι
893 2946 963 2998 δια
1005 2952 1079 2997 τῶν
1124 2969 1399 3010 πνευματικων
1444 2971 1592 2999 τουτων

476 3041 748 3088 ,γεωμετρικων
787 3043 861 3084 0·χῦ
845 3037 983 3069 ινιων
1025 3041 1066 3068 τί
1071 3041 1174 3068 ίῦυΐθ
1210 3041 1285 3082 CXC
1291 3039 1384 3068 ἰνίον
1427 3017 1595 3085 ἄγγελδς

488 3111 531 3138 εν
565 3113 615 3156 τῃ
648 3114 750 3158 χειρι
784 3094 911 3139 αὐτοῦ
939 3088 1124 3153 κατέχων
1158 3090 1276 3154 ὤφθη
1315 3088 1509 3156 Ζαχαρία
1540 3094 1596 3154 τῷ

486 3182 658 3228 προφητῃ
695 3159 763 3212 ἐπι
802 3165 859 3225 τῷ
893 3164 1088 3227 μετρῆσαι
1125 3159 1247 3212 πέσον
1285 3184 1330 3211 το
1368 3165 1465 3225 μῆκο
1471 3184 1488 3216 ς
1524 3183 1593 3209 και

487 3229 642 3286 πλάτος
673 3236 748 3286 τῆς
773 3234 964 3286 οἷληθινης
987 3235 1083 3296 Ἱερο
1086 3231 1264 3294 υσαλημ.
1287 3229 1368 3287 Οις
1393 3229 1595 3284 ἐπενηνεκ-

489 3322 575 3350 ται.
614 3325 631 3345 α
660 3301 746 3351 Καὶ
779 3300 856 3389 γάρ
886 3305 913 3354 ἦ
941 3301 1175 3366 κληρονομία
1205 3325 1280 3366 μου
1310 3300 1506 3367 κρατίστη
1532 3299 1596 3364 μοί

491 3372 616 3421 ἐστιν.
647 3395 665 3416 >³
712 3370 936 3435 Σημαῖνει,
979 3371 1142 3430 α’ληθῶς
1183 3396 1208 3424 η
1249 3371 1482 3439 κληρονομία
1523 3395 1597 3459 μου

492 3439 696 3531 τυγχάνει·
734 3465 842 3491 κατα
878 3447 1028 3502 τοῦτο,
1063 3466 1107 3494 το
1142 3443 1427 3507 ’σημαινόμενον
1460 3465 1597 3510 κρατι-

490 3534 585 3568 στος
620 3536 669 3565 ην
709 3513 730 3562 ὅ
767 3510 934 3581 Θεοφιλο
940 3537 958 3569 ς
996 3512 1028 3578 ᾡ
1062 3536 1200 3583 γραφει
1232 3519 1392 3570 Λουκας
1423 3514 1443 3563 ὂ
1476 3516 1598 3580 εὐαγ-

488 3583 693 3648 γελιστης-

564 3651 785 3721 Εὐλογησω
830 3652 896 3704 τον
940 3652 1062 3720 κύριον
1107 3655 1174 3705 τον
1221 3654 1489 3707 συνετῖσοιντοῖ
1530 3678 1597 3719 με·

505 3750 524 3770 »
563 3724 622 3775 ἔτι
654 3723 701 3775 δὲ
731 3723 799 3775 καὶ
833 3727 905 3779 ἕως
938 3723 1075 3781 νυκτος
1109 3724 1349 3778 ἐπαίδευσαν
1387 3749 1436 3791 με
1468 3727 1502 3776 οἷ
1535 3749 1601 3775 νε-

507 3820 525 3840 »
563 3795 645 3865 eppei
685 3819 759 3861 μου
787 3820 826 3845 n.
870 3793 1066 3851 Συνὲσεως
1107 3795 1257 3846 θεέθεν
1294 3797 1453 3862 τυχὼν,
1491 3799 1605 3846 οἷλλά

1794 218 1814 237 6

1528 242 1689 276 1)le

1649 329 1850 386 guinibus
1869 334 2146 386 congregant,
2169 330 2300 372 immo
2319 329 2462 386 potius
2480 328 2750 386 dispergunt,

1649 407 1876 459 propterea
1896 402 2026 468 quod‘
2035 406 2318 458 congregatos
2341 400 2505 444 damnis
2527 402 2751 457 adficiunt,

1650 478 1754 518 n'um
1777 475 1963 531 inquam
1980 476 2094 518 Deus
2124 475 2276 517 iuvans
2295 475 2440 530 potius
2462 478 2506 517 et
2531 472 2753 531 vivificans

1651 557 1763 600 quos
1793 546 1848 589 ad
1877 558 1922 589 se
1955 533 2138 598 advocat
2154 578 2166 601 ,
2188 559 2278 589 non
2302 558 2353 588 ex
2378 544 2652 600 sanguinibus
2674 544 2752 588 sed

1652 628 1704 659 ex
1742 616 2058 661 immortalitate
2088 619 2187 662 illos
2221 620 2454 673 congregat
2475 647 2487 671 ‚
2527 616 2749 658 nominum

1651 699 1801 730 eorum
1827 699 2019 742 memor3
2048 701 2128 732 nec
2160 688 2449 745 superficiaria
2474 687 2641 730 ratione
2670 685 2748 729 ser}

1652 757 1740 801 alto
1758 757 1887 801 animi
1907 758 2064 802 affectu
2077 760 2099 802 ‘2
2114 759 2195 803 Sed
2215 764 2259 803 et
2278 759 2360 802 alio
2385 757 2517 802 modo
2543 757 2748 812 explana-

1650 841 1699 873 re
1718 829 1876 872 licebit.
1897 830 2068 874 Etiamsi
2091 831 2216 874 multi
2240 832 2368 874 occisi
2392 835 2490 874 sunt
2513 822 2753 885 prophetae·

1652 904 1782 956 atque
1815 901 2024 956 apostoli,
2057 902 2262 956 sanguine
2289 903 2483 958 ipsorum
2508 902 2604 943 fuso
2623 914 2640 954 ;‹
2668 913 2752 942 ne-

1653 983 1870 1027 quaquam
1885 976 2026 1015 tamen
2050 972 2107 1015 ob
2135 973 2289 1016 horum
2309 974 2561 1028 sanguinum
2580 972 2750 1026 copiam

1653 1042 1926 1096 congregabo
1943 1042 2241 1086 conventicula
2257 1056 2405 1086 eorum
2419 1074 2431 1098 ‚
2451 1038 2526 1085 sed
2544 1042 2601 1084 ob
2617 1054 2753 1084 unum

1654 1116 1821 1155 tantum
1841 1113 1940 1167 agni
1968 1114 2228 1156 immaculati
2249 1118 2292 1156 et
2311 1113 2461 1156 mundi
2480 1113 2635 1156 Christi
2656 1124 2753 1154 san·
2789 1156 2794 1158 ,

1655 1184 1842 1238 guinem.
1876 1185 1956 1227 Hic
1986 1185 2098 1232 enim
2133 1184 2258 1227 datus
2290 1188 2355 1227 est
2385 1185 2430 1227 in
2458 1185 2643 1239 pretium
2660 1214 2672 1237 ‚
2706 1186 2756 1225 ut

1654 1256 1965 1299 redimerentur
2001 1269 2053 1298 ex
2084 1256 2279 1311 ipsorum
2310 1254 2469 1298 tradita
2503 1267 2529 1296 a
2561 1254 2758 1309 patribus

1654 1327 1773 1370 inani
1799 1328 2134 1380 conversatione.
2155 1326 2493 1382 Redemptorum
2510 1325 2756 1367 huiusmodi

1655 1412 1821 1443 memor
1849 1400 1931 1442 erit
1952 1399 2268 1442 non'e'xteriore
2298 1401 2466 1452 tantum
2495 1396 2754 1453 pronuncia-

1655 1471 1773 1514 tione
1793 1503 1804 1525 ‚
1831 1473 1906 1515 sed
1934 1472 2081 1515 intima
2114 1471 2388 1526 cogitatione.

1717 1544 1800 1597 Qui
1828 1545 1966 1586 Deum
1995 1542 2152 1595 habet,
2186 1532 2473 1585 consonanter
2495 1540 2623 1583 ctiam
2649 1549 2764 1594 quae

1658 1618 1757 1657 suut
1779 1614 1894 1656 illius
1913 1613 2104 1656 habebit.
2128 1612 2412 1666 Quamobrem
2433 1612 2510 1667 qui
2528 1611 2660 1653 habet
2678 1611 2762 1652 Do-

1657 1686 1821 1728 minum
1839 1690 2003 1741 partem
2020 1683 2269 1727 hereditatis
2289 1695 2412 1736 suae,
2432 1683 2559 1725 bonis
2583 1694 2773 1737 quoque*
2823 1721 2824 1725 ,

1657 1757 1770 1800 illius
1799 1757 1993 1811 fruetur,
2027 1756 2252 1810 dicetque:
2286 1759 2335 1797 tu
2366 1767 2436 1809 es,
2470 1755 2544 1808 qui
2573 1753 2760 1795 restituis

1660 1827 1939 1871 hereditatem
1959 1839 2098 1869 meam
2119 1826 2239 1869 mihi.
2263 1827 2413 1873 Nonne
2434 1825 2632 1867 videlieet
2651 1825 2760 1866 hanc

1660 1900 1700 1943 ei
1721 1901 1929 1954 restituit,
1956 1900 2032 1955 qui
2051 1901 2136 1941 ait:
2162 1897 2307 1951 venite
2327 1895 2539 1953 possidete
2567 1886 2758 1951 paratam

1660 1972 1785 2014 vobis
1807 1971 2080 2027 portionem?
2105 1972 2210 2012 Pars
2232 1981 2328 2011 mea
2354 1973 2405 2012 tu
2426 1981 2478 2011 es·
2492 1968 2537 2014 in
2562 1972 2674 2010 terra
2697 1967 2764 2008 vi·-

1662 2045 1871 2086 ventium.
1887 2044 1980 2085 Hac
1994 2043 2140 2097 itaque
2154 2040 2336 2097 spiritali
2347 2039 2579 2082 hereditate
2599 2037 2767 2081 heredi-

1663 2114 1743 2157 bus
1762 2114 1859 2157 data
1872 2145 1883 2167 ‚
1904 2113 1962 2156 ob
1975 2112 2080 2155 'fidei
2102 2117 2145 2154 et
2164 2111 2352 2167 optimae
2370 2112 2478 2153 vitae
2499 2110 2734 2163 analogiam
2748 2142 2760 2162 ‚

1663 2197 1851 2240 congrue
1868 2185 2166 2239 subiungitur:
2188 2184 2309 2225 funes
2327 2181 2570 2225 ceciderunt
2592 2180 2698 2222 mihi
2721 2180 2767 2221 in

1663 2258 1908 2314 praeclaris.
1943 2256 2194 2312 Symbolum
2213 2258 2352 2296 autem
2365 2264 2602 2309 *mensurae
2623 2256 2666 2295 et
2686 2252 2764 2293 he-

1663 2328 1854 2370 reditatis
1886 2331 1948 2369 est
1969 2325 2205 2368 funiculus:
2230 2326 2391 2379 quippe
2412 2324 2538 2365 etiam
2563 2323 2606 2364 in
2629 2326 2765 2364 mate-

1664 2400 1781 2442 rialis
1811 2404 1949 2441 terrae
1965 2428 1977 2451 ‚
2010 2397 2065 2439 ad
2088 2409 2215 2451 quam
2234 2395 2467 2438 introducti
2497 2408 2522 2436 a
2542 2395 2638 2436 Iesu
2660 2395 2768 2436 Navi

1664 2470 1755 2513 filio
1784 2469 1967 2512 Hebraei
1992 2469 2165 2510 fuerunt
2184 2498 2196 2520 ‚
2230 2467 2436 2509 divisione
2468 2478 2594 2520 saepe
2619 2465 2666 2507 id
2690 2477 2767 2506 vo-

1665 2543 1866 2597 cabulum
1888 2542 2096 2596 scriptum
2118 2545 2202 2583 est:
2229 2539 2380 2581 cecidit
2401 2538 2617 2581 funiculus
2637 2537 2769 2579 tribui

1664 2614 1819 2668 Iudae,
1840 2614 1905 2656 vel
1924 2613 2088 2656 Rubeni
2104 2645 2116 2662 ‚
2137 2611 2207 2653 vel
2222 2611 2394 2654 alterius
2415 2609 2638 2652 cuiuslibet
2657 2608 2771 2650 duo·-

1666 2686 1804 2729 decim
1822 2684 2012 2727 tribuum
2030 2715 2042 2737 ,
2066 2683 2120 2725 ad
2144 2682 2392 2725 orientalem
2419 2681 2638 2735 regionem
2653 2711 2664 2731 ‚
2690 2691 2771 2734 pu-

1666 2761 1736 2811 ta,
1772 2761 1845 2799 aut
1875 2756 2092 2798 aliorsum.
2127 2754 2203 2796 His
2233 2753 2294 2795 ita
2325 2752 2568 2808 explicatis3
2594 2744 2679 2805 'qui
2712 2753 2770 2792 ait

1665 2828 1787 2870 funes
1810 2827 1917 2869 mihi
1947 2825 2194 2868 ceciderunt
2222 2824 2268 2866 in
2299 2823 2527 2879 praeclaris
2544 2853 2556 2875 ‚
2578 2821 2771 2877 ‘denotat

1665 2899 1783 2942 bona
1811 2899 1893 2954 ipsi
1923 2897 2151 2951 obtigisse3
2173 2896 2431 2951 praeclaram
2457 2894 2615 2936 scilicet
2643 2893 2770 2935 here-

1668 2970 1809 3012 ditatis
1839 2972 2003 3023 partem
2035 2968 2075 3009 ei
2104 2967 2257 3009 sortito
2293 2966 2494 3020 obtigisse
2511 2997 2523 3018 ‚
2552 2973 2681 3018 quam
2707 2963 2774 3004 his

1666 3040 1926 3097 spiritalibus
1941 3043 2254 3093 geometrarum
2272 3037 2468 3080 funiculis
2489 3036 2768 3078 demonstrat.

1668 3111 1923 3155 Huiusmodi
1940 3110 2178 3152 funiculum
2195 3109 2368 3163 angelus
2384 3121 2512 3160 manu
2531 3112 2680 3149 tenens
2700 3120 2776 3161 ap-

1668 3183 1810 3238 paruit
1837 3181 2059 3231 Zachariae
2088 3180 2350 3235 prophetae,
2385 3178 2442 3221 ol)
2474 3177 2774 3221 dimetiendam

1668 3253 1979 3308 longitudinem
1992 3252 2345 3306 latitudinem-qne
2359 3262 2483 3292 verae
2493 3248 2770 3291 Hierusalem.

1669 3329 1826 3369 Postea
1847 3325 2036 3368 additur.
2059 3326 2278 3379 «Namque
2301 3323 2517 3366 hereditas
2541 3334 2634 3364 mea
2652 3317 2776 3376 praess
2828 3338 2830 3345 ·

1671 3398 1786 3441 clara
1808 3402 1871 3453 est
1893 3398 2042 3439 mihi.»
2070 3397 2306 3451 Significat:
2329 3408 2429 3437 vere
2452 3394 2664 3436 hereditas
2682 3403 2775 3434 mea

1673 3473 1751 3512 est.
1785 3468 2025 3510 Secundum
2059 3468 2175 3510 hune
2216 3466 2500 3520 significatum
2534 3462 2777 3520 praeclarus

1674 3546 1766 3583 erat
1794 3539 2055 3595 Theophilus
2090 3539 2146 3582 ad
2181 3550 2310 3594 quem
2347 3539 2482 3580 Lucas
2520 3533 2777 3587 evangelista

1675 3611 1840 3654 scribit.
2766 3645 2768 3648 .

1742 3681 2034 3724 «Benedicam
2063 3681 2294 3723 Dominum
2325 3679 2400 3734 qui
2417 3676 2566 3720 tribuit
2587 3674 2720 3716 mihi'
2709 3686 2779 3715 in-

1693 3754 1987 3807 ›tellectum3
2020 3753 2194 3808 insuper
2215 3756 2258 3793 et
2278 3761 2411 3806 usque
2440 3747 2495 3789 ad
2524 3749 2694 3788 noctem
2717 3745 2780 3786 in-

1685 3845 1701 3863 »
1738 3830 1996 3881 crepuerunt
2026 3837 2094 3867 me
2125 3836 2248 3866 renes
2277 3821 2375 3864 mei.
2394 3839 2409 3856 u
2442 3817 2668 3861 Intellectu
2698 3815 2781 3858 do·-
